5859 6734
540 741 604 806 ata
1109 777 1133 786 ··
1167 739 1278 806 Piiit..
1296 739 1606 807 nistracitwia
1623 740 1898 806 nonnanes.
2033 785 2039 796 ·
2084 777 2088 800 ··
2472 745 2537 810 344

541 937 659 992 rueret
675 936 790 990 contra
811 925 1008 1000 mandatum,
1030 929 1075 987 ita
1096 939 1215 1008 postea
1236 945 1367 1008 semper
1387 928 1518 990 insidia·
1539 946 1543 1020 ι
1561 945 1621 1010 per
1642 927 1772 1002 accidit,
1794 937 1831 990 ut
1853 945 1925 988 cunr
1948 945 2003 988 res
2028 928 2134 988 honae
2149 923 2338 1006 patefactae
2353 943 2443 1004 sunt,
2467 944 2535 994 sta-

544 1023 681 1090 itisest
693 1007 878 1089 Ecclesiae,
901 1011 977 1073 odio
988 1009 1051 1073 Dei
1074 1013 1231 1092 pertraxit
1247 1011 1319 1074 iere
1342 1023 1446 1074 totum
1457 1023 1518 1096 ge·
1539 1033 1542 1110 q
1562 1014 1617 1075 tim
1653 1020 1831 1095 sequantur
1865 1007 2083 1090 corruptelae.
2128 1009 2174 1072 Ut
2200 1012 2231 1071 in
2260 1007 2380 1074 fabulis
2409 1015 2536 1096 dicuni,

544 1115 606 1159 nus
629 1094 803 1157 humanum
825 1095 868 1156 ari
890 1093 1115 1172 εἰδωλομονιιις.
1150 1096 1222 1159 Nec
1244 1096 1342 1159 desiit
1361 1098 1519 1179 grassari,
1539 1123 1542 1218 Ι
1561 1093 1743 1158 interfectis
1762 1117 1782 1158 a
1798 1095 1878 1158 love
1901 1096 2090 1179 gigantibus
2112 1105 2234 1156 terram
2256 1115 2297 1156 ex
2320 1117 2434 1160 eorum
2457 1121 2535 1162 san·

544 1191 721 1262 postquam
744 1179 770 1242 i*
773 1178 897 1240 hristus
920 1190 951 1240 et
974 1177 1127 1260 Apostoli
1159 1201 1274 1244 rursus
1296 1182 1517 1243 accenderant
1539 1223 1542 1264 Ι
1562 1182 1658 1264 gnirrc
1681 1178 1764 1242 alios
1817 1180 1946 1262 ignntes
1969 1181 2134 1260 genuisse,
2165 1179 2210 1240 ita
2234 1199 2274 1240 es
2298 1193 2442 1246 reterunr
2471 1185 2534 1247 So·

543 1263 654 1366 lpcenp
682 1261 863 1364 Evangelii.
908 1265 1022 1326 Statim
1052 1278 1168 1334 secuta
1195 1277 1273 1330 sunt
1300 1265 1415 1329 deliria
1435 1262 1518 1330 ntul-
1539 1269 1542 1300 '
1562 1263 1741 1346 phisturum
1763 1200 1907 1345 reliquiis
1930 1284 2051 1326 novnrn
2075 1282 2161 1323 nunc
2184 1283 2289 1346 genus¹
2307 1269 2463 1346 exoritur,
2487 1272 2534 1332 vi-

545 1360 557 1411 t
592 1345 668 1411 lrcra
695 1346 910 1412 fanatrcorum
936 1347 1112 1412 irorninunr.
1158 1347 1268 1421 Quare
1296 1351 1428 1413 nimiunr
1454 1351 1518 1412 sihi
1539 1309 1543 1396 l
1562 1346 1681 1412 delicet
1718 1350 1815 1409 nstnti
1858 1349 2006 1430 quidarn,
2049 1348 2102 1429 qui
2143 1349 2327 1411 servientes
2365 1363 2535 1431 potentum

545 1369 775 1512 thadamur,
797 1434 849 1515 qui
873 1435 1059 1514 posteriora
1080 1437 1230 1518 tempora
1252 1437 1413 1526 omnihus
1426 1455 1517 1497 erro·
1560 1432 1744 1496 adfectibus
1774 1433 1867 1494 novis
1891 1433 2078 1514 praestigiis
2101 1444 2261 1494 excusant
2283 1445 2415 1498 veteres
2438 1439 2534 1518 ritus,

543 1517 640 1582 ribus
668 1515 819 1618 liberant.
1561 1515 1723 1602 affingunt
1744 1513 1909 1580 molliores
1923 1528 1956 1581 et
1973 1513 2213 1599 plausibiliores
2234 1519 2534 1602 interpretationes,

631 1601 700 1664 Res
720 1621 793 1684 rpsa
814 1600 958 1684 loquitur
979 1603 1013 1664 in
1034 1600 1182 1666 Thomae
1204 1617 1238 1667 ct
1264 1601 1415 1667 similium
1437 1603 1517 1666 rixis
1560 1603 1620 1666 sed
1642 1605 1686 1666 ita
1709 1612 1744 1664 ut
1765 1621 1888 1664 nervos
1911 1603 2179 1683 superstitionum
2200 1605 2371 1668 retineant.

545 1687 728 1752 doctrinam
750 1687 792 1749 de
814 1687 935 1750 iustitia
957 1687 1034 1750 iidei
1054 1706 1122 1751 non
1143 1687 1253 1752 solum
1267 1691 1433 1765 omissam,
1456 1689 1517 1750 sed
1587 1719 1613 1736 ·-
1643 1687 1715 1750 llas
1738 1685 1872 1750 Sirenes
1895 1707 1960 1751 non
1983 1689 2089 1750 minus
2113 1699 2239 1764 metuo,
2267 1707 2365 1771 quam
2386 1692 2533 1771 priorem

543 1771 647 1874 etiam·
661 1790 800 1855 prorsus
822 1772 973 1834 obrutam
996 1791 1085 1836 esse.
1125 1773 1223 1844 Quod
1244 1777 1332 1857 apud
1352 1770 1429 1836 illos
1447 1775 1516 1836 dis-
1559 1771 1646 1837 illam
1682 1769 1920 1836 Monachorum
1955 1770 2184 1852 Sophisticam.
2239 1771 2323 1836 Narn
2355 1771 2420 1837 hae
2454 1786 2535 1840 sunt

543 1875 669 1958 oprmen
684 1857 894 1940 perspicuam
917 1867 1024 1935 extat,
1051 1869 1301 1940 praeceptorum
1324 1869 1358 1920 et
1380 1860 1516 1940 promis·
1559 1861 1738 1922 instructae
1760 1855 1875 1934 literis,
1897 1854 2019 1919 hahent
2041 1858 2133 1919 sudia
2155 1867 2324 1938 potentum
2347 1869 2379 1921 et
2401 1861 2534 1940 sapien-

543 1957 684 2030 ιιιοιιιιιιι,Ι
705 1941 807 2024 Legis
825 1952 859 2004 et
875 1939 1059 2025 Evangelii,
1081 1941 1516 2026 promissionum-legalium
1559 1956 1636 2020 tum,
1655 1943 1686 2004 in
1705 1962 1844 2025 qrronnn
1861 1943 1977 2004 animis
1995 1939 2130 2004 multum
2147 1938 2259 2005 valent
2274 1940 2339 2005 hue
2356 1945 2534 2024 speciosae

544 2037 578 2092 at
593 2027 839 2118 promissionis
867 2025 1060 2090 Gratuitaef
1103 2026 1219 2099 Qualis
1248 2027 1438 2091 camiiicina
1465 2041 1517 2091 est
1558 2030 1712 2092 rationes¹
1732 2039 1766 2089 et
1793 2032 2013 2104 πιθανολογίαι.
2057 2026 2100 2088 Ει
2127 2045 2200 2088 cum
2229 2045 2295 2090 non
2330 2029 2535 2092 adserrtimur

543 2111 694 2178 dochino
714 2111 978 2174 adversariorum
1006 2113 1048 2174 de
1068 2113 1289 2196 poenitentia?
1321 2114 1439 2176 rituum
1460 2113 1516 2177 ne-
1559 2116 1626 2190 eis,
1649 2113 1783 2176 dicimur
1813 2113 1956 2187 mor-osi,
1979 2107 2078 2187 fatui,
2100 2111 2253 2174 dirntmre
2271 2111 2313 2174 de
2334 2113 2457 2174 nostris
2475 2133 2534 2176 so·

543 2199 646 2282 stigia-
674 2206 804 2273 tenent,
837 2216 899 2260 nec
929 2209 1047 2260 norunt
1079 2199 1249 2282 originem.
1304 2193 1389 2260 illim
1423 2210 1517 2262 erant
1558 2199 1664 2274 mulis,
1686 2217 1752 2261 non
1775 2195 1898 2260 habere
1919 2197 2080 2259 rationem
2102 2192 2255 2276 publicae
2275 2193 2533 2280 tranquillitatis.

543 2281 705 2367 quaedam
741 2280 976 2344 homicidarum
1009 2293 1041 2346 et
1075 2282 1214 2348 aliorum
1240 2280 1441 2366 pollutorum
1474 2284 1517 2345 si·
1558 2285 1633 2348 Non
1656 2279 1755 2346 facila
1777 2292 1838 2356 est,
1862 2292 1918 2344 aut
1939 2277 2083 2343 refutare
2106 2276 2179 2342 illas
2193 2278 2359 2364 strophas,
2383 2294 2438 2344 aut
2452 2301 2534 2344 eon·

543 2385 628 2468 gna,
646 2376 689 2430 -ιιι
711 2365 858 2444 Orestis,
887 2367 1015 2450 Oedipi.
1059 2367 1110 2432 Ex
1131 2368 1197 2432 hao
1218 2365 1390 2452 disciplina
1411 2370 1516 2431 reteri
1559 2381 1706 2432 temnere
1728 2367 1887 2444 conuicia,
1910 2365 1974 2428 Sed
1999 2385 2072 2428 cunr
2094 2361 2265 2450 vigilantia·
2284 2385 2325 2428 ae
2339 2366 2533 2442 eruditione,

541 2447 687 2516 at-orvr'ii
707 2470 779 2515 mos
803 2461 897 2514 ortus
925 2463 976 2516 est
997 2451 1275 2531 satisfactionum,
1297 2455 1340 2516 de
1383 2473 1426 2514 uo
1448 2472 1517 2515 non
1559 2467 1627 2518 tum
1655 2471 1735 2516 vero
1763 2453 1860 2512 etiam
1892 2451 2033 2534 quadam
2062 2452 2283 2535 magnitudine
2316 2451 2412 2513 animi
2444 2467 2533 2532 opus

544 2533 713 2602 intellecto
735 2557 832 2620 quam
853 2533 964 2600 futiles
974 2539 1147 2620 opiniones
1164 2539 1330 2602 finxerunt
1377 2537 1517 2601 onachii
1560 2548 1612 2602 est
1640 2539 1672 2599 in
1699 2535 1764 2599 hoc
1792 2537 1979 2598 certamine.
2025 2533 2135 2605 Quare
2166 2555 2255 2598 nunc
2281 2537 2411 2619 quidem
2444 2531 2534 2598 hane

545 2622 645 2685 iidem
663 2623 775 2704 quanti
792 2622 1005 2684 aestimarunt
1020 2626 1222 2687 monasticas
1239 2625 1442 2687 ceremonias
1456 2622 1517 2686 ho·
1559 2623 1834 2688 Lueuhmttonarrr
1856 2619 1917 2702 piis
1931 2617 2147 2682 scholasticis
2165 2621 2330 2702 inscripsi,
2351 2633 2387 2682 ut
2399 2639 2458 2682 eos
2470 2621 2534 2682 ad·

543 2705 665 2770 minum
675 2725 788 2769 errore
801 2709 1018 2790 excogitatas.
1038 2706 1517 2790 Vinculumcoeiihatnsperni-
1560 2727 1727 2778 moneam,
1749 2716 1785 2768 ut
1807 2702 1896 2766 haee.
1912 2701 2253 2786 Ecclesiae-pericula
2274 2705 2533 2785 prospicientes,

544 2792 762 2878 closissimunr
773 2792 858 2854 adeo
870 2811 936 2854 non
947 2789 1070 2874 placuit
1080 2793 1264 2874 Apostolis,
1275 2804 1312 2855 ut
1321 2790 1447 2856 Paulus
1458 2793 1516 2856 do·
1561 2811 1599 2857 se
1621 2789 1808 2876 diligentius
1827 2789 2038 2864 ad·sinoerae
2055 2789 2227 2852 doctrinae
2245 2791 2534 2852 conservationem

543 2876 683 2962 ctrinmu
694 2873 949 2938 Daemoniorum
972 2878 1109 2940 vocarit.
1143 2877 1211 2941 lam
1232 2879 1306 2963 quis
1330 2879 1436 2940 nescit
1458 2897 1516 2940 no·
1558 2886 1765 2959 praeparent.
1962 2919 1965 2926 -
2009 2915 2012 2922 -
2256 2899 2258 2908 ·
2337 2869 2340 2880 '
2403 2881 2407 2900 ¹

544 2977 607 3023 raa
633 2978 690 3023 res
717 2961 750 3022 in
771 2959 927 3022 Ecclesia
948 2979 1041 3038 esse,
1095 2981 1157 3026 uas
1186 2973 1334 3027 vetustas
1362 2975 1516 3025 execrata
1646 2961 1832 3042 (iptandum
1854 2957 1990 3042 quidem·
2005 2969 2067 3034 est,
2093 2967 2128 3020 ut
2147 2956 2239 3020 Deus
2262 2959 2382 3019 excitet
2401 2952 2532 3039 aliquos

542 3039 673 3124 diisset,
693 3043 932 3130 adplicationes
951 3065 1076 3110 coenae
1119 3049 1217 3112 omini
1233 3068 1294 3132 pro
1311 3047 1396 3122 aliis,
1412 3045 1517 3109 Thea-
1560 3048 1668 3110 bonos
1691 3043 1874 3126 Principes,
1898 3039 2131 3126 quiEcclesiia
2143 3039 2325 3122 -hospitium
2334 3041 2533 3120 praebeant.

542 3135 646 3203 tricas
673 3151 750 3221 pom
773 3155 812 3200 as
841 3147 874 3200 et
903 3135 1116 3198 adorationes
1142 3135 1256 3215 panis,
1286 3133 1518 3196 invocationes
1560 3125 1615 3214 qui
1632 3149 1717 3194 rere
1740 3128 1850 3194 colant
1867 3127 1986 3204 Deum,-
2011 3122 2234 3214 ecEvarrgeitt
2255 3120 2363 3187 lucem
2383 3125 2534 3212 extingui

544 3225 704 3288 ditiorum.
767 3221 942 3305 umjigitur
963 3229 1093 3282 constet
1109 3218 1173 3281 hos
1195 3220 1407 3304 prodigiosos
1428 3233 1518 3280 erro-
1560 3211 1674 3280 nolint.
1718 3213 1787 3280 Sed
1816 3211 1965 3276 onmibus
1992 3213 2154 3275 aetatibus
2177 3206 2267 3274 tales
2294 3212 2360 3272 rari
2388 3206 2534 3274 fueruat.

543 3319 601 3394 'res
628 3304 732 3372 fuisse
753 3309 887 3391 ignotos
907 3307 1011 3369 veteri
1036 3301 1225 3380 Ecclesiae,
1252 3323 1320 3366 non
1350 3311 1519 3385 opponant
1559 3300 1613 3365 Ac
1623 3297 1731 3382 'saepe
1753 3297 1955 3362 cohorresco
1978 3306 2048 3360 toto
2071 3315 2231 3378 corpore,=
2247 3295 2288 3358 de
2305 3294 2456 3375 impar-iis
2478 3313 2535 3357 oo·

543 3393 872 3458 nohis-autoritatem
892 3409 992 3453 verae
1002 3387 1185 3467 Ecclesiae,
1207 3407 1292 3472 qaae
1309 3406 1372 3450 nec
1386 3389 1518 3470 probat,
1561 3389 1682 3472 gitans,
1705 3402 1779 3448 eum
1796 3385 1829 3444 in
1851 3378 1908 3444 iilo
1930 3401 2056 3444 summo
2080 3379 2167 3456 loca,
2190 3384 2224 3444 in
2247 3399 2313 3462 quo
2334 3377 2448 3442 lucere
2465 3397 2534 3441 ma·

545 3485 651 3542 nee'a
676 3477 787 3541 noscit
807 3475 871 3540 ha's
890 3473 996 3538 labes.
1559 3472 1645 3534 xime
1666 3471 1780 3533 notitia
1801 3465 1876 3545 Dei,
1900 3464 2078 3546 Sapientia,
2100 3464 2236 3541 lustitia,
2259 3475 2293 3526 et
2315 3472 2447 3527 ceterae
2467 3464 2534 3525 vir-

565 3581 582 3606 ··
606 3579 616 3586 ··
650 3579 758 3646 ¹erurn
785 3562 862 3646 quid
888 3558 972 3623 haec
999 3560 1149 3641 disputo,
1174 3567 1374 3704 praetexunt
1401 3554 1518 3620 Eccle·
1560 3567 1655 3618 tutes-
1669 3553 1862 3630 natabant,
1876 3550 1968 3626 (ideo
1992 3553 2076 3613 enim
2106 3551 2309 3635 gubernator
2335 3550 2420 3610 inra'
2464 3543 2534 3607 Dei

545 3649 617 3712 siae
637 3665 758 3712 nomen
781 3646 960 3710 erroribus.
992 3645 1078 3708 Nrnrr
1099 3643 1173 3706 iria
1200 3661 1302 3727 egare
1324 3643 1419 3704 etiarn
1438 3651 1518 3722 pos-
1560 3641 1692 3720 ιιιοιιιιι)
1714 3638 1855 3700 maxime
1879 3636 2026 3720 grassari
2043 3637 2141 3701 rideo
2170 3631 2301 3696 hostem
2324 3631 2386 3694 Dei
2441 3631 2533 3694 iabo-

546 3742 625 3800 aunt
657 3733 699 3796 ad
730 3730 952 3798 excusandam
981 3731 1153 3791 immanem
1186 3727 1379 3800 saevitiami
1421 3725 1518 3796 Quod
1559 3721 1643 3787 lum.¹
1681 3721 1762 3786 cam
1784 3722 1884 3805 igitur
1914 3722 2010 3800 pauci
2032 3715 2150 3782 fuerint
2178 3719 2257 3781 boni
2280 3715 2467 3798 Principes,
2497 3726 2532 3776 et

545 3815 744 3882 hio-habent
764 3818 887 3881 veteris
908 3811 1084 3876 Ecclesiae
1104 3808 1309 3892 exemplum?
1351 3807 1420 3872 Fac
1436 3807 1518 3870 Gre-
1559 3809 1645 3870 inter
1676 3809 1784 3868 banos
1812 3802 1961 3886 plerique
1988 3801 2124 3880 iniimri,
2154 3807 2209 3872 ,και
2235 3801 2441 3883 ιιιμειάρολοι,
2474 3817 2532 3860 res

571 3903 675 3964 orium
696 3903 860 3982 probasse
870 3897 993 3982 Legeur
1015 3898 1058 3959 de
1079 3892 1257 3971 coelibatu,
1290 3895 1376 3957 Narn
1398 3911 1518 3955 censes
1561 3890 1704 3955 ostendit
1726 3885 1910 3952 Ecclesium
1933 3887 2009 3950 iride
2027 3907 2136 3972 usqae
2162 3889 2205 3951 ab
2227 3889 2318 3950 initio
2339 3887 2444 3968 magis
2467 3884 2532 3964 pri-

545 3925 644 4050 hrme·
663 3985 759 4048 etiam
786 3981 849 4046 has
878 3993 1031 4044 recentes
1048 3979 1157 4066 Leges
1187 3979 1350 4064 sanguine
1373 3979 1517 4058 scriptas
1560 3984 1709 4039 vatorum
1743 3970 1910 4058 diligentia
1943 3985 2175 4056 propagatam,
2215 3983 2249 4034 et
2279 3981 2407 4033 auctam
2441 3983 2532 4044 esse,

544 4071 759 4154 probaturum
778 4065 906 4130 fuisse?
940 4083 1025 4149 quae
1046 4067 1157 4129 iubent
1177 4061 1317 4126 interfici
1338 4063 1438 4146 piurn,
1461 4062 1518 4123 do·
1560 4079 1657 4207 quam
1690 4057 1834 4142 Regumss
1851 4077 1892 4120 ae
1917 4057 2108 4140 Principum
2141 4053 2286 4120 consiliis
2325 4065 2356 4114 et
2397 4052 2530 4114 virtute.

546 4167 647 4236 ctum,
669 4163 702 4216 et
723 4154 929 4234 innocentem
952 4149 1180 4226 Sacerdotem,
1201 4149 1231 4210 si
1242 4139 1329 4211 'nolit
1344 4148 1518 4231 coniugem
1593 4141 1745 4218 hraham,
1768 4143 1872 4216 isaac,
1894 4141 2231 4226 iacob-vagabantur
2252 4149 2288 4204 ut
2308 4155 2465 4214 errones,
2495 4146 2529 4199 et

543 4243 600 4324 pio
619 4233 759 4302 consilio
781 4236 911 4300 ductam
932 4237 1085 4299 abiicere.
1128 4233 1240 4315 Atque
1260 4230 1344 4294 haec
1366 4251 1439 4294 cum
1463 4249 1518 4294 co-
1561 4225 1738 4292 ooelestem
1765 4227 1945 4291 doctrinam
1976 4247 2049 4290 cum
2078 4223 2208 4288 familiis
2233 4225 2320 4299 suis,
2348 4233 2416 4284 tum
2446 4239 2528 4284 vero

545 4327 627 4412 gito,
650 4341 716 4386 non
738 4334 805 4386 tarn
827 4323 958 4386 irascor
978 4319 1141 4404 'l'yrarrnis
1164 4319 1264 4400 ipsis,
1287 4317 1342 4400 qui
1363 4327 1439 4379 sunt
1461 4337 1517 4379 au·
1538 4329 1541 4354 ¹
1561 4316 1656 4377 etiam
1679 4313 1796 4375 vicinis
1818 4309 1948 4394 populis
1971 4313 2206 4392 impertiebant.
2251 4308 2381 4370 interim
2409 4305 2529 4390 Regna

544 4405 777 4490 tores-homan
796 4405 1062 4490 parricidiorum,
1090 4421 1187 4486 quam
1209 4402 1316 4465 doctis
1330 4411 1376 4462 et
1397 4398 1517 4484 alioqui
1561 4401 1625 4462 duo
1647 4398 1797 4480 utrinqne
1831 4397 2035 4460 mediocriter
2058 4394 2238 4457 iloruerrmt
2259 4389 2472 4456 Chaldaicum
2495 4401 2529 4452 et

544 4495 742 4569 moderatis,
766 4494 821 4575 qui
849 4493 911 4554 etsi
932 4489 1020 4554 hanc
1042 4489 1251 4573 asperitatem
1276 4507 1342 4548 non
1364 4486 1517 4566 probant,
1560 4483 1778 4568 Aegyptium,
1809 4499 1893 4566 quae
1917 4479 1979 4544 hos
2001 4479 2066 4544 Dei
2086 4495 2269 4558 praecones
2292 4473 2370 4540 nihil
2396 4475 2528 4539 adiuva·

546 4591 657 4644 tamen
679 4597 742 4642 suo
765 4574 896 4640 silentio
919 4574 1130 4652 continuant,
1152 4582 1245 4635 etse
1267 4571 1422 4656 contagio
1443 4591 1517 4652 par·
1560 4571 1648 4632 bant.
1693 4565 1837 4628 Tandem
1861 4565 2030 4650 Aegyptio·
2046 4563 2130 4648 Regi
2152 4583 2173 4626 a
2194 4560 2312 4644 loseph
2337 4561 2454 4624 tradita
2476 4569 2529 4620 est

545 4665 732 4728 tiaidiorum
760 4659 920 4744 polluunt.
964 4659 1052 4736 llos,
1081 4659 1109 4720 si
1133 4655 1282 4738 opitulari
1311 4656 1517 4720 innocentiae
1560 4649 1716 4716 coelestis
1743 4652 1903 4713 doctrina.
1947 4649 2008 4712 llio
2035 4649 2159 4734 liegem
2188 4659 2362 4732 patronum
2383 4642 2528 4728 aliquan·

546 4768 609 4812 aua
631 4757 716 4810 voce
737 4767 804 4810 non
826 4744 969 4825 vellent,
993 4745 1132 4809 decebat
1154 4755 1262 4806 tamen
1284 4739 1400 4826 fugere
1422 4737 1516 4802 arrlas
1559 4740 1661 4820 tisper
1683 4737 1756 4818 pius
1780 4745 1893 4797 coetus
1915 4744 2032 4796 nactus
2049 4745 2110 4796 est.
2147 4733 2214 4796 Sed
2231 4729 2330 4814 paulo
2351 4741 2430 4812 post
2452 4747 2529 4790 suo-

546 4829 766 4919 Tyrannices.
821 4831 912 4894 llaec
946 4850 986 4895 eo
1019 4828 1285 4904 commemorari,
1318 4837 1355 4889 ut
1387 4833 1518 4888 constet
1559 4823 1715 4886 cedentes
1732 4819 1875 4965 Tpmnni
1896 4820 1990 4882 annis
2009 4814 2147 4899 amplius
2169 4819 2337 4902 octoginta
2361 4813 2529 4876 atrocissi-

546 4937 610 4983 noa
636 4937 702 4980 non
731 4918 932 4980 comminiscr
960 4935 1066 4978 novas
1089 4914 1279 4996 opiniones,
1307 4911 1368 4975 serl
1388 4909 1517 4973 -veteris
1560 4927 1643 4968 mam
1666 4905 1766 4968 crude
1779 4904 1887 4966 itatem
1910 4904 1942 4964 iu
1962 4902 2109 4986 hospites
2124 4900 2200 4964 illos
2220 4910 2449 4964 exercuerunt.
2481 4897 2530 4958 lta

546 5025 588 5070 ae
617 5003 760 5086 purioris
788 4999 960 5064 Ecclesiae
993 5019 1192 5063 consensum
1221 4998 1331 5081 sequi,
1362 4995 1394 5058 id
1428 4995 1516 5078 quod
1558 5002 1675 5073 postea
1698 4989 1759 5050 etsi
1782 4984 1879 5072 aliqui
1905 4990 1949 5070 pii
1973 4987 2082 5072 Reges
2112 4986 2202 5050 velut
2224 4984 2341 5048 stellae
2365 4979 2528 5046 t'rrlrerum

546 5087 633 5154 alias
656 5105 759 5168 saepe
780 5087 994 5150 ostendimus.
1557 5078 1589 5138 in
1613 5075 1702 5150 luda,
1725 5083 1830 5134 tamen
1854 5093 1954 5156 saepe
1976 5072 2159 5154 prophetae
2175 5083 2328 5134 reserant
2341 5063 2530 5130 Ecclesiam

632 5172 708 5235 Non
738 5191 872 5254 possum
900 5181 1008 5234 autem
1040 5167 1105 5231 hoc
1131 5166 1207 5231 loco
1241 5186 1308 5227 non
1344 5166 1386 5228 de
1406 5162 1516 5228 lorare
1558 5161 1588 5222 in
1613 5156 1714 5222 lsrael
1733 5177 1773 5221 ae
1797 5155 1893 5236 luda,
1923 5179 1995 5222 rnrm
2019 5168 2134 5222 essent
2154 5158 2291 5238 privati,
2320 5173 2362 5216 ac
2390 5153 2529 5238 regibus

590 5267 740 5340 rpetaum
761 5254 936 5320 Ecclesiae
963 5253 1080 5328 fatum,
1102 5264 1137 5315 nt
1156 5254 1202 5317 ita
1223 5251 1341 5314 dicam.
1418 5247 1516 5312 iaboli
1536 5231 1539 5326 l
1558 5243 1831 5346 pontificibusque
1853 5247 1957 5307 invisi.
1993 5243 2073 5306 (inm
2086 5243 2227 5305 ioannes
2238 5240 2387 5321 Baptista
2412 5253 2529 5300 nasce·

547 5277 735 5418 frhudibus,
765 5351 796 5403 et
823 5341 1027 5426 ingeniorum
1053 5336 1267 5400 humanorum
1294 5334 1442 5412 levitate,
1470 5334 1516 5394 in·
1537 5333 1663 5404 iretur,
1692 5327 1865 5410 pontriices
1888 5349 1927 5391 ac
1949 5328 2058 5410 Reges
2081 5337 2174 5389 crant
2201 5323 2304 5400 athei,
2333 5323 2428 5394 Quos
2451 5335 2531 5384 tunc

548 5429 748 5504 constantia,
772 5427 963 5502 ambitione,
984 5420 1172 5508 petulantia,
1190 5427 1355 5510 φιλονεικίᾳ
1375 5423 1414 5494 ¹⁰)
1433 5437 1516 5482 sern-
1537 5411 1540 5484 ἶ
1560 5413 1699 5475 habebat
1723 5411 1873 5476 Ecclesia
1897 5413 2159 5496 gubernatores?
2201 5421 2270 5474 tres
2302 5403 2528 5480 mulierculas,

548 5550 746 5560 -----
1538 5493 1700 5574 'Annene
1722 5495 1881 5574 Elisabet,
1903 5519 1942 5560 ac
1963 5495 2117 5572 rllnriam,
2144 5507 2176 5558 et
2198 5511 2379 5578 oppressos
2403 5489 2531 5576 Tyran-

550 5619 595 5683 ιι)
616 5615 787 5684 ariarate]
806 5617 842 5667 sic
858 5617 927 5666 recte
945 5613 987 5664 ιιι.
1007 5613 1060 5668 ιι.;
1077 5611 1121 5662 ιο.
1140 5611 1178 5661 ra.
1197 5601 1370 5672 φιλονειιιέια.
1538 5549 1635 5666 lnide
1658 5584 1747 5645 eires
1770 5580 1947 5666 pauculos,
1969 5581 2172 5656 Simeonem,
2204 5577 2400 5644 Zachariam
2422 5586 2455 5640 et
2479 5573 2531 5637 lo·
