5859 6734
954 676 1083 742 743

956 864 1141 927 mitat
1196 861 1365 941 [Ich.
1406 861 1467 938 1,
1511 859 1677 938 294:
1745 860 1869 925 Hic
1924 872 2027 925 est
2080 879 2297 946 agnus
2337 859 2497 939 Dei,
2562 863 2677 950 qui
2728 860 2899 928 tollit

956 960 1229 1030 peccata
1262 945 1515 1020 mundi;
1560 943 1658 1009 lta
1678 931 1925 1010 Paulus
1960 941 2101 1010 vult
2132 946 2327 1010 nobis
2364 946 2535 1009 hanc
2568 947 2899 1011 victimam

955 1048 1350 1115 proponere,
1395 1042 1460 1093 et
1494 1031 1690 1093 docet
1724 1041 1994 1112 propter
2022 1029 2197 1094 hunc
2232 1027 2436 1095 filium
2458 1029 2586 1094 Dei
2622 1031 2766 1094 dari
2796 1051 2899 1096 re-

892 1166 897 1172 .
956 1115 1336 1180 missionem
1379 1125 1445 1179 et
1490 1111 2105 1191 reconciliationem,
2148 1134 2283 1178 non
2316 1125 2590 1200 propter
2630 1126 2899 1180 nostras

953 1200 1253 1264 virtutes.

1126 1283 1349 1356 Quare
1393 1303 1543 1347 cum
1584 1284 1769 1360 dicit,
1824 1281 2259 1348 lustificamur
2301 1282 2470 1361 fide,
2513 1281 2658 1348 vult
2698 1296 2765 1349 te
2806 1286 2899 1350 in·

954 1370 1126 1432 tueri
1165 1365 1371 1432 filium
1411 1366 1540 1432 Dei
1584 1368 1925 1431 sedentem
1968 1368 2053 1430 ad
2096 1367 2397 1431 dextram
2438 1366 2696 1446 PatriS,
2758 1368 2899 1433 Me-

956 1451 1279 1517 diatorem
1304 1451 1829 1536 interpellantem
1854 1472 1978 1534 pro
2005 1452 2223 1529 nobie,
2269 1462 2335 1516 et
2358 1463 2675 1529 statuere,
2719 1455 2899 1538 quod

954 1537 1070 1610 tibi
1094 1536 1502 1637 remittantur
1519 1546 1821 1619 peccata,
1846 1537 2025 1620 quod
2047 1537 2284 1613 iustus,
2320 1536 2385 1638 id
2412 1547 2565 1639 est,·
2582 1548 2897 1622 acceptus

950 1633 1304 1789 ἷῑῐέἳῖᾛῑ
1343 1640 1469 1768 ἓξὲξ
1507 1632 1971 1769 ἓῖἑῗζῗᾞι
2002 1617 2897 1791 ῗὲῗὲἑθὲἐὲἓὲῒιίξίωέῑῖἐὲ

949 1799 1272 1854 monstret
1312 1788 1498 1853 illum
1530 1789 1959 1853 Mediatorem
2004 1801 2071 1854 et
2106 1791 2302 1854 nobis
2338 1786 2647 1874 applicet,
2692 1792 2894 1874 signi-

952 1871 1107 1938 ficat
1150 1873 1319 1936 fides
1362 1892 1499 1938 non
1542 1884 1791 1937 tantum
1824 1873 2143 1938 historiae
2183 1875 2513 1952 notitiam,
2566 1875 2689 1940 sed
2734 1877 2895 1940 fidu-

951 1957 1121 2023 ciam
1171 1959 1664 2023 misericordiae
1726 1959 2093 2041 promissae
2157 1969 2427 2043 propter
2482 1956 2688 2024 filium
2738 1959 2893 2023 Dei.

947 2040 1202 2126 Estque
1257 2062 1523 2127 semper
1579 2042 1746 2106 haec
1800 2043 2164 2127 propositio
2222 2041 2617 2109 correlative
2660 2041 2894 2108 intelli·

1036 2129 1193 2192 nda=
1236 2126 1397 2191 Fide
1442 2147 1671 2191 sumus
1718 2127 1902 2204 iusti,
1947 2127 2015 2190 id
2060 2139 2197 2205 est,
2240 2126 2479 2192 fiducia
2523 2130 2893 2194 misericor-

948 2145 1782 2362 {fawp'iteratcaehristum
1822 2231 2049 2276 sumus
2094 2214 2390 2293 accepti,
2446 2231 2580 2276 non
2621 2224 2893 2296 propter

948 2314 1075 2360 nos
1554 2339 1573 2358 .

947 2379 1190 2446 fiducia
1232 2378 1764 2462 apprehenditur.
1850 2379 2000 2445 Hoc
2054 2382 2192 2467 agit
2233 2378 2483 2446 Paulus
2498 2425 2518 2458 ,
2586 2393 2656 2448 ut
2710 2379 2892 2447 illum

945 2462 1377 2528 Mediatorem
1431 2476 1497 2530 et
1546 2485 1787 2550 agnum
1829 2466 2025 2530 nobis
2066 2477 2424 2550 proponat,
2489 2476 2556 2530 et
2612 2464 2893 2553 gloriam

944 2548 1229 2612 iustitiae
1286 2550 1478 2613 nobis
1536 2546 1872 2626 detrahat,
1938 2562 2007 2614 et
2056 2561 2336 2614 testetur
2388 2562 2662 2635 propter
2713 2551 2892 2616 hunc

944 2631 1448 2780 Pili-loipitiatorem
1490 2653 1617 2698 nos
1660 2634 1887 2718 recipi.
1950 2633 2140 2698 Hanc
2183 2654 2337 2697 esse
2369 2647 2653 2699 mentem
2676 2632 2886 2712 Pauli,

946 2737 989 2781 n

1660 2296 1831 2360 Nam
1882 2295 2049 2360 haec
2108 2298 2559 2361 misericordia
2600 2298 2732 2361 fide
2772 2318 2895 2364 seu

1150 2717 1419 2781 dubium
1461 2729 1601 2796 est,
1660 2726 1726 2781 et
1768 2720 2161 2782 sententiam
2216 2719 2425 2802 ipsam
2470 2738 2625 2784 esse
2666 2740 2891 2784 veram
2926 2776 2927 2780 ,

943 2812 1010 2866 et
1052 2813 1299 2866 certam
1341 2804 1408 2866 in
1448 2799 1781 2880 Ecclesia,
1820 2801 2423 2868 manifestissimum
2464 2814 2590 2868 est.
2654 2803 2890 2867 Faten·
2926 2800 2929 2875 J

941 2896 1051 2949 tur
1083 2885 1256 2950 enim
1299 2905 1531 2949 omnes
1554 2885 1805 2962 Sancti,
1850 2906 1951 2963 se,
1996 2889 2186 2950 etiam
2219 2908 2367 2951 cum
2399 2885 2646 2951 habent
2679 2906 2889 2952 novas

940 2970 1244 3048 virtutes,
1288 2982 1505 3034 tamen
1553 2990 1688 3034 non
1729 2981 2002 3055 propter
2043 2969 2167 3034 has
2211 2973 2516 3054 accipere
2558 2973 2889 3036 remissio·

940 3073 1091 3118 nem
1145 3066 1570 3138 peccatorum
1633 3066 1700 3119 et
1749 3053 2385 3133 reconciliationem,
2451 3056 2572 3118 sed
2621 3067 2891 3140 propter

950 3135 1153 3203 filium
1200 3138 1334 3203 Dei
1367 3139 1889 3222 propitiatorem.
1976 3138 2133 3203 Ideo
2177 3159 2459 3204 necesse
2502 3151 2608 3204 est
2651 3141 2750 3204 sic
2794 3142 2889 3204 in-

940 3234 966 3285 t
1057 3224 1073 3242 '
1126 3224 1142 3241 ⁶
1186 3221 1321 3286 hoc
1365 3224 1643 3288 dictum:
1704 3224 1864 3288 Fide
1909 3222 2227 3288 habemus
2272 3226 2756 3302 remissionem,
2822 3224 2891 3288 id

940 3319 1069 3386 est,
1193 3327 1232 3370 c
1276 3306 1541 3385 fiducia,
1582 3309 1758 3456 Ἡ
1783 3329 1908 3390 pro
1954 3320 2058 3371 ter
2088 3306 2293 3374 filium
2313 3307 2443 3373 Dei
2476 3310 2887 3390 recipiamur.

1108 3391 1238 3465 Qui
1283 3412 1447 3456 vero
1494 3412 1609 3455 rec
1741 3402 1854 3456 ant
1944 3393 2053 3457 uic
2098 3393 2525 3470 enarrationi,
2568 3393 2675 3456 his
2718 3393 2887 3457 haec

941 3477 1153 3542 oratio
1194 3494 1473 3558 prorsus
1516 3477 1729 3540 inanis
1766 3479 2021 3542 sonitus
2066 3489 2169 3541 est
2196 3487 2263 3541 et
2284 3475 2445 3542 nihil
2476 3475 2887 3563 significans,

939 3558 1279 3624 lustificati
1318 3559 1451 3624 fide
1492 3580 1723 3641 pacem
1766 3559 2108 3627 habemus.
2185 3560 2446 3627 Deinde
2490 3582 2615 3628 nec
2655 3560 2888 3627 intelli·

940 3657 1104 3731 gunt
1137 3645 1287 3730 ipsi,
1331 3642 1531 3728 quale
1574 3646 1661 3708 sit
1704 3657 2033 3728 certamen
2080 3647 2529 3711 conscientiae
2570 3646 2887 3710 luctantis

941 3751 1087 3793 cum
1144 3729 1505 3812 pavoribus
1552 3740 1618 3794 et
1662 3729 2098 3807 dubitatione,
2157 3751 2302 3792 cum
2347 3733 2611 3816 angitur
2656 3733 2739 3794 de
2782 3751 2887 3794 re-

940 3815 1248 3878 missione
1303 3827 1763 3895 peccatorum,
1808 3834 1932 3878 nec
1990 3826 2231 3876 norunt
2285 3834 2596 3895 pavoreS,
2655 3816 2767 3898 qui
2820 3818 2885 3878 in

937 3917 1097 3962 vera
1138 3899 1539 3980 poenitentia
1581 3899 1890 3961 existunt.
1898 3915 1937 3982 J,
1961 3897 2105 3960 Hos
2134 3899 2189 3960 si
2220 3900 2735 3975 considerarent,
2759 3901 2886 3962 sci-

937 3994 1086 4045 rent
1138 3992 1391 4044 mentes
1448 3978 1957 4064 perterresactas
2002 4000 2321 4064 quaerere
2364 3980 2885 4047 consolationem

942 4077 1129 4130 extra
1181 4084 1371 4141 sese,
1436 4077 1499 4128 et
1550 4065 1726 4130 hanc
1784 4062 2301 4130 consolationem
2358 4084 2513 4131 esse
2556 4064 2885 4145 fiduciam,

939 4170 1068 4234 qua
1126 4147 1436 4214 voluntas
1491 4151 1851 4233 acquiescit
1910 4151 1975 4213 in
2031 4152 2473 4234 promissione
2515 4152 2885 4214 misericor-

939 4237 1087 4300 diae
1163 4253 1285 4321 pro
1332 4245 1431 4296 ter
1492 4233 1923 4299 Mediatorem
2000 4235 2303 4302 donatae.
2414 4232 2885 4319 Complectitur

936 4329 1157 4385 autem
1212 4317 1255 4382 fi
1304 4319 1455 4384 ucia
1510 4321 2002 4384 misericordiae
2066 4332 2131 4384 et
2186 4321 2483 4384 notitiam
2536 4316 2882 4395 historiae;
2918 4353 2921 4379 2,

936 4405 1089 4489 quia
1130 4403 1298 4470 fides
1342 4405 1626 4470 intuetur
1654 4403 2010 4483 Christmn,
2052 4424 2245 4488 quem
2275 4406 2553 4491 agnosci
2596 4424 2883 4470 necesse

937 4499 1041 4554 est
1076 4509 1231 4554 esse
1266 4485 1467 4554 filium
1498 4491 1747 4554 aeterni
1769 4487 1923 4566 Dei,
1957 4508 2078 4572 pro
2111 4491 2305 4553 nobis
2340 4487 2745 4566 crucifixum,
2779 4510 2881 4554 re-

937 4576 1345 4651 suscitatum,
1392 4585 1521 4638 etc.
1599 4574 1852 4659 Estque
1892 4572 2243 4638 referenda
2285 4572 2561 4639 historia
2602 4575 2687 4640 ad
2727 4595 2881 4658 pro-

936 4658 1317 4722 missionem
1352 4679 1477 4722 seu
1518 4657 1843 4737 effectum,
1891 4659 1999 4743 qui
2036 4659 2102 4721 in
2144 4657 2272 4723 hoc
2314 4656 2591 4722 articulo
2635 4678 2879 4742 propo-

936 4743 1129 4818 nitur,
1174 4739 1500 4821 videlicet,
1545 4739 1767 4809 Credo
1794 4744 2246 4808 remissionem
2276 4754 2724 4825 peccatorum.
2771 4743 2878 4808 Ac

934 4845 1167 4890 rursus
1212 4825 1320 4890 hic
1365 4829 1511 4910 ipse
1553 4827 1871 4893 articulus
1914 4840 2173 4905 monet,
2231 4837 2305 4892 ut
2346 4826 2512 4892 fides
2557 4823 2877 4931 intelliga-

934 4921 1043 4974 tur
1084 4905 1346 4976 fiducia.
1432 4911 1601 4976 Nam
1642 4909 1773 4989 illi,
1876 4913 1943 4976 ui
1982 4932 2117 4986 non
2160 4909 2429 4976 confidit
2470 4912 2597 4976 sibi
2640 4913 2877 4978 renutti

933 5005 1248 5079 peccata,
1304 4994 1755 5099 haecoverba,

932 5099 1077 5144 mm
1091 5073 1399 5229 ffldrg
1414 5080 1763 5230 ifftgllgcmnli
1786 5167 2290 5250 propositionis:
2348 5164 2511 5231 Fide
2560 5163 2875 5230 iustifica-

930 5267 1104 5324 mur3
1165 5267 1344 5312 nunc
1402 5249 1773 5314 testimonia
1828 5249 2100 5328 addam,
2165 5251 2345 5334 quod
2396 5250 2564 5314 fides
2628 5250 2695 5314 in
2745 5248 2875 5314 hac

932 5332 1231 5434 doctrina
1273 5329 1617 5418 Evangelii
1668 5332 1992 5435 significet
2034 5332 2337 5399 fiduciam
2382 5334 2874 5398 misericordiae

928 5415 2124 5575 ”mmdssffl'iss‘ffossfflfflm
2164 5499 2456 5588 uagam,
2514 5520 2642 5566 ,ιω
2694 5498 2873 5566 ..uua

2218 674 2443 741 PmL.
2485 675 2693 742 MEL.
2734 675 3105 744 SCRIPTA
3145 676 3689 746 DOGMA‘HGA.

1866 4997 2028 5062 redo
2072 4997 2523 5062 remissionem
2565 5008 2877 5079 peccato-
2919 5046 2920 5076 2

4821 684 4950 751 744

2983 864 3216 932 volunt
3255 866 3532 953 intelligi
3563 868 3692 932 nisi
3714 868 4080 933 doctrinam
4100 888 4228 935 seu
4247 869 4548 955 Symboli
4570 868 4946 954 professio·

2989 970 3168 1030 nem,
3221 963 3296 1015 ut
3337 950 3542 1038 vulgo
3584 951 3848 1016 dicitur:
3896 953 4091 1018 Fides
4135 954 4419 1033 Nicena,
4461 975 4586 1039 pro
4631 957 4946 1024 doctrina

2985 1054 3107 1100 seu
3165 1037 3541 1122 dogmatum
3596 1034 4004 1102 collectione.
4093 1038 4232 1103 Sed
4277 1040 4558 1105 Graecis
4611 1039 4814 1124 plura
4853 1044 4944 1106 si-

3075 1119 3301 1186 ificare
3343 1123 3618 1185 verbum
3657 1123 3940 1199 πιστεῦω,
3989 1134 4270 1186 constat.
4335 1124 4481 1188 Nec
4523 1126 4798 1190 dubium
4841 1139 4946 1192 est

3047 1205 3314 1269 ebraica
3366 1204 3590 1289 phrasi
3647 1208 4023 1289 promiscue
4077 1229 4158 1271 us
4364 1211 4380 1226 ‘
4449 1211 4698 1288 verba,
4765 1231 4942 1296 quae

2982 1289 4298 1441 ffffififfigffidffizszffsxfftffae‘
4332 1291 4788 1443 i'JiZ‘LfftbfrZZ}
4807 1297 4938 1445 '122¹

2985 1468 3145 1543 gunt
3167 1458 3354 1523 Hose
3400 1397 3610 1537 [ᾖς-ΙΙΙ.
3653 1459 3738 1524 Et
3783 1462 3960 1544 quod
3987 1424 4491 1538 Paulus·!Rom.
4518 1462 4590 1542 9,
4608 1463 4739 1543 33.]
4765 1467 4930 1529 citat

2935 1585 2938 1633 1
2985 1579 3067 1622 ex
3109 1558 3319 1623 lesaia
3345 1564 3435 1639 ⁶⁰)
3483 1581 3560 1624 ca
3612 1561 3758 1626 .28.
3797 1567 3923 1636 [vs.
3953 1561 4109 1641 16.:]
4156 1562 4286 1635 Qui
4331 1566 4562 1642 credit,
4605 1584 4738 1630 non
4773 1587 4928 1631 con-

2983 1640 3324 1724 fundetur,
3408 1647 3476 1709 in
3627 1647 3893 1710 ebraica
3966 1644 4252 1712 lectione
4339 1661 4442 1713 est
4517 1649 4930 1718 Hamaemtn.

2986 1739 3317 1826 [1⁹22ssan
3357 1730 3611 1794 Eodem
3677 1733 3918 1809 verbo,
3991 1733 4168 1815 quod
4233 1733 4562 1819 significat
4631 1736 4932 1816 credere,

2980 1832 3549 1995 32:31111is6sinfespgtg3
3573 1831 3913 1995 fogd‘eoe
3954 1834 4170 1982 {gt-tart
4196 1831 4422 1982 ¹3¹3&
4465 1835 4812 1986 Hebiiziuzaa13
4813 1853 4934 1988 salut

3136 1937 3428 1979 ..v.
3553 1937 4553 1984 .=u1acr11eosuo.
4913 1971 4930 1987 .

2981 1999 3086 2065 78.
3155 2005 3283 2078 [νε.
3329 2001 3460 2078 22]
3530 2001 3661 2065 duo
3729 2021 4099 2088 synonyma
4168 2006 4682 2091 coniunguntur:
4765 2009 4934 2081 Quia

2979 2104 3113 2148 non
3165 2085 3579 2148 crediderunt
3626 2085 3772 2149 Deo
3824 2097 3890 2149 et
3933 2107 4068 2151 non
4120 2087 4355 2152 confisi
4404 2103 4558 2154 sunt
4595 2093 4665 2154 in
4702 2090 4933 2158 Salva-

2981 2180 3124 2232 tore
3169 2189 3314 2233 suo.
3418 2168 3522 2232 Ac
3567 2181 3721 2234 sunt
3764 2170 4113 2238 manifesta
4161 2171 4458 2258 exempla
4507 2177 4572 2239 in
4625 2196 4932 2244 sermone

2981 2253 3227 2318 Christi
3263 2252 3525 2349 [Matth.
3566 2253 3670 2332 15,
3707 2254 3875 2334 284:
3945 2255 4005 2316 0
4040 2256 4298 2337 mulier,
4333 2279 4441 2324 ma
4491 2280 4574 2324 na
4613 2273 4720 2326 est
4765 2261 4929 2328 fides

2978 2351 3108 2403 tua.
3199 2336 3359 2401 Item
3396 2338 3582 2414 [Luc.
3622 2340 3685 2416 7,
3721 2339 3889 2419 50.]ε
3959 2339 4156 2406 Fides
4205 2355 4317 2407 tua
4353 2281 4609 2410 salgvam
4647 2359 4715 2411 te
4749 2345 4927 2414 fecit.

2978 2425 3048 2487 ln
3083 2423 3190 2487 his
3227 2434 3292 2486 et
3329 2420 3648 2488 similibus
3684 2425 3877 2488 dictis
3916 2439 4173 2491 constat
4208 2426 4338 2492 fide
4360 2429 4746 2515 significare
4769 2431 4927 2499 fidu·

2980 2511 3163 2573 ciam.
3255 2507 3457 2593 Sequi
3493 2519 3710 2573 autem
3745 2508 4022 2574 Paulum
4057 2511 4328 2595 phrasin
4362 2512 4764 2581 Hebraicam
4797 2539 4928 2584 non

2980 2594 3242 2658 dubium
3277 2605 3396 2657 est.
3446 2591 3702 2658 Deinde
3736 2594 3985 2659 infinita
4020 2609 4367 2661 occurrent
4402 2601 4575 2684 apud
4623 2599 4928 2668 Graecos

2978 2699 3162 2742 exem
3207 2676 3300 2756 la,
3335 2678 3444 2741 ubi
3479 2678 4138 2765 umaomosimpliciter
4171 2681 4498 2768 significat
4536 2685 4824 2765 confido,
4857 2701 4926 2754 ut

2977 2765 3041 2826 in
3206 2763 3346 2847 gari
3403 2762 3736 2827 versiculo
3799 2763 4180 2850 Phocylidis
4235 2766 4557 2845 [Sentent.
4618 2791 4719 2836 vs·
4766 2771 4924 2854 9⁰.],

2978 2849 3110 2932 λαῷ
3140 2845 3224 2926 μὴ
3265 2854 3531 2924 πίστευε,
3575 2848 3940 2932 nonomen&
3971 2855 4127 2913 ἐστιν
4161 2846 4388 2932 ὅμιλος.
4456 2853 4542 2917 Et
4577 2856 4642 2919 in
4679 2856 4926 2943 Philip-

2928 2950 2929 2957 *
2975 2932 3122 3014 pica
3169 2940 3400 3014 quarta
3433 2928 3901 2996 Demosthenis
3954 2939 4041 3016 [p.
4082 2935 4225 2999 144.
4274 2938 4378 3000 ed.
4415 2936 4693 3022 Reiske]
4767 2941 4924 3006 ἀλλὰ

2977 3018 3031 3079 εἰ
3071 3015 3411 3096 συμμάχων
3455 3019 3648 3107 ἐννοίᾳ
3700 3019 3985 3097 πιστεύει,
4029 3025 4131 3082 καὶ
4175 3029 4293 3094 τοῖς
4335 3017 4548 3097 ’ὅπλοις
4581 3026 4792 3108 ἰσχύει.
4839 3027 4924 3091 Et

2976 3111 3209 3165 contra
3249 3099 3724 3165 Androtionem
3771 3107 3862 3186 [p.
3899 3102 4048 3167 601.
4097 3106 4199 3169 ed.
4235 3103 4538 3188 ReiskeJ,
4575 3114 4778 3197 σαυτῷ·
4815 3139 4916 3175 πι-

2975 3184 3213 3264 στεύεις,
3280 3184 3578 3248 confides
3632 3197 3698 3250 te
3752 3189 3919 3272 ipso.
4006 3187 4092 3253 Et
4139 3192 4313 3274 apud
4349 3192 4760 3260 Plutarchum
4809 3198 4910 3277 [in

2975 3271 3106 3334 vita
3143 3267 3411 3335 Solonis
3447 3293 3507 3334 c.
3544 3270 3679 3351 31.]
3738 3275 3982 3337 interro
4030 3287 4177 3340 atus
4214 3275 4450 3355 Solon,
4485 3299 4610 3364 qua
4641 3300 4716 3344 re
4753 3299 4912 3347 con-

2974 3354 3138 3419 fisus
3173 3356 3447 3418 auderet
3496 3375 3572 3419 se
3608 3376 3944 3440 opponere
4035 3361 4363 3438 isistrato,
4400 3365 4759 3446 respondit,
4793 3365 4917 3432 Se-

2971 3449 3185 3502 necta.
3244 3438 3317 3502 ln
3370 3437 3503 3502 hoc
3557 3438 3712 3504 loco
3762 3454 3861 3506 est
3896 3452 4012 3505 τίνι
4053 3446 4366 3511 πιστεύων.
4453 3447 4598 3512 Nec
4645 3447 4917 3517 difficile

2973 3535 3152 3588 esset
3179 3524 3270 3600 ⁵¹)
3320 3542 3624 3588 acervum
3675 3529 4192 3594 testimoniorum
4243 3529 4578 3616 colligere.
4665 3533 4915 3602 Tenea-

2970 3629 3117 3672 mus
3171 3626 3330 3693 ergo
3377 3610 3506 3673 vim
3541 3611 3730 3674 verbi
3763 3613 4055 3691 πιστεύω,
4115 3626 4180 3678 et
4215 3617 4503 3682 sciamus
4539 3619 4914 3705 significare

2973 3704 3354 3776 utrumque,
3402 3695 3731 3758 assentior
3766 3708 3830 3758 et
3865 3697 4148 3762 confido.
4239 3699 4518 3766 Graecis
4552 3726 4660 3768 ma
4711 3707 4772 3769 's
4807 3728 4913 3770 va·

2972 3787 3166 3862 gatur
3210 3775 3605 3842 vocabulum
3640 3787 3866 3853 πίστιςε
3915 3783 4051 3846 Sed
4093 3803 4217 3846 nos
4255 3789 4543 3851 sciamus
4579 3791 4646 3852 iit
4743 3789 4914 3856 ccle-

2960 3861 3070 3932 ,sia
3107 3859 3480 3943 significare
3514 3864 3968 3929 assensionem
4003 3866 4254 3932 firmam
4289 3881 4356 3933 et
4375 3870 4706 3953 fiduciam,
4743 3896 4912 3959 quae

3944 3949 4028 4014 Et
4075 3965 4385 4017 vera-est
4417 3955 4584 4020 haec
4621 3957 4910 4025 definitio

2970 4028 3183 4092 Fidei:
3253 4027 3448 4092 Fides
3485 4043 3586 4094 est
3619 4036 3926 4099 assentiri
3962 4039 4273 4101 universo
4310 4043 4518 4105 verbo
4551 4040 4680 4107 Dei
4713 4047 4904 4108 nobis

2971 3945 3164 4008 etiam
3205 3951 3572 4022 πεποίθησις
3607 3947 3860 4014 dicitur.

2927 4160 2928 4168 ,
2967 4115 3350 4196 propositO,
3396 4116 3693 4201 adeoque
3738 4131 3802 4182 et
3838 4123 4257 4204 promissioni
4295 4129 4622 4209 gratuitae
4657 4125 4906 4193 Recon-

2970 4195 3317 4262 ciliationis
3391 4200 3673 4265 donatae
3725 4217 3995 4288 propter
4050 4204 4382 4272 Christum
4449 4209 4907 4292 Mediatorem,

2969 4293 3201 4366 estque
3249 4282 3489 4348 fiducia
3533 4287 4023 4353 misericordiae
4058 4289 4184 4354 Dei
4234 4296 4604 4373 promissae
4637 4311 4913 4382 propter

2969 4363 3303 4430 Christum
3347 4365 3799 4435 Mediatorem.
3899 4373 4069 4437 Nam
4121 4375 4360 4441 fiducia
4420 4392 4521 4442 est
4567 4392 4788 4446 motus
4847 4384 4912 4447 in

2966 4449 3306 4516 voluntate
3339 4456 3727 4518 necessario
3765 4458 4173 4539 respondens
4197 4465 4593 4544 assensioni,
4625 4485 4750 4530 seu
4777 4488 4912 4553 quo

2967 4534 3275 4599 voluntas
3307 4537 3374 4599 in
3411 4535 3673 4601 Christo
3707 4543 4096 4624 acquiescit,
4132 4548 4309 4629 quod
4349 4568 4494 4613 cum
4531 4550 4635 4629 fit,
4671 4571 4911 4616 accen·

2966 4620 3138 4684 ditur
3172 4619 3419 4706 Spiritu
3451 4633 3684 4687 sancto
3732 4635 3796 4688 et
3830 4645 4004 4691 nova
4039 4626 4208 4706 luce,
4246 4643 4318 4695 ut
4349 4645 4586 4716 postea
4621 4637 4864 4702 dicam.

3131 4738 3644 4804 Usitatissimum
3681 4757 3787 4808 est
3807 4758 4024 4811 autem
4057 4757 4259 4812 πίστιν
4292 4773 4414 4834 pro
4454 4751 4639 4816 firma
4675 4774 4912 4820 assen-

2961 4825 3150 4889 ⁵¹⁰¹¹⁸
3184 4825 3436 4972 ‘m‘
3483 4825 4643 4994 *323⁰ss133”}¹1³›2⁸1}{⁰¹¹31⁰¹'¹‘⁰¹5¹52¹
4667 4860 4914 4990 13:³⁰3

2959 4921 3310 5076 3³82th
3367 4951 3594 5077 inquit.
3631 4996 3929 5064 homines
3965 5021 4096 5065 non
4121 4942 4663 5086 ’haberglabvmor
4695 5019 4912 5074 πίστιν

2959 5079 3044 5142 de
3085 5077 3234 5144 idea
3293 5076 3484 5156 boni,
3536 5082 3604 5144 id
3651 5096 3793 5161 est,
3839 5085 4142 5150 stabilem
4192 5092 4665 5158 assensionem.
4757 5093 4908 5161 Etsi

2959 5161 3130 5226 enim
3175 5159 3474 5228 homines
3517 5163 3886 5254 intelligunt
3918 5182 4138 5248 recta,
4182 5184 4399 5239 tamen
4433 5189 4706 5260 propter
4743 5200 4910 5245 con-

2956 5419 3049 5484 50)
3085 5418 3272 5485 lesan]
3311 5420 3455 5474 Edltt.
3491 5423 3536 5474 1.
3575 5425 3627 5476 a.
3663 5423 3840 5476 Esaia

2956 5521 3052 5584 51)
3089 5521 3252 5586 esset]
3293 5522 3442 5574 Editt.
3481 5523 3564 5572 22.
3603 5523 3686 5572 24.
3722 5524 3820 5580 28..
3855 5525 3975 5588 opp.
4015 5528 4058 5578 1.
4093 5528 4141 5575 2.
4179 5537 4260 5581 est
