5859 6734
926 671 963 770 ’.
1031 737 1034 742 ,
1109 710 1111 715 ·
1153 705 1264 773 run.
1286 706 1389 773 rma.
1411 705 1598 775 semera
1619 707 1895 776 nocnnrrcn.
2448 708 2540 775 roeo

748 893 810 959 DE
833 892 1054 962 EXEMPLlS
1074 892 1271 960 Paruum.
1540 906 1679 979 rentum,
1702 896 1887 960 concedant
1905 895 2002 959 etiam
2013 905 2090 959 ante
2101 897 2367 964 commixtionem
2378 899 2537 964 rescindi

1542 982 1831 1065 desponsationes.
1875 979 1918 1043 Et
1940 979 2136 1045 Ambrosius
2158 983 2192 1045 in
2224 980 2365 1049 historia
2393 983 2533 1049 Rebec-

608 1065 760 1131 Vidimus
788 1065 888 1130 etiam
909 1061 1042 1144 multos,
1063 1066 1119 1152 qui
1140 1067 1280 1131 usitatas
1301 1064 1396 1151 leges
1419 1086 1498 1131 con·
1542 1087 1602 1131 cae
1623 1064 1769 1149 postulat
1791 1084 1992 1131 consensum
2014 1077 2198 1149 parentum,
2220 1068 2318 1151 idque
2341 1071 2427 1134 dicit
2441 1070 2533 1134 adeo

522 1153 696 1218 dubiorum
721 1150 797 1217 ideo
819 1170 862 1216 ne
885 1146 1051 1234 ligehant,
1084 1153 1160 1237 quia
1179 1148 1336 1238 leguntur
1358 1152 1497 1216 dissimi·
1541 1151 1717 1215 honestum
1739 1162 1772 1215 et
1794 1161 1930 1214 naturae
1953 1164 2211 1216 consentaneum
2233 1172 2320 1233 esse,
2344 1167 2381 1219 ut
2397 1153 2534 1219 Poetae

522 1238 568 1303 lia
589 1249 737 1302 veterum
760 1172 911 1317 erremrha
931 1234 975 1308 de
1018 1232 1183 1321 olygamia
1215 1249 1247 1300 et
1271 1238 1312 1301 de
1335 1238 1497 1322 coniugiis
1542 1256 1673 1321 quoque
1694 1237 1781 1300 idern
1804 1237 1985 1314 docuerint,
2009 1247 2041 1300 et
2063 1237 2179 1301 recitat
2200 1257 2317 1304 versus
2341 1239 2531 1322 Euripidis,

522 1325 633 1403 iacob,
655 1323 711 1406 qui
728 1321 812 1387 duas
828 1339 966 1386 sorores
987 1256 1091 1385 luxit.
1133 1321 1209 1385 Non
1241 1334 1292 1385 est
1313 1334 1421 1386 autem
1444 1343 1499 1386 err·
1540 1324 1626 1405 apud
1661 1342 1757 1407 quem
1778 1322 1811 1384 in
1833 1320 2067 1386 Andromacha
2089 1327 2171 1401 [vss.
2195 1322 2258 1387 988
2285 1345 2336 1408 sq.
2362 1327 2418 1390 ed.
2445 1325 2531 1388 Bar·

523 1409 652 1494 amplis,
680 1406 741 1471 sed
767 1404 899 1493 legibus
927 1405 1146 1471 iudicandum.
1201 1406 1243 1470 Et
1265 1409 1298 1470 in
1321 1405 1383 1472 hae
1407 1419 1498 1471 tanta
1541 1416 1645 1487 nesi,
1679 1429 1753 1472 cum
1776 1406 1915 1470 Orestes
1947 1418 2073 1490 peteret
2096 1409 2295 1473 connubium
2317 1410 2529 1489 Hermionis,

522 1515 560 1559 re
595 1493 845 1560 considerentur
874 1502 1055 1575 praecepta
1086 1492 1205 1558 divina.
1272 1490 1497 1556 Certissimum
1541 1489 1624 1556 haec
1657 1511 1711 1555 res
1736 1493 1845 1571 ondet,
1868 1511 1938 1555 eam
1972 1511 2041 1555 rern
2074 1495 2240 1576 pertinere
2271 1496 2314 1559 ad
2348 1498 2529 1562 arbitrium

523 1592 576 1644 est
609 1578 718 1665 legem
751 1575 896 1660 coniugii
927 1577 1066 1659 primaru
1085 1577 1118 1641 iu
1141 1576 1300 1642 Paradiso
1323 1578 1369 1640 ita
1391 1578 1498 1642 sanci·
1541 1579 1653 1661 patris.
1730 1596 1827 1641 ersus
1850 1575 1882 1640 hi
1906 1589 1999 1641 sunt:

521 1678 589 1730 tam
610 1683 705 1741 esse,
738 1673 776 1727 ut
794 1670 920 1726 tsntrrm
943 1661 1039 1726 unius
1061 1663 1162 1727 maris
1186 1663 1334 1726 etunius
1357 1659 1498 1727 sentinae
1627 1662 1859 1745 Nopqarpoirer
1879 1665 2009 1744 μὲν-τῶν
2029 1665 2109 1744 ἐμῶν
2130 1664 2227 1752 πατὴρ
2248 1664 2319 1744 ἐμὸς

522 1750 709 1816 coniunctio
732 1755 826 1812 ossei
848 1746 1134 1828 [Genes02,24.]t
1162 1746 1267 1812 Erunt
1289 1748 1353 1811 duo
1371 1748 1404 1811 in
1427 1768 1499 1813 cer·
1628 1750 1788 1833 Μέριμναν
1804 1747 1967 1828 {irascere
1987 1748 2059 1829 ἐμὸν
2080 1757 2189 1834 κρίνειν
2209 1748 2290 1816 τάδε.

522 1856 596 1901 nem
618 1834 785 1918 unam,¹⁶)
808 1831 927 1909 idest,
947 1832 1213 1917 inseparabiliter
1234 1833 1344 1897 iuncti.
1542 1832 1614 1897 Nec
1635 1831 1819 1918 longiorem
1835 1834 2092 1917 disputationem
2113 1835 2212 1912 addo,
2235 1856 2310 1901 curn
2332 1846 2473 1901 constet
2494 1839 2525 1901 in

607 1919 680 1985 Etsi
710 1927 820 1984 autem
897 1925 972 1983 ntea
994 1917 1141 1982 Lamech
1175 1919 1330 1983 discessit
1362 1918 1403 1981 ab
1431 1915 1499 1981 hoc
1542 1916 1703 1984 Ecclesiis
1724 1916 1839 1984 harum
1860 1919 2030 2005 regionum
2051 1916 2118 1983 hoc
2147 1920 2292 1997 servari,
2318 1934 2358 1986 ut
2381 1941 2525 1986 consen·

523 2007 650 2084 ordine,
673 2013 805 2088 etpost
873 2003 984 2071 urium
1000 2001 1094 2068 Deus
1117 2006 1213 2068 etiam
1235 2006 1267 2066 in
1290 2019 1352 2066 suo
1374 2001 1499 2086 populo
1544 2023 1603 2068 sus
1625 2015 1798 2086 parentum
1819 2007 2004 2088 requiratur
2026 2014 2060 2069 et
2081 2005 2358 2087 desponsationes
2377 2008 2523 2071 iudicen-

520 2089 677 2158 toleravit
698 2108 791 2154 exem
813 2085 848 2152 ln
868 2086 1039 2152 disslndlia
1060 2090 1184 2173 primae
1206 2088 1415 2163 institutioni3
1436 2086 1499 2152 Ta·
1544 2099 1597 2153 tur
1629 2091 1739 2153 irritae
1771 2085 2013 2173 refragantibus
2042 2090 2247 2173 parentibus.
2291 2089 2362 2155 Sed
2385 2092 2430 2156 ad
2453 2090 2521 2156 olii·

522 2197 599 2242 men
620 2171 724 2240 Filius
743 2172 777 2238 D
829 2191 894 2237 nos
915 2173 959 2240 ed
980 2174 1117 2258 primam
1138 2175 1373 2238 institutionem
1397 2183 1499 2237 retra·
1545 2175 1630 2239 cium
1664 2175 1806 2238 iudicum
1837 2174 1979 2258 paninet
2011 2174 2242 2253 considerare,
2274 2176 2330 2241 ubi
2360 2189 2520 2259 parentes

420 2307 424 2312 -
522 2262 570 2328 hit
585 2263 619 2326 ln
641 2261 736 2324 niens
757 2257 875 2323 Matth.
900 2257 951 2322 19.
974 2261 1038 2338 [vs.
1060 2260 1122 2338 &li
1151 2260 1203 2323 Ab
1226 2259 1317 2322 initio
1338 2279 1404 2322 non
1428 2268 1500 2322 erat
1543 2256 1747 2342 probabilem
1781 2280 1935 2324 caussam
1967 2257 2110 2325 habeant
2132 2257 2339 2345 refragandi,
2376 2262 2432 2326 ubi
2455 2281 2521 2325 non

412 2397 415 2402 .
524 2349 584 2411 sic.
658 2352 759 2424 tt'vs.
781 2345 827 2423 5.]
850 2348 967 2425 repetit
985 2345 1122 2409 dietumz
1156 2344 1261 2408 Erunt
1284 2346 1349 2410 duo
1372 2345 1405 2408 in
1428 2364 1500 2408 car·
1543 2347 1586 2407 sit
1609 2340 1789 2426 probabilis
1813 2364 1945 2408 caussa.

522 2452 599 2499 nem
631 2452 740 2495 unam.
756 2432 798 2512 16)
842 2428 885 2492 Et
907 2427 1029 2494 Paulus
1061 2431 1165 2514 inquit
1197 2428 1243 2508 [l.
1278 2427 1355 2494 Cor.
1377 2430 1410 2507 7,
1432 2429 1500 2507 4.]r
1630 2429 1807 2494 Sciendum
1839 2441 1872 2494 et
1902 2427 1970 2497 huc
1998 2442 2066 2510 est,
2096 2439 2175 2513 post
2206 2430 2422 2496 concubitum
2454 2452 2521 2497 nou

523 2517 585 2581 Vir
616 2514 806 2579 nonhabet
829 2525 1028 2597 potestatem
1050 2515 1199 2598 corporis
1223 2515 1292 2591 sui,
1326 2515 1387 2578 sed
1414 2533 1500 2578 uxor
1542 2534 1645 2600 posse
1668 2514 1812 2578 rescindi
1834 2514 1987 2600 coniugia
2009 2517 2205 2580 auctoritate
2221 2528 2417 2617 parentum,
2470 2518 2523 2581 uia

524 2614 588 2666 etc.
613 2605 656 2684 ¹⁶)
1497 2659 1499 2663 .
1543 2620 1610 2664 non
1632 2600 1771 2663 estium
1793 2597 1941 2682 quaestio
1963 2596 2138 2664 defuturo
2161 2601 2330 2703 conmgio‚
2352 2604 2454 2665 etrio
2491 2615 2522 2665 ta

609 2684 789 2750 Praeterea
816 2686 858 2749 de
881 2685 1039 2771 gradihus
1062 2706 1138 2750 curn
1161 2696 1273 2749 extent
1294 2686 1358 2749 iarn
1380 2685 1413 2749 in
1435 2682 1499 2747 Le·
1543 2696 1596 2748 est
1618 2684 1799 2749 auctoritas
1821 2695 2004 2769 parentum,
2028 2705 2070 2749 ac
2084 2686 2127 2769 ¹⁷)
2150 2682 2244 2749 fieret
2265 2685 2387 2750 iniuria
2409 2688 2522 2754 deser-

524 2774 625 2837 vitico
657 2768 913 2856 prohibitiones,
946 2772 1175 2852 obtemperare
1196 2769 1249 2833 his
1271 2788 1414 2834 neeesse
1436 2779 1498 2833 est.
1543 2783 1596 2836 tae
1614 2765 1750 2833 mulieri.

523 2857 596 2923 Nec
618 2855 844 2940 quaerendum
866 2866 934 2931 est,
957 2857 1123 2939 quomodo
1146 2855 1327 2922 excusandi
1349 2856 1415 2918 sint
1436 2853 1499 2918 l’a·¹
1567 2935 1569 2940 Ι

523 2955 604 3020 tres,
638 2942 715 3026 quia
747 2943 855 3004 sancti
886 2958 954 3004 non
987 2949 1064 3004 sunt
1085 2942 1158 3004 sine
1179 2940 1285 3017 vitiis,
1318 2951 1351 3003 et
1383 2957 1499 3004 omnes
1611 2951 1613 2956 ’

525 3028 677 3093 omnibus
699 3025 902 3107 temporibus
925 3026 1082 3108 contagia
1104 3023 1265 3107 quaedam
1285 3022 1499 3089 habemusab

525 3113 693 3177 erroribus
737 3121 770 3175 et
814 3110 900 3173 vitiis
933 3111 1039 3174 nostri
1072 3110 1241 3192 temporis.
1296 3108 1381 3182 Quia
1418 3127 1500 3174 vero

523 3197 639 3263 Patres
661 3214 742 3260 vera
770 3193 979 3258 invocatione
1000 3191 1109 3258 Deum
1131 3190 1286 3258 colebant
1306 3196 1339 3259 in
1362 3195 1501 3281 agnitio·

523 3303 566 3347 ne
586 3278 817 3362 Redemptoris
841 3290 875 3342 et
897 3291 991 3344 erant
1013 3275 1130 3343 fideles
1153 3281 1311 3343 custodes
1332 3282 1502 3344 doctrinae

526 3380 558 3432 et
591 3363 798 3432 excellebant
830 3366 982 3429 omnibus
1014 3363 1189 3429 virtutibus
1218 3375 1251 3429 et
1280 3367 1399 3429 bonurn
1422 3385 1502 3430 eon·

525 3454 697 3518 scientiam
718 3448 840 3533 alioqui
861 3451 1056 3527 retinebant,
1078 3446 1164 3512 tales
1187 3451 1281 3513 naevi
1294 3452 1501 3535 tegebantur,

525 3540 579 3621 qui
600 3539 666 3612 iam
689 3547 782 3599 erant
804 3535 876 3598 eius
898 3536 1055 3618 temporis
1073 3553 1184 3598 mores
1206 3531 1338 3619 politici.
1774 3503 1880 3591 Prima
1908 3524 2017 3615 regulo
2045 3534 2092 3591 est
2119 3534 2285 3618 perpetua.

1811 2989 1874 3055 DE
1895 2989 2249 3058 CONDl'l'lilNlBUS.

1631 3159 1862 3226 Conditionum
1883 3160 1967 3226 aliae
1989 3173 2067 3226 sunt
2087 3160 2250 3227 honestae
2271 3172 2304 3226 et
2317 3164 2522 3247 pertinentes

1544 3246 1588 3310 ud
1620 3247 1834 3331 coniugium,
1858 3244 1943 3311 aliae
1973 3248 2170 3333 peregrinae
2198 3246 2276 3312 nihil
2314 3250 2522 3332 pertinentes

1543 3330 1587 3393 ad
1610 3333 1807 3416 coniugium,
1830 3330 1916 3396 aliae
1938 3343 2066 3416 turpes,
2086 3329 2173 3397 aliae
2193 3331 2433 3418 impossibiles.

847 3702 909 3767 DE
938 3701 1182 3770 CONSENSU.
1631 3701 1781 3769 Conditio
1810 3704 1951 3769 honesta
1984 3715 2016 3768 et
2041 3697 2210 3790 pertinens
2243 3706 2287 3770 ad
2321 3707 2520 3791 coniugium,

727 3801 730 3809 ’
1544 3788 1673 3854 adiecta
1698 3790 1730 3853 in
1781 3791 1873 3872 rinei}
1886 3790 1918 3854 io
1941 3800 2151 3870 contractus,
2184 3792 2214 3854 si
2240 3811 2307 3855 non
2338 3790 2437 3857 suerit
2464 3795 2519 3858 im·

610 3876 743 3945 Dictum
767 3876 873 3939 estin
897 3874 1102 3954 definitione,
1135 3875 1333 3962 Coniugium
1355 3894 1432 3940 esse
1454 3872 1501 3939 le·
1544 3870 1646 3959 pieta,
1668 3811 1821 3939 dissolvit
1843 3886 2061 3941 contractum.
2106 3873 2231 3948 Quales
2254 3888 2330 3941 sunt
2355 3877 2421 3942 hae
2445 3898 2518 3943 con·

524 3963 668 4048 gitimam
703 3957 954 4042 copulationem.
998 3960 1090 4024 llaec
1124 3963 1286 4024 restrictio
1310 3962 1408 4025 docet
1428 3980 1501 4044 per·
1546 3961 1702 4025 ditiones:
1726 3958 1763 4024 Si
1785 3971 1938 4044 parentes
1959 3960 2204 4037 consenserint3
2227 3960 2263 4025 Si
2286 3962 2350 4025 dos
2369 3962 2448 4027 mihi
2467 3965 2518 4027 da·

416 4058 419 4062 '
507 4067 681 4138 'sonarum
704 4045 892 4111 discrimina
914 4063 1007 4119 esse3
1038 4044 1118 4108 ltem
1141 4046 1269 4109 ordinat
1291 4064 1501 4110 consensum.
1546 4045 1633 4109 bitur
1654 4067 1714 4128 pro
1732 4046 1856 4109 nostris
1878 4042 2089 4111 lacrrltatibus
2113 4048 2325 4111 conveniens.
2360 4048 2430 4112 Sed
2449 4069 2516 4113 cum

610 4130 753 4195 Primum
781 4129 881 4213 igitur
908 4131 951 4194 sit
973 4148 1158 4194 consensus
1181 4149 1362 4214 expressus
1386 4132 1502 4213 sponsi
1546 4131 1693 4214 sequitur
1721 4132 1916 4195 concubitus
1945 4152 2012 4195 non
2040 4143 2210 4213 expectata
2239 4132 2440 4196 conditionis
2466 4134 2517 4197 im·

525 4230 557 4282 et
578 4237 743 4301 sponsae,
772 4225 808 4279 ut
829 4214 947 4300 regula
963 4233 1066 4298 saepe
1086 4217 1226 4298 repetita
1246 4216 1279 4280 in
1301 4217 1371 4281 iure
1393 4215 1502 4293 docet,
1545 4212 1707 4300 pletione,
1740 4236 1781 4279 ea
1810 4217 1997 4282 coniunctio
2026 4217 2187 4281 iudicatur
2215 4237 2293 4282 esse
2319 4220 2517 4304 coniugium,

526 4304 678 4387 coniugia
709 4311 821 4365 mutuo
855 4313 1021 4365 consensu
1039 4302 1153 4386 iungi.
1197 4299 1240 4365 Et
1272 4299 1401 4367 abhoc
1424 4321 1501 4366 con·
1545 4301 1623 4385 quia
1642 4319 1806 4384 personae
1829 4303 2062 4367 convenientes
2085 4302 2258 4368 discedunt
2279 4323 2300 4367 a
2319 4306 2516 4370 conditione

527 4406 629 4453 sensu
661 4388 771 4451 absint
794 4405 887 4450 error
908 4398 942 4450 et
964 4384 1129 4451 violentia.
1174 4385 1225 4451 Ac
1246 4399 1364 4473 postea
1387 4389 1429 4452 de
1449 4406 1501 4451 er·
2153 4440 2155 4444 a

526 4493 603 4537 rore
625 4474 743 4537 dicam.
786 4470 840 4537 De
861 4469 1017 4536 violentia
1039 4493 1119 4537 vero
1143 4474 1313 4539 sciendum
1334 4484 1404 4552 est,
1432 4493 1500 4537 non
1915 4494 1987 4563 Api,
2019 4496 2141 4580 mgupffl

526 4578 605 4623 esse
623 4577 834 4633 consensum,
857 4578 918 4620 nec
941 4559 1107 4644 coniugia,
1126 4579 1201 4622 cunr
1222 4578 1368 4641 persona
1391 4560 1423 4623 vi
1444 4578 1501 4624 co·
2063 4579 2069 4585 ·
2383 4617 2387 4624 .

550 4646 629 4722 tur,
665 4654 700 4705 ut
722 4644 890 4727 promittat
912 4644 1107 4728 coniugium.
1152 4642 1195 4707 Et
1215 4643 1280 4709 hac
1301 4645 1333 4707 in
1355 4663 1393 4708 re
1414 4643 1501 4708 acci·
1630 4641 1665 4708 Si
1689 4663 1769 4708 vero
1791 4654 1843 4708 est
1865 4641 2007 4708 conditio
2028 4644 2221 4729 peregrina,
2253 4664 2320 4709 non
2348 4647 2518 4730 pertinens

548 4741 607 4794 unt
629 4725 730 4794 multa
753 4729 860 4792 tristia
883 4740 1002 4793 errata.
1543 4729 1586 4792 ad
1609 4729 1815 4815 coniugium,
1836 4737 1887 4804 ut,
1908 4725 2037 4792 Ducam
2060 4740 2112 4806 te,
2135 4730 2163 4794 si
2186 4729 2315 4795 dederis
2340 4729 2420 4795 mihi
2443 4752 2518 4796 een·

1448 4885 1450 4890 ,
1543 4824 1611 4882 trun
1632 4835 1765 4893 aureos,
1789 4813 1845 4878 ubi
1866 4832 1933 4878 nou
1955 4811 2147 4899 intelligitur
2169 4814 2256 4880 dotis
2277 4816 2421 4893 meatim
2443 4814 2519 4882 talis

717 4898 776 4963 DE
799 4896 1035 4965 CONSENSU
1056 4896 1309 4964 PAREN'l'UM.
1447 4929 1449 4934 ·
1544 4901 1688 4965 conditio
1705 4896 1898 4983 intelligitur
1920 4918 1998 4964 esse
2021 4902 2129 4965 otiosa
2150 4911 2182 4963 et
2203 4901 2435 4985 pronuntiatur
2456 4922 2519 4987 pro

1545 4986 1708 5071 coniugio.
1752 4980 1841 5047 Talis
1864 4994 1915 5047 est
1938 4985 2098 5048 conditio:
2120 4985 2249 5050 Ducam
2271 4998 2315 5063 tc,
2337 4987 2366 5049 si
2391 4983 2521 5052 Caesar

614 5070 754 5134 Vetusta
774 5072 845 5134 iura
867 5072 912 5134 ita
933 5066 1312 5151 postulantconsensrun
1323 5069 1501 5136 Parentum
1542 5069 1662 5136 inferet
1683 5066 1805 5134 bellurn
1821 5067 1950 5134 Turcis.
1980 5068 2216 5136 Pronuntiatur
2237 5072 2333 5136 etiarn
2354 5090 2418 5155 pro
2442 5089 2521 5135 con·

526 5158 558 5221 in
581 5154 804 5241 sponsalibus,
826 5165 877 5231 ut,
902 5176 975 5219 cum
998 5171 1062 5219 non
1086 5156 1215 5220 accedit
1238 5173 1422 5220 consensus
1443 5175 1500 5238 pa·
1542 5154 1643 5240 iugio,
1666 5174 1740 5218 cum
1758 5153 1920 5219 adduntur
1941 5154 2147 5219 conditiones
2175 5166 2288 5241 turpes
2316 5166 2373 5222 aut
2396 5156 2522 5240 impos·

1543 5238 1670 5316 sibiles,
1691 5249 1744 5304 ut:
1778 5239 1814 5304 Si
1835 5240 1992 5304 invenero
2014 5251 2048 5304 te
2070 5241 2119 5304 vir
2143 5242 2239 5305 inem.
2284 5241 2378 5307 ltem:
2403 5240 2442 5306 Si
2465 5242 2523 5306 da·

1544 5325 1595 5388 bis
1617 5322 1693 5387 mihi
1715 5323 1917 5410 Byzantium.
1956 5325 2027 5391 Hae
2049 5262 2253 5392 comhtiones
2276 5340 2433 5412 tanquam
2455 5347 2524 5391 nou

526 5430 573 5495 tt)
591 5432 741 5551 mgnffi
756 5431 846 5494 unam]
857 5430 929 5493 corp.
946 5432 1024 5481 ,1-8.
1042 5435 1163 5494 utroque
1181 5430 1243 5484 loco
1262 5432 1310 5494 (τε
1327 5431 1457 5495 vulgati:
1475 5430 1516 5486 in·

527 5598 572 5666 18)
591 5603 639 5652 etc.
659 5602 739 5654 ebert
755 5612 775 5654 a
792 5602 865 5664 corp.
888 5601 970 5666 l-t,
989 5600 1049 5663 opp.
1071 5600 1093 5653 1.
1111 5600 1135 5648 2.
1546 5596 1590 5662 17)
1609 5597 1650 5662 rc]
1668 5598 1742 5663 corp.
1765 5600 1845 5662 1-8.‚
1864 5598 1924 5662 opp.
1946 5600 1966 5647 1.
1987 5600 2011 5648 2.
2029 5602 2057 5652 et
