5859 6734
872 694 897 758 ι.
914 693 1015 760 ιοοι
1036 650 1311 761 rnuoucmca
1333 690 1372 758 o.
1395 691 1608 760 succum
1627 691 1787 759 acuon
1807 693 1965 764 nurus

664 895 743 982 De
788 915 967 977 coena
1011 879 1314 996 Domini‚²⁰)
1448 901 1523 946 mae
1543 880 1645 946 totius
1666 875 1851 1026 hvmqlqhi,
1872 888 2022 980 quam-et
2043 875 2272 962 complectitur
2398 942 2401 947 ,

1449 967 1484 1030 in
1504 966 1586 1049 ipsis
1603 965 1726 1029 verbus.
1805 972 1898 1026 cest
1920 959 2005 1026 calrx
2026 983 2149 1027 novum
2169 972 2271 1026 testa·
2331 1008 2333 1013 .

625 1036 749 1128 Variae
779 1067 858 1122 sunt
885 1050 1125 1138 appellationes
1152 1048 1251 1114 huius
1280 1048 1400 1113 Sacra·
1449 1060 1606 1127 mentum,
1621 1048 1656 1112 id
1668 1057 1720 1113 est
1730 1048 1952 1112 testimonium
1961 1067 2070 1111 novae
2080 1047 2271 1130 promissio·

584 1149 700 1225 menti,
732 1143 794 1209 sed
818 1137 942 1206 Paulus
970 1147 1070 1202 vocat
1100 1153 1238 1199 coenam
1266 1133 1399 1197 domini.
1450 1137 1513 1199 nis.
1558 1132 1693 1199 Summa
1712 1130 1885 1217 Evangelii
1906 1150 1967 1194 seu
1986 1132 2215 1213 promissionis
2237 1131 2272 1193 in

584 1234 708 1298 Postea
724 1224 935 1313 appellarunt
945 1222 1104 1308 Synaxiu.
1126 1218 1402 1304 proptereaquod
1450 1218 1504 1282 his
1525 1218 1638 1283 verbis
1660 1227 1714 1280 est
1734 1215 1809 1281 llcc
1831 1227 1884 1281 est
1909 1236 2032 1300 corpus
2053 1235 2162 1280 meum
2183 1214 2273 1301 quod

585 1316 767 1384 communis
795 1330 901 1376 coena
936 1318 1026 1371 esset
1063 1325 1126 1369 con
1150 1303 1330 1388 rogationis
1368 1303 1402 1366 iu
1450 1322 1513 1387 pro
1531 1302 1627 1367 vohis
1649 1302 1799 1366 tradimur.
1838 1300 1971 1377 ltcm27)
1994 1300 2059 1373 Qui
2079 1319 2140 1384 pro
2161 1296 2272 1363 multis

585 1399 741 1468 ecclesia.
780 1392 999 1481 Appellarunt
1020 1402 1054 1455 ct
1073 1326 1305 1454 euoluristiuu
1325 1408 1402 1470 pro·
1451 1386 1677 1451 cil'undetur28
1723 1387 1758 1449 in
1789 1387 2017 1450 remissionem
2048 1395 2272 1470 peccatorum.

584 1499 658 1571 pter
683 1484 783 1547 finem
809 1482 886 1566 quia
918 1497 960 1542 ea
986 1477 1142 1551 coenan)
1174 1474 1324 1538 instituta
1351 1482 1403 1536 est
1451 1467 1647 1555 Principalis
1664 1471 1763 1555 igitur
1779 1468 1853 1535 linis
1871 1470 1969 1535 huius
1987 1470 2197 1536 ceremoniae
2209 1477 2273 1547 est,

585 1582 622 1635 ut
643 1570 688 1633 ibi
696 1571 741 1643 22)
774 1582 996 1651 agnoscamus
1014 1559 1209 1625 beneficium
1225 1556 1349 1622 Christi
1369 1566 1403 1620 ct
1450 1568 1489 1622 ut
1509 1566 1650 1620 testetur
1670 1556 1769 1621 nobis
1784 1555 1935 1620 exhiberi
1955 1575 2012 1619 res
2034 1557 2067 1619 in
2088 1551 2273 1640 Evangelio

586 1653 804 1735 accipiamus,
831 1660 1023 1732 etagamus
1044 1646 1169 1729 gratias
1189 1662 1251 1727 pro
1281 1643 1404 1707 donata
1451 1642 1646 1726 promissas,
1667 1636 1799 1705 scilicet
1813 1641 2043 1705 remissionem
2059 1649 2274 1724 peccatorum

587 1738 782 1801 remissione
791 1743 1004 1817 peccatorum
1013 1739 1150 1813 propter
1159 1738 1300 1792 mortem
1310 1724 1404 1791 chri-
1453 1739 1488 1791 et
1513 1725 1778 1790 iustificationem
1803 1735 1939 1810 propter
1961 1724 2137 1790 Christum.
2180 1723 2274 1788 Prin·

588 1824 641 1885 sti.
650 1825 695 1898 ²⁸)
730 1820 917 1884 Extiterunt
936 1825 1045 1878 autem
1067 1815 1109 1878 de
1128 1811 1193 1877 hac
1215 1812 1404 1877 ceremonia
1454 1809 1604 1895 cipalitcr
1626 1811 1713 1874 enim
1729 1806 1812 1874 illud
1829 1810 1950 1875 intueri
1972 1812 2142 1889 debemus,
2163 1830 2274 1875 sacra·

467 1925 472 1937 ·
587 1904 763 1970 horribiles
789 1901 1001 1986 quaestiones
1028 1896 1168 1975 multae,
1199 1897 1277 1960 'nude
1309 1906 1403 1959 ortae
1452 1905 1599 1984 mentum
1618 1914 1696 1959 csse
1718 1896 1849 1978 signum
1870 1897 2008 1979 gratiae,
2028 1894 2116 1959 hanc
2137 1915 2275 1960 coenam

588 1990 676 2074 quod
709 2000 805 2052 vetus
837 1983 1001 2050 ecclesiae
1034 1982 1239 2049 cousuetudo
1273 1981 1309 2044 in
1339 1979 1405 2043 hac
1453 1999 1532 2045 esse
1569 1981 1701 2064 signum
1734 1979 1813 2044 novi
1846 1982 2044 2045 testamenti.
2098 1978 2185 2052 Quid
2223 1988 2276 2043 est

588 2075 775 2138 ceremonia
798 2069 971 2136 tractanda
993 2070 1161 2153 antiquata
1188 2077 1251 2129 est.
1294 2063 1405 2129 Prima
1452 2075 1563 2130 autem
1579 2084 1704 2129 novum
1718 2073 1959 2131 testamentum
1988 2064 2086 2131 Certe
2098 2066 2276 2148 promissio

609 2158 736 2222 uaestio
748 2159 853 2240 estu)
876 2158 917 2221 de
934 2152 1205 2236 interpretatione
1214 2152 1404 2215 uerborum.
1454 2160 1507 2214 ast
1527 2150 1731 2214 remissionis
1753 2157 1967 2231 peccatorum
1988 2162 2021 2214 ct
2037 2147 2276 2214 reconciliatio·

586 2179 660 2306 aaa
688 2252 741 2306 est
767 2258 889 2322 corpus
916 2258 1040 2316 meum,
1072 2258 1116 2300 au
1137 2236 1181 2299 sit
1201 2234 1405 2319 metaphora,
1453 2235 1507 2298 nis
1528 2246 1665 2318 propter
1686 2233 1862 2299 Christum
1906 2232 2038 2300 Deinde
2064 2236 2114 2298 sic
2138 2234 2276 2319 prodest

587 2325 653 2390 hoc
676 2336 728 2390 est
744 2325 921 2397 Quaeritur
938 2324 979 2387 de
995 2320 1185 2405 praesentia
1204 2340 1248 2384 an
1269 2330 1303 2383 et
1324 2339 1405 2404 quo·
1453 2319 1539 2383 haec
1560 2321 1764 2398 ceremonia,
1785 2339 1860 2384 curn
1880 2318 1981 2385 fidem
2001 2321 2169 2398 addimus,
2190 2317 2276 2383 scili·

587 2410 686 2475 modo
720 2427 841 2492 corpus
872 2405 995 2471 Christi
1027 2407 1124 2470 adsit.
1167 2403 1296 2469 Deinde
1328 2412 1407 2471 sunt
1455 2413 1510 2468 cet
1529 2423 1597 2488 qua
1618 2405 1782 2469 credimus
1804 2406 1972 2489 promissa
1992 2406 2058 2470 iste
2078 2406 2177 2469 nobis
2198 2422 2277 2468 oon·

588 2492 673 2558 aliae
690 2494 902 2578 quaestiones
919 2492 961 2555 de
977 2488 1093 2568 Missa,
1114 2508 1159 2553 an
1179 2491 1222 2553 sit
1242 2490 1407 2574 quaedam
1455 2490 1599 2573 tingere,
1633 2500 1666 2554 ct
1693 2487 1759 2554 hoc
1785 2489 2012 2572 spectaculum
2041 2488 2148 2555 oculis
2176 2500 2277 2578 atque

589 2575 713 2643 oblatio
730 2597 815 2662 quae
831 2573 1041 2660 peculiariter
1057 2575 1101 2638 ad
1118 2574 1312 2639 sacerdotes
1333 2593 1406 2657 per·
1455 2575 1565 2639 animo
1593 2575 1763 2654 obiicitur,
1790 2586 1828 2639 ut
1848 2593 1911 2638 nos
1933 2576 1977 2640 ad
1998 2577 2199 2641 credendam
2220 2578 2277 2642 ad·

587 2665 700 2739 tineat,
721 2662 867 2726 Anvero
879 2660 1071 2724 sacerdotes
1085 2658 1230 2723 habeant
1240 2659 1406 2743 quoddam
1454 2671 1588 2723 moneat
1626 2671 1659 2724 et
1703 2658 1789 2724 fides
1830 2661 1885 2724 in*
1927 2663 2025 2726 nobis
2065 2663 2275 2727 exuscitetur.
2311 2685 2352 2744 m,
2369 2683 2395 2734 ι).
2427 2692 2433 2701 ·

589 2758 716 2811 tantum
736 2746 948 2811 ministerium
968 2744 1159 2828 porrigendi
1174 2744 1243 2807 ‘sihi
1265 2754 1299 2808 at
1319 2741 1405 2807 aliis·
1455 2741 1607 2808 Christrrs
1628 2745 1715 2808 enim
1735 2754 1876 2811 testatur
1896 2746 1940 2809 ad
1957 2765 2020 2810 nos
2037 2749 2202 2829 pertinere
2219 2748 2275 2812 ba·

589 2831 643 2894 hu
666 2850 751 2914 opus
774 2830 958 2895 sacerdotis
981 2828 1110 2894 differat
1130 2829 1173 2892 ab
1196 2847 1297 2912 opere
1318 2826 1406 2904 laici,
1454 2826 1608 2893 nelicium
1634 2848 1746 2907 suum,
1775 2850 1850 2893 cum
1871 2831 1969 2894 nobis
1990 2833 2131 2915 impertit
2153 2851 2275 2916 corpus

589 2918 635 2981 ita
661 2926 699 2980 ut
724 2917 767 2979 sit
792 2914 990 2979 sacrificium
1017 2913 1107 3000 quod
1135 2932 1276 2978 necesse
1302 2915 1346 2977 sit
1372 2913 1407 2976 in
1454 2933 1562 2991 suum,
1584 2922 1618 2977 et
1634 2932 1698 2978 nos
1714 2912 1779 2979 sibi
1795 2915 1943 3000 adiungit
1954 2927 2110 3001 tanquam
2121 2918 2279 2995 membra,

590 3000 735 3065 ecclesia
763 3001 918 3064 existere.
961 2998 1016 3061 An
1040 3016 1182 3062 neccsse
1209 3000 1252 3062 sit
1279 2996 1407 3062 sacrifi·
1455 3016 1522 3082 qua
1538 3017 1606 3061 non
1622 3008 1735 3081 potest
1755 2996 1821 3065 alia
1838 3003 2028 3064 coniunctio
2047 3003 2184 3086 cogitari
2200 3021 2277 3085 pro·

589 3087 673 3151 ciuur
688 3086 777 3150 istud
788 3083 948 3168 applicari
957 3086 1003 3159 26)
1048 3081 1406 3148 roaliisadremissio·
1476 3083 1538 3145 ior.
1581 3080 1737 3148 Testatur
1757 3084 1836 3149 item
1860 3104 1899 3148 se
1925 3086 1960 3149 in
1986 3086 2084 3150 nobis
2107 3082 2278 3150 efficacem

588 3189 664 3234 nem
683 3179 906 3253 peccatorum.
941 3165 997 3231 An
1017 3104 1075 3232 tlh
1096 3165 1273 3250 applicatio
1296 3165 1407 3232 valcat
1454 3103 1545 3244 lore,
1568 3167 1646 3249 quia
1665 3170 1738 3251 ipse
1760 3181 1812 3232 est
1833 3169 1916 3247 vita,
1937 3168 2006 3233 Dat
2027 3171 2221 3254 sanguinem
2241 3180 2279 3233 ut

589 3275 631 3320 ex
653 3273 755 3338 opere
777 3263 914 3337 operato
936 3261 974 3314 ut
994 3261 1126 3315 vocant
1148 3270 1192 3314 au
1212 3249 1323 3316 ualeat
1343 3270 1407 3334 pro
1455 3259 1598 3313 testetur
1618 3269 1656 3315 se
1677 3271 1741 3315 nos
1763 3251 1911 3317 abluere.
1955 3251 2048 3317 llaec
2071 3274 2145 3318 cum
2166 3255 2199 3317 in
2221 3251 2279 3317 illa

588 3341 673 3404 vivis
701 3349 736 3403 ct
761 3338 901 3402 mortuis
928 3335 972 3398 ad
996 3335 1224 3398 remissionem
1250 3345 1407 3418 peccato·
1456 3334 1668 3398 sanctissima
1688 3354 1796 3401 coena
1811 3338 1884 3421 geri
1901 3338 2060 3418 videmus,
2082 3338 2166 3404 fides
2183 3360 2278 3406 acce·
2366 3362 2369 3367 ·

587 3444 670 3488 rum.
712 3421 787 3486 Hac
808 3430 886 3484 suut
929 3419 1120 3482 uaestioncs
1140 3421 1340 3501 praecipuae
1364 3419 1407 3482 de
1457 3419 1537 3483 dere
1570 3418 1680 3483 debet
1734 3419 1784 3485 lta
1813 3432 1955 3503 prosunt
1986 3426 2212 3504 ceremoniae,
2245 3437 2279 3491 et

588 3509 708 3590 quibus
734 3506 890 3568 iudicium
950 3500 1014 3564 cile
1041 3511 1133 3564 esset
1158 3502 1188 3565 si
1214 3521 1283 3565 non
1316 3512 1408 3567 esset
1457 3498 1718 3568 consolabuntur
1744 3515 1778 3569 et
1803 3504 2016 3573 vivificabunt
2043 3512 2276 3575 conscientias.

506 3648 513 3671 ‚
588 3587 714 3653 abolita
734 3589 857 3652 veteris
879 3582 1042 3649 ecclesiae
1062 3586 1298 3649 consuetude!
1342 3585 1408 3650 Re·
1456 3585 1569 3673 Atque
1589 3584 1645 3650 hic
1668 3608 1751 3655 rusus
1772 3592 1921 3672 privatus
1950 3603 2002 3658 est
2030 3604 2064 3659 et
2091 3596 2215 3680 pariter
2235 3597 2279 3660 ad

590 3674 704 3737 censui
725 3682 834 3735 autem
854 3668 917 3734 has
938 3669 1168 3754 quaestiones,
1189 3670 1266 3755 quia
1288 3669 1408 3755 plaeri-
1456 3671 1652 3737 sacerdotes
1680 3685 1714 3739 et
1740 3676 1784 3739 ad
1805 3673 1913 3741 laicos
1938 3680 2079 3761 pertinet
2108 3683 2195 3746 sicut
2222 3701 2278 3764 pa·

591 3776 654 3840 que
670 3759 704 3820 in
719 3756 786 3820 hoc
803 3756 938 3841 negotio
955 3751 1192 3819 tumultuantur
1207 3774 1282 3821 cum
1297 3759 1407 3820 nesci·
1457 3758 1537 3821 riter
1565 3757 1716 3843 utrisque
1743 3779 1827 3843 opus
1855 3772 1907 3825 est
1933 3766 2129 3829 remissione
2156 3785 2278 3848 pecca·

590 3852 649 3905 aut
671 3860 769 3924 quam
795 3843 909 3904 variae
934 3850 967 3902 et
993 3839 1158 3922 obscurae
1182 3840 1249 3905 sint
1273 3853 1407 3907 contro·
1457 3854 1567 3907 torum
1587 3852 1621 3905 et
1645 3842 1893 3924 consolatione,
1921 3848 1983 3912 sed
2004 3851 2198 3917 sacerdotes
2219 3853 2277 3915 mi·

590 3926 732 3990 versiae.
775 3924 882 3989 Porro
909 3942 973 3986 nos
999 3923 1042 3987 de
1062 3924 1169 3988 Missa
1191 3937 1223 3989 et
1244 3925 1408 3992 sacrificio
1457 3927 1553 3991 nistn'
1574 3940 1652 3992 sunt
1671 3925 1746 3993 aliis
1768 3928 1960 3996 exhibentes
1980 3946 2197 4001 sacramenta.
2225 3935 2277 3999 Ex

589 4005 689 4094 paulo
709 4019 786 4092 post
807 4009 926 4073 dicuni
947 4026 1072 4073 sarnus.
1114 4008 1212 4075 Nunc
1232 4011 1275 4075 de
1296 4031 1408 4077 sacra·
1456 4010 1511 4075 his
1539 4024 1678 4098 apparet
1708 4033 1848 4079 coenam
1877 4016 1998 4081 domiui
2026 4017 2277 4085 Sacramentum

590 4104 711 4170 mento,
722 4089 1191 4178 quodadomnesinecclesia
1199 4096 1353 4178 pertinet
1361 4100 1407 4174 π)
1457 4116 1554 4175 esse,
1599 4098 1655 4163 uia
1674 4108 1727 4164 est
1749 4100 1879 4184 signum
1900 4102 2046 4167 addimur
2066 4106 2276 4189 promissioni

590 4178 733 4243 Primum
760 4188 870 4242 autem
896 4177 939 4241 de
967 4195 1104 4261 genere.
1149 4177 1258 4263 Supra
1286 4181 1409 4246 dictum
1456 4118 1642 4267 Evanglelii·
1675 4182 1823 4267 Apparet
1841 4186 1918 4251 item
1935 4189 2008 4273 quis
2025 4190 2069 4252 sit
2084 4189 2276 4273 principalis

591 4272 643 4326 est
663 4272 904 4329 sacramentunn
926 4280 1004 4327 essa
1024 4262 1245 4329 ceremoniam
1264 4266 1409 4330 additam
1457 4264 1579 4331 linisct
1589 4268 1678 4350 quod
1688 4288 1755 4332 non
1765 4271 2039 4355 prositexoperc
2050 4286 2198 4357 operato,
2215 4275 2277 4338 sed

590 4348 799 4430 promissioni
815 4349 850 4412 in
870 4366 937 4430 qua
955 4348 1037 4411 deus
1055 4345 1180 4432 aliquid
1198 4349 1296 4415 nohis
1318 4348 1408 4414 exhi-
1457 4351 1602 4436 quadiu
1623 4370 1688 4417 usu
1708 4352 1793 4417 fides
1814 4354 1978 4421 accedere
1999 4356 2129 4421 debeat.
2165 4357 2276 4422 Adde-.-

590 4432 657 4496 bet.
700 4431 758 4495 Sic
784 4440 818 4495 et
843 4430 928 4496 haec
956 4451 1064 4497 coena
1082 4440 1135 4496 est
1155 4443 1407 4514 sacramentum,
1456 4455 1531 4501 mus
1548 4435 1646 4501 etiam
1666 4436 1709 4501 de
1729 4442 1981 4522 praeparatione
2002 4452 2037 4508 et
2057 4444 2112 4526 qui
2134 4444 2275 4527 digni²⁹)

591 4516 690 4581 dehet
716 4517 801 4580 enirn
822 4514 961 4604 intelligi
981 4517 1169 4582 ceremonia
1189 4518 1300 4585 addita
1320 4538 1408 4585 sum·
1457 4532 1597 4585 sinuant.
1614 4519 1782 4588 ‘Ecclesia
1803 4520 1882 4588 olim
1903 4528 2036 4591 arcebat
2057 4546 2079 4589 a
2100 4527 2276 4591 communi·

1457 4624 1523 4669 one
1554 4606 1717 4671 obnoxios
1747 4606 1931 4674 manifestis
1959 4611 2160 4676 criminibus.
2199 4611 2277 4695 quia

442 4735 487 4799 to)
511 4736 579 4788 naec
596 4736 723 4800 usmpuo
740 4739 767 4789 ιι
783 4738 831 4790 us·
848 4738 929 4791 reesa
1457 4689 1830 4840 hz‘gnzffmm'lmhssn
1857 4694 2178 4844 debenttqmtagtqnqt
2198 4715 2275 4800 ¹3⁰⁶·

443 4835 488 4898 ²¹)
509 4849 542 4889 ⁰¹
559 4837 651 4903 Μ’]
668 4838 758 4890 ΜΨ
774 4839 839 4890 '²⁸⁸⁶
856 4840 1000 4893 ⁴²¹⁸¹¹¹⁰¹¹¹⁸
1456 4795 2276 4947 qqmissionqsqlqreqwqrqlqtpqqouradcnqonstqnqqq

391 5016 393 5021 Ι
443 4937 487 5001 ²²)
512 4937 706 5002 necetque
724 4940 1013 5002 sequamurque
1032 4941 1160 4995 crema
1501 4962 1538 5007 rc
1564 4943 1662 5009 fidem
1686 4947 1808 5010 debent
1833 4948 1855 5011 ii
1904 4949 1936 5011 ui
1964 4946 2087 5012 habent
2112 4961 2274 5032 perterre

442 5038 488 5102 22)
512 5040 621 5092 illia
638 5039 711 5092 Editt
730 5039 787 5091 tere
805 5042 859 5093 tres
876 5042 987 5103 paginae
1005 5045 1065 5095 sunt
1081 5043 1193 5107 additae,
1211 5055 1244 5096 ex
1260 5045 1352 5108 quihus
1369 5048 1408 5098 tt·
1472 5040 1567 5094 actas
1596 5031 1838 5096 conscientias
1879 4968 1917 5097 lli
1943 5043 1995 5098 est
2021 5034 2119 5118 digna
2146 5052 2275 5099 samara

507 5119 569 5160 rnen
585 5109 659 5170 utura
675 5110 702 5161 tn
718 5109 763 5162 lta
779 5108 847 5162 intra
865 5108 953 5161 ordine
971 5109 1072 5164 diverso
1089 5112 1218 5174 teruntur.
1459 5134 1533 5179 cum
1553 5123 1690 5179 „tumm-
1708 5117 1731 5180 fi
1753 5116 1808 5203 quq
1828 5128 1931 5201 ,gum
1950 5119 2198 5201 pomonam,
2227 5128 2274 5183 eq,

443 5207 488 5270 22)
512 5207 564 5273 est]
581 5209 646 5262 lucc
661 5222 711 5263 vox
727 5211 754 5264 ln
769 5212 815 5264 lis.
833 5212 924 5275 postea
943 5210 1046 5264 dentum
1063 5212 1151 5265 addita
1168 5216 1216 5266 est
1635 5248 1638 5257 .
1932 5227 1936 5236 ·
2002 5242 2006 5249 .

443 5308 488 5373 tt)
514 5309 634 5363 licente
653 5309 807 5379 applicari
823 5306 903 5366 hahet
917 5313 1024 5365 verbum
1043 5310 1218 5378 sarnacum
1228 5318 1390 5379 expunctum.

443 5410 489 5472 ²⁶>
510 5412 1410 5547 sustuleru,sitiemustecuae
1459 5452 1506 5516 a
1532 5452 1690 5516 emetur]
1816 5453 1955 5507 ,m

509 5557 562 5598 uno
578 5547 741 5610 adscriptum.
1460 5553 1507 5617 22)
1531 5552 1613 5618 diunt]
1629 5554 1716 5609 liditt:
1733 5555 1812 5618 digne
1878 5584 1883 5593 ι

1459 5353 1506 5417 27)
1530 5350 1606 5416 item]
1617 5353 1690 5405 Edita
1705 5353 1803 5406 addunt
1814 5353 1892 5406 verba
1909 5354 1935 5407 ln
1945 5355 1990 5408 its.
2003 5356 2071 5407 nale
2089 5355 2199 5408 omissa:
2216 5355 2257 5406 hlc
2268 5356 2309 5407 est
2320 5355 2426 5416 musula
