<?xml version="1.0" encoding="UTF-8"?>
<!DOCTYPE html PUBLIC "-//W3C//DTD XHTML 1.0 Transitional//EN"
    "http://www.w3.org/TR/xhtml1/DTD/xhtml1-transitional.dtd">
<html xmlns="http://www.w3.org/1999/xhtml" xml:lang="en" lang="en">
 <head>
  <title>
</title>
<meta http-equiv="Content-Type" content="text/html;charset=utf-8" />
  <meta name='ocr-system' content='tesseract 3.04.00' />
  <meta name='ocr-capabilities' content='ocr_page ocr_carea ocr_par ocr_line ocrx_word'/>
</head>
<body>
  <div class='ocr_page' id='page_1' title='image "./philippimelanth08melagoog_0476.png"; bbox 0 0 5859 6734; ppageno 0'>
   <div class='ocr_carea' id='block_1_1' title="bbox 464 691 2481 774">
    <p class='ocr_par' dir='ltr' id='par_1_1' title="bbox 464 691 2481 774">
     <span class='ocr_line' id='line_1_1' title="bbox 464 691 2481 774; baseline 0.004 -14"><span class='ocrx_word' id='word_1_1' title='bbox 464 708 529 774; x_wconf 69' lang='grc'><strong>903</strong></span> <span class='ocrx_word' id='word_1_2' title='bbox 712 717 715 722; x_wconf 95' lang='grc'><strong><em>·</em></strong></span> <span class='ocrx_word' id='word_1_3' title='bbox 1089 694 1203 761; x_wconf 83' lang='lat' dir='ltr'><strong>PHIL.</strong></span> <span class='ocrx_word' id='word_1_4' title='bbox 1225 691 1539 760; x_wconf 73' lang='grc'><strong>1100000001</strong></span> <span class='ocrx_word' id='word_1_5' title='bbox 1562 691 1843 761; x_wconf 68' lang='lat' dir='ltr'><strong>coenatica</strong></span> <span class='ocrx_word' id='word_1_6' title='bbox 2415 699 2481 768; x_wconf 74' lang='lat' dir='ltr'><strong>ast</strong></span> 
     </span>
    </p>
   </div>
   <div class='ocr_carea' id='block_1_2' title="bbox 366 877 2480 5283">
    <p class='ocr_par' dir='ltr' id='par_1_2' title="bbox 366 877 2480 5283">
     <span class='ocr_line' id='line_1_2' title="bbox 464 877 2478 976; baseline -0.005 -18"><span class='ocrx_word' id='word_1_7' title='bbox 464 912 567 976; x_wconf 81' lang='lat' dir='ltr'><strong>saepe</strong></span> <span class='ocrx_word' id='word_1_8' title='bbox 588 892 622 953; x_wconf 92' lang='lat' dir='ltr'><strong>in</strong></span> <span class='ocrx_word' id='word_1_9' title='bbox 642 885 830 952; x_wconf 83' lang='lat' dir='ltr'><strong>Ecclesiam</strong></span> <span class='ocrx_word' id='word_1_10' title='bbox 851 885 994 968; x_wconf 87' lang='lat' dir='ltr'><strong>irrepsit.</strong></span> <span class='ocrx_word' id='word_1_11' title='bbox 1034 881 1181 947; x_wconf 89' lang='lat' dir='ltr'><strong>Fuerunt</strong></span> <span class='ocrx_word' id='word_1_12' title='bbox 1204 882 1290 944; x_wconf 89' lang='lat' dir='ltr'><strong>enim</strong></span> <span class='ocrx_word' id='word_1_13' title='bbox 1312 892 1346 944; x_wconf 92' lang='lat' dir='ltr'><strong>et</strong></span> <span class='ocrx_word' id='word_1_14' title='bbox 1367 877 1445 944; x_wconf 92' lang='lat' dir='ltr'><strong>olim</strong></span> <span class='ocrx_word' id='word_1_15' title='bbox 1489 899 1629 965; x_wconf 80' lang='lat' dir='ltr'><strong>regnum</strong></span> <span class='ocrx_word' id='word_1_16' title='bbox 1652 878 1776 944; x_wconf 83' lang='lat' dir='ltr'><strong>Christi</strong></span> <span class='ocrx_word' id='word_1_17' title='bbox 1809 898 1888 944; x_wconf 87' lang='lat' dir='ltr'><strong>csse</strong></span> <span class='ocrx_word' id='word_1_18' title='bbox 1910 879 2092 965; x_wconf 76' lang='lat' dir='ltr'><strong>spirituale,</strong></span> <span class='ocrx_word' id='word_1_19' title='bbox 2124 882 2246 950; x_wconf 83' lang='lat' dir='ltr'><strong>afferre</strong></span> <span class='ocrx_word' id='word_1_20' title='bbox 2267 886 2359 948; x_wconf 87' lang='lat' dir='ltr'><strong>bona</strong></span> <span class='ocrx_word' id='word_1_21' title='bbox 2381 888 2478 968; x_wconf 83' lang='lat' dir='ltr'><strong>spiri·</strong></span> 
     </span>
     <span class='ocr_line' id='line_1_3' title="bbox 465 962 2478 1057; baseline -0.004 -14"><span class='ocrx_word' id='word_1_22' title='bbox 465 977 599 1043; x_wconf 80' lang='lat' dir='ltr'><strong>fanatici</strong></span> <span class='ocrx_word' id='word_1_23' title='bbox 617 974 753 1057; x_wconf 91' lang='lat' dir='ltr'><strong>spiritus</strong></span> <span class='ocrx_word' id='word_1_24' title='bbox 765 967 947 1034; x_wconf 89' lang='lat' dir='ltr'><strong>Chiliastae</strong></span> <span class='ocrx_word' id='word_1_25' title='bbox 969 979 1003 1032; x_wconf 89' lang='lat' dir='ltr'><strong>et</strong></span> <span class='ocrx_word' id='word_1_26' title='bbox 1014 966 1203 1049; x_wconf 85' lang='lat' dir='ltr'><strong>Pepusiani,</strong></span> <span class='ocrx_word' id='word_1_27' title='bbox 1225 966 1281 1050; x_wconf 91' lang='lat' dir='ltr'><strong>qui</strong></span> <span class='ocrx_word' id='word_1_28' title='bbox 1303 962 1444 1028; x_wconf 73' lang='grc'><strong>101010-</strong></span> <span class='ocrx_word' id='word_1_29' title='bbox 1490 962 1594 1028; x_wconf 89' lang='lat' dir='ltr'><strong>tualia</strong></span> <span class='ocrx_word' id='word_1_30' title='bbox 1624 973 1658 1026; x_wconf 93' lang='lat' dir='ltr'><strong>et</strong></span> <span class='ocrx_word' id='word_1_31' title='bbox 1689 977 1837 1041; x_wconf 89' lang='lat' dir='ltr'><strong>aeterna,</strong></span> <span class='ocrx_word' id='word_1_32' title='bbox 1868 985 1933 1028; x_wconf 91' lang='lat' dir='ltr'><strong>nec</strong></span> <span class='ocrx_word' id='word_1_33' title='bbox 1965 987 2131 1050; x_wconf 89' lang='lat' dir='ltr'><strong>occupare</strong></span> <span class='ocrx_word' id='word_1_34' title='bbox 2160 969 2424 1034; x_wconf 85' lang='lat' dir='ltr'><strong>dominationem</strong></span> <span class='ocrx_word' id='word_1_35' title='bbox 2445 973 2478 1035; x_wconf 91' lang='lat' dir='ltr'><strong>in</strong></span> 
     </span>
     <span class='ocr_line' id='line_1_4' title="bbox 366 1050 2476 1149; baseline -0.003 -23"><span class='ocrx_word' id='word_1_36' title='bbox 366 1101 371 1108; x_wconf 93' lang='lat'>-</span> <span class='ocrx_word' id='word_1_37' title='bbox 466 1083 569 1149; x_wconf 85' lang='lat' dir='ltr'><strong>gnum</strong></span> <span class='ocrx_word' id='word_1_38' title='bbox 590 1057 877 1139; x_wconf 82' lang='lat' dir='ltr'><strong>Anabaptisticum</strong></span> <span class='ocrx_word' id='word_1_39' title='bbox 898 1054 1111 1117; x_wconf 85' lang='lat' dir='ltr'><strong>somniarunt.</strong></span> <span class='ocrx_word' id='word_1_40' title='bbox 1490 1050 1626 1124; x_wconf 84' lang='lat' dir='ltr'><strong>mundo,</strong></span> <span class='ocrx_word' id='word_1_41' title='bbox 1650 1050 1711 1111; x_wconf 90' lang='lat' dir='ltr'><strong>sed</strong></span> <span class='ocrx_word' id='word_1_42' title='bbox 1812 1051 1841 1112; x_wconf 84' lang='lat' dir='ltr'><strong>‘s</strong></span> <span class='ocrx_word' id='word_1_43' title='bbox 1863 1052 1931 1132; x_wconf 90' lang='lat' dir='ltr'><strong>pati</strong></span> <span class='ocrx_word' id='word_1_44' title='bbox 1952 1054 2234 1132; x_wconf 81' lang='lat' dir='ltr'><strong>persecutionem,</strong></span> <span class='ocrx_word' id='word_1_45' title='bbox 2257 1055 2423 1118; x_wconf 90' lang='lat' dir='ltr'><strong>debemus</strong></span> <span class='ocrx_word' id='word_1_46' title='bbox 2445 1068 2476 1119; x_wconf 89' lang='grc'><strong>01</strong></span> 
     </span>
     <span class='ocr_line' id='line_1_5' title="bbox 551 1132 2476 1227; baseline -0.002 -19"><span class='ocrx_word' id='word_1_47' title='bbox 551 1142 728 1227; x_wconf 88' lang='lat' dir='ltr'><strong>Reliquum</strong></span> <span class='ocrx_word' id='word_1_48' title='bbox 749 1150 819 1217; x_wconf 88' lang='lat' dir='ltr'><strong>est,</strong></span> <span class='ocrx_word' id='word_1_49' title='bbox 850 1149 887 1201; x_wconf 90' lang='lat' dir='ltr'><strong>ut</strong></span> <span class='ocrx_word' id='word_1_50' title='bbox 908 1137 1093 1201; x_wconf 91' lang='lat' dir='ltr'><strong>testimonia</strong></span> <span class='ocrx_word' id='word_1_51' title='bbox 1114 1132 1328 1220; x_wconf 84' lang='lat' dir='ltr'><strong>colligamus,</strong></span> <span class='ocrx_word' id='word_1_52' title='bbox 1360 1152 1447 1217; x_wconf 87' lang='lat' dir='ltr'><strong>quae</strong></span> <span class='ocrx_word' id='word_1_53' title='bbox 1490 1132 1677 1215; x_wconf 84' lang='lat' dir='ltr'><strong>Prophetas</strong></span> <span class='ocrx_word' id='word_1_54' title='bbox 1717 1135 1750 1195; x_wconf 90' lang='lat' dir='ltr'><strong>in</strong></span> <span class='ocrx_word' id='word_1_55' title='bbox 1810 1133 1903 1217; x_wconf 77' lang='lat' dir='ltr'><strong>igere</strong></span> <span class='ocrx_word' id='word_1_56' title='bbox 1935 1136 2026 1199; x_wconf 88' lang='lat' dir='ltr'><strong>iuxta</strong></span> <span class='ocrx_word' id='word_1_57' title='bbox 2057 1136 2286 1221; x_wconf 82' lang='lat' dir='ltr'><strong>Evangelium.</strong></span> <span class='ocrx_word' id='word_1_58' title='bbox 2356 1139 2476 1223; x_wconf 89' lang='lat' dir='ltr'><strong>ltaque</strong></span> 
     </span>
     <span class='ocr_line' id='line_1_6' title="bbox 471 1214 2474 1306; baseline -0.004 -10"><span class='ocrx_word' id='word_1_59' title='bbox 471 1233 591 1296; x_wconf 89' lang='lat' dir='ltr'><strong>docent</strong></span> <span class='ocrx_word' id='word_1_60' title='bbox 613 1230 648 1292; x_wconf 92' lang='lat' dir='ltr'><strong>in</strong></span> <span class='ocrx_word' id='word_1_61' title='bbox 670 1222 822 1289; x_wconf 87' lang='lat' dir='ltr'><strong>Ecclesia</strong></span> <span class='ocrx_word' id='word_1_62' title='bbox 843 1223 1009 1306; x_wconf 88' lang='lat' dir='ltr'><strong>usquead</strong></span> <span class='ocrx_word' id='word_1_63' title='bbox 1031 1221 1245 1285; x_wconf 89' lang='lat' dir='ltr'><strong>novissimum</strong></span> <span class='ocrx_word' id='word_1_64' title='bbox 1263 1220 1349 1284; x_wconf 91' lang='lat' dir='ltr'><strong>diem</strong></span> <span class='ocrx_word' id='word_1_65' title='bbox 1369 1238 1447 1300; x_wconf 92' lang='lat' dir='ltr'><strong>pro·</strong></span> <span class='ocrx_word' id='word_1_66' title='bbox 1491 1214 1642 1301; x_wconf 86' lang='lat' dir='ltr'><strong>Apostoli</strong></span> <span class='ocrx_word' id='word_1_67' title='bbox 1675 1219 1708 1282; x_wconf 91' lang='lat' dir='ltr'><strong>in</strong></span> <span class='ocrx_word' id='word_1_68' title='bbox 1740 1216 1837 1281; x_wconf 89' lang='lat' dir='ltr'><strong>Actis</strong></span> <span class='ocrx_word' id='word_1_69' title='bbox 1866 1219 2048 1283; x_wconf 88' lang='lat' dir='ltr'><strong>sententias</strong></span> <span class='ocrx_word' id='word_1_70' title='bbox 2082 1222 2124 1284; x_wconf 91' lang='lat' dir='ltr'><strong>de</strong></span> <span class='ocrx_word' id='word_1_71' title='bbox 2156 1241 2261 1305; x_wconf 83' lang='lat' dir='ltr'><strong>regno</strong></span> <span class='ocrx_word' id='word_1_72' title='bbox 2303 1226 2474 1306; x_wconf 90' lang='lat' dir='ltr'><strong>promisso</strong></span> 
     </span>
     <span class='ocr_line' id='line_1_7' title="bbox 471 1300 2475 1389; baseline -0.005 -9"><span class='ocrx_word' id='word_1_73' title='bbox 471 1318 599 1380; x_wconf 83' lang='lat' dir='ltr'><strong>miscuo</strong></span> <span class='ocrx_word' id='word_1_74' title='bbox 618 1310 748 1376; x_wconf 78' lang='lat' dir='ltr'><strong>intimos</strong></span> <span class='ocrx_word' id='word_1_75' title='bbox 769 1310 877 1372; x_wconf 91' lang='lat' dir='ltr'><strong>bonos</strong></span> <span class='ocrx_word' id='word_1_76' title='bbox 899 1318 932 1370; x_wconf 92' lang='lat' dir='ltr'><strong>et</strong></span> <span class='ocrx_word' id='word_1_77' title='bbox 952 1305 1069 1371; x_wconf 88' lang='lat' dir='ltr'><strong>malos.</strong></span> <span class='ocrx_word' id='word_1_78' title='bbox 1113 1303 1195 1369; x_wconf 89' lang='lat' dir='ltr'><strong>Luc.</strong></span> <span class='ocrx_word' id='word_1_79' title='bbox 1216 1304 1267 1370; x_wconf 84' lang='grc'><strong>17.</strong></span> <span class='ocrx_word' id='word_1_80' title='bbox 1291 1309 1355 1380; x_wconf 93' lang='grc' dir='ltr'><strong>[νο.</strong></span> <span class='ocrx_word' id='word_1_81' title='bbox 1377 1302 1446 1383; x_wconf 58' lang='lat' dir='ltr'><strong>DS]</strong></span> <span class='ocrx_word' id='word_1_82' title='bbox 1489 1302 1610 1365; x_wconf 88' lang='lat' dir='ltr'><strong>Davidi</strong></span> <span class='ocrx_word' id='word_1_83' title='bbox 1643 1300 1734 1365; x_wconf 91' lang='lat' dir='ltr'><strong>clare</strong></span> <span class='ocrx_word' id='word_1_84' title='bbox 1766 1300 1969 1366; x_wconf 90' lang='lat' dir='ltr'><strong>transferunt</strong></span> <span class='ocrx_word' id='word_1_85' title='bbox 1989 1304 2032 1366; x_wconf 92' lang='lat' dir='ltr'><strong>ad</strong></span> <span class='ocrx_word' id='word_1_86' title='bbox 2054 1302 2120 1367; x_wconf 91' lang='lat' dir='ltr'><strong>hoc</strong></span> <span class='ocrx_word' id='word_1_87' title='bbox 2143 1325 2279 1387; x_wconf 83' lang='lat' dir='ltr'><strong>regnum</strong></span> <span class='ocrx_word' id='word_1_88' title='bbox 2303 1306 2475 1389; x_wconf 87' lang='lat' dir='ltr'><strong>spirituale</strong></span> 
     </span>
     <span class='ocr_line' id='line_1_8' title="bbox 470 1387 2474 1472; baseline -0.003 -8"><span class='ocrx_word' id='word_1_89' title='bbox 470 1400 568 1465; x_wconf 90' lang='lat' dir='ltr'><strong>Sicut</strong></span> <span class='ocrx_word' id='word_1_90' title='bbox 601 1393 724 1459; x_wconf 87' lang='lat' dir='ltr'><strong>factum</strong></span> <span class='ocrx_word' id='word_1_91' title='bbox 756 1405 807 1457; x_wconf 91' lang='lat' dir='ltr'><strong>est</strong></span> <span class='ocrx_word' id='word_1_92' title='bbox 840 1394 873 1455; x_wconf 92' lang='grc'><strong>10</strong></span> <span class='ocrx_word' id='word_1_93' title='bbox 905 1392 1023 1456; x_wconf 89' lang='lat' dir='ltr'><strong>diebus</strong></span> <span class='ocrx_word' id='word_1_94' title='bbox 1044 1391 1120 1468; x_wconf 86' lang='lat' dir='ltr'><strong>Lot,</strong></span> <span class='ocrx_word' id='word_1_95' title='bbox 1144 1392 1194 1453; x_wconf 91' lang='lat' dir='ltr'><strong>sic</strong></span> <span class='ocrx_word' id='word_1_96' title='bbox 1216 1390 1289 1467; x_wconf 86' lang='lat' dir='ltr'><strong>erit,</strong></span> <span class='ocrx_word' id='word_1_97' title='bbox 1307 1407 1373 1472; x_wconf 92' lang='lat' dir='ltr'><strong>qua</strong></span> <span class='ocrx_word' id='word_1_98' title='bbox 1395 1388 1448 1451; x_wconf 90' lang='lat' dir='ltr'><strong>die</strong></span> <span class='ocrx_word' id='word_1_99' title='bbox 1491 1388 1675 1451; x_wconf 88' lang='lat' dir='ltr'><strong>subiectum</strong></span> <span class='ocrx_word' id='word_1_100' title='bbox 1702 1388 1923 1469; x_wconf 86' lang='lat' dir='ltr'><strong>persecutioni</strong></span> <span class='ocrx_word' id='word_1_101' title='bbox 1946 1399 2010 1451; x_wconf 89' lang='lat' dir='ltr'><strong>etc.</strong></span> <span class='ocrx_word' id='word_1_102' title='bbox 2054 1387 2097 1451; x_wconf 88' lang='lat' dir='ltr'><strong>Et</strong></span> <span class='ocrx_word' id='word_1_103' title='bbox 2118 1387 2270 1453; x_wconf 91' lang='lat' dir='ltr'><strong>Christus</strong></span> <span class='ocrx_word' id='word_1_104' title='bbox 2295 1390 2474 1472; x_wconf 79' lang='lat' dir='ltr'><strong>reprehen-</strong></span> 
     </span>
     <span class='ocr_line' id='line_1_9' title="bbox 469 1469 2471 1557; baseline -0.005 -8"><span class='ocrx_word' id='word_1_105' title='bbox 469 1483 571 1548; x_wconf 86' lang='lat' dir='ltr'><strong>Filius</strong></span> <span class='ocrx_word' id='word_1_106' title='bbox 589 1480 728 1543; x_wconf 89' lang='lat' dir='ltr'><strong>hominis</strong></span> <span class='ocrx_word' id='word_1_107' title='bbox 751 1475 966 1541; x_wconf 83' lang='lat' dir='ltr'><strong>revelabitur.</strong></span> <span class='ocrx_word' id='word_1_108' title='bbox 1009 1472 1447 1553; x_wconf 75' lang='grc' dir='ltr'><strong>11001[11)111.νο.34.]110</strong></span> <span class='ocrx_word' id='word_1_109' title='bbox 1491 1472 1537 1535; x_wconf 88' lang='lat' dir='ltr'><strong>dit</strong></span> <span class='ocrx_word' id='word_1_110' title='bbox 1570 1473 1641 1554; x_wconf 86' lang='lat' dir='ltr'><strong>ipse</strong></span> <span class='ocrx_word' id='word_1_111' title='bbox 1673 1469 1873 1552; x_wconf 88' lang='lat' dir='ltr'><strong>Apostolos,</strong></span> <span class='ocrx_word' id='word_1_112' title='bbox 1907 1493 1980 1535; x_wconf 90' lang='lat' dir='ltr'><strong>curn</strong></span> <span class='ocrx_word' id='word_1_113' title='bbox 2011 1470 2174 1537; x_wconf 88' lang='lat' dir='ltr'><strong>haberent</strong></span> <span class='ocrx_word' id='word_1_114' title='bbox 2195 1473 2365 1537; x_wconf 81' lang='lat' dir='ltr'><strong>Iudaicam</strong></span> <span class='ocrx_word' id='word_1_115' title='bbox 2399 1496 2471 1557; x_wconf 87' lang='lat' dir='ltr'><strong>per-</strong></span> 
     </span>
     <span class='ocr_line' id='line_1_10' title="bbox 380 1556 2468 1640; baseline -0.001 -11"><span class='ocrx_word' id='word_1_116' title='bbox 380 1621 385 1629; x_wconf 91' lang='lat'><strong>.</strong></span> <span class='ocrx_word' id='word_1_117' title='bbox 470 1567 529 1634; x_wconf 91' lang='lat' dir='ltr'><strong>illa</strong></span> <span class='ocrx_word' id='word_1_118' title='bbox 549 1577 647 1631; x_wconf 90' lang='lat' dir='ltr'><strong>nocte</strong></span> <span class='ocrx_word' id='word_1_119' title='bbox 669 1574 764 1626; x_wconf 92' lang='lat' dir='ltr'><strong>erunt</strong></span> <span class='ocrx_word' id='word_1_120' title='bbox 786 1564 851 1626; x_wconf 91' lang='lat' dir='ltr'><strong>duo</strong></span> <span class='ocrx_word' id='word_1_121' title='bbox 869 1564 902 1624; x_wconf 93' lang='lat' dir='ltr'><strong>in</strong></span> <span class='ocrx_word' id='word_1_122' title='bbox 923 1556 1011 1623; x_wconf 90' lang='lat' dir='ltr'><strong>lecto</strong></span> <span class='ocrx_word' id='word_1_123' title='bbox 1044 1579 1122 1635; x_wconf 90' lang='lat' dir='ltr'><strong>nno,</strong></span> <span class='ocrx_word' id='word_1_124' title='bbox 1144 1577 1230 1623; x_wconf 88' lang='lat' dir='ltr'><strong>unus</strong></span> <span class='ocrx_word' id='word_1_125' title='bbox 1263 1568 1448 1621; x_wconf 86' lang='lat' dir='ltr'><strong>assumetur</strong></span> <span class='ocrx_word' id='word_1_126' title='bbox 1492 1559 1682 1620; x_wconf 88' lang='lat' dir='ltr'><strong>suasionem</strong></span> <span class='ocrx_word' id='word_1_127' title='bbox 1709 1576 1751 1619; x_wconf 90' lang='lat' dir='ltr'><strong>ac</strong></span> <span class='ocrx_word' id='word_1_128' title='bbox 1771 1567 1926 1640; x_wconf 82' lang='lat' dir='ltr'><strong>putarent</strong></span> <span class='ocrx_word' id='word_1_129' title='bbox 1948 1575 1986 1620; x_wconf 88' lang='lat' dir='ltr'><strong>se</strong></span> <span class='ocrx_word' id='word_1_130' title='bbox 2009 1568 2232 1640; x_wconf 86' lang='lat' dir='ltr'><strong>occupaturos</strong></span> <span class='ocrx_word' id='word_1_131' title='bbox 2255 1578 2337 1622; x_wconf 89' lang='grc'><strong>0000</strong></span> <span class='ocrx_word' id='word_1_132' title='bbox 2358 1563 2468 1626; x_wconf 90' lang='lat' dir='ltr'><strong>mundi</strong></span> 
     </span>
     <span class='ocr_line' id='line_1_11' title="bbox 473 1641 1637 1729; baseline -0.014 -12"><span class='ocrx_word' id='word_1_133' title='bbox 473 1664 506 1717; x_wconf 91' lang='lat' dir='ltr'><strong>et</strong></span> <span class='ocrx_word' id='word_1_134' title='bbox 538 1649 623 1715; x_wconf 85' lang='lat' dir='ltr'><strong>alter</strong></span> <span class='ocrx_word' id='word_1_135' title='bbox 653 1647 866 1729; x_wconf 90' lang='lat' dir='ltr'><strong>relinquetur.</strong></span> <span class='ocrx_word' id='word_1_136' title='bbox 910 1643 1026 1709; x_wconf 88' lang='lat' dir='ltr'><strong>lllatth.</strong></span> <span class='ocrx_word' id='word_1_137' title='bbox 1052 1644 1103 1707; x_wconf 94' lang='grc'><strong>13.</strong></span> <span class='ocrx_word' id='word_1_138' title='bbox 1128 1650 1193 1723; x_wconf 91' lang='lat' dir='ltr'><strong>[vs.</strong></span> <span class='ocrx_word' id='word_1_139' title='bbox 1212 1642 1278 1720; x_wconf 70' lang='lat' dir='ltr'><strong>tlt]</strong></span> <span class='ocrx_word' id='word_1_140' title='bbox 1303 1643 1448 1705; x_wconf 74' lang='grc'><strong>1100100-</strong></span> <span class='ocrx_word' id='word_1_141' title='bbox 1492 1641 1637 1725; x_wconf 87' lang='lat' dir='ltr'><strong>imperia.</strong></span> 
     </span>
     <span class='ocr_line' id='line_1_12' title="bbox 471 1724 2473 1814; baseline -0.003 -14"><span class='ocrx_word' id='word_1_142' title='bbox 471 1739 552 1800; x_wconf 84' lang='lat' dir='ltr'><strong>niis:</strong></span> <span class='ocrx_word' id='word_1_143' title='bbox 571 1736 676 1799; x_wconf 90' lang='lat' dir='ltr'><strong>Sinite</strong></span> <span class='ocrx_word' id='word_1_144' title='bbox 699 1745 838 1814; x_wconf 89' lang='lat' dir='ltr'><strong>utraque</strong></span> <span class='ocrx_word' id='word_1_145' title='bbox 861 1748 1014 1793; x_wconf 90' lang='lat' dir='ltr'><strong>crescere</strong></span> <span class='ocrx_word' id='word_1_146' title='bbox 1036 1749 1077 1792; x_wconf 90' lang='lat' dir='ltr'><strong>us</strong></span> <span class='ocrx_word' id='word_1_147' title='bbox 1101 1748 1143 1792; x_wconf 91' lang='lat' dir='ltr'><strong>ue</strong></span> <span class='ocrx_word' id='word_1_148' title='bbox 1166 1728 1209 1790; x_wconf 90' lang='lat' dir='ltr'><strong>ad</strong></span> <span class='ocrx_word' id='word_1_149' title='bbox 1230 1737 1447 1791; x_wconf 90' lang='lat' dir='ltr'><strong>messemetc.</strong></span> <span class='ocrx_word' id='word_1_150' title='bbox 1578 1726 1746 1803; x_wconf 87' lang='lat' dir='ltr'><strong>Secundo,</strong></span> <span class='ocrx_word' id='word_1_151' title='bbox 1757 1724 1944 1807; x_wconf 87' lang='lat' dir='ltr'><strong>Prophetae</strong></span> <span class='ocrx_word' id='word_1_152' title='bbox 1967 1725 2031 1808; x_wconf 89' lang='lat' dir='ltr'><strong>ipsi</strong></span> <span class='ocrx_word' id='word_1_153' title='bbox 2053 1746 2239 1809; x_wconf 90' lang='lat' dir='ltr'><strong>quanquam</strong></span> <span class='ocrx_word' id='word_1_154' title='bbox 2261 1727 2369 1790; x_wconf 89' lang='lat' dir='ltr'><strong>variis</strong></span> <span class='ocrx_word' id='word_1_155' title='bbox 2381 1740 2473 1794; x_wconf 89' lang='lat' dir='ltr'><strong>utun·</strong></span> 
     </span>
     <span class='ocr_line' id='line_1_13' title="bbox 472 1750 2474 1903; baseline -0.002 -20"><span class='ocrx_word' id='word_1_156' title='bbox 472 1822 515 1885; x_wconf 87' lang='lat' dir='ltr'><strong>Et</strong></span> <span class='ocrx_word' id='word_1_157' title='bbox 534 1817 634 1903; x_wconf 93' lang='lat' dir='ltr'><strong>paulo</strong></span> <span class='ocrx_word' id='word_1_158' title='bbox 655 1828 734 1900; x_wconf 94' lang='lat' dir='ltr'><strong>post</strong></span> <span class='ocrx_word' id='word_1_159' title='bbox 758 1823 840 1893; x_wconf 89' lang='lat' dir='ltr'><strong>[vss.</strong></span> <span class='ocrx_word' id='word_1_160' title='bbox 863 1813 916 1877; x_wconf 88' lang='grc'><strong>39.</strong></span> <span class='ocrx_word' id='word_1_161' title='bbox 944 1814 1031 1892; x_wconf 78' lang='grc'><strong>41.];</strong></span> <span class='ocrx_word' id='word_1_162' title='bbox 1063 1750 1187 1878; x_wconf 80' lang='grc'><strong>11100010</strong></span> <span class='ocrx_word' id='word_1_163' title='bbox 1209 1811 1449 1876; x_wconf 85' lang='lat' dir='ltr'><strong>consummatio</strong></span> <span class='ocrx_word' id='word_1_164' title='bbox 1494 1820 1546 1873; x_wconf 91' lang='lat' dir='ltr'><strong>tur</strong></span> <span class='ocrx_word' id='word_1_165' title='bbox 1577 1809 1706 1894; x_wconf 78' lang='lat' dir='ltr'><strong>figuris,</strong></span> <span class='ocrx_word' id='word_1_166' title='bbox 1739 1822 1848 1874; x_wconf 89' lang='lat' dir='ltr'><strong>tamen</strong></span> <span class='ocrx_word' id='word_1_167' title='bbox 1879 1811 2010 1875; x_wconf 90' lang='lat' dir='ltr'><strong>interim</strong></span> <span class='ocrx_word' id='word_1_168' title='bbox 2042 1812 2137 1873; x_wconf 88' lang='lat' dir='ltr'><strong>etiam</strong></span> <span class='ocrx_word' id='word_1_169' title='bbox 2160 1812 2283 1875; x_wconf 87' lang='lat' dir='ltr'><strong>diserte</strong></span> <span class='ocrx_word' id='word_1_170' title='bbox 2306 1825 2474 1878; x_wconf 83' lang='lat' dir='ltr'><strong>testanmr</strong></span> 
     </span>
     <span class='ocr_line' id='line_1_14' title="bbox 473 1891 2473 1981; baseline -0.003 -12"><span class='ocrx_word' id='word_1_171' title='bbox 473 1902 578 1969; x_wconf 88' lang='lat' dir='ltr'><strong>seculi</strong></span> <span class='ocrx_word' id='word_1_172' title='bbox 611 1913 680 1974; x_wconf 80' lang='lat' dir='ltr'><strong>est3</strong></span> <span class='ocrx_word' id='word_1_173' title='bbox 713 1900 822 1964; x_wconf 82' lang='lat' dir='ltr'><strong>blittet</strong></span> <span class='ocrx_word' id='word_1_174' title='bbox 842 1897 944 1961; x_wconf 88' lang='lat' dir='ltr'><strong>Filius</strong></span> <span class='ocrx_word' id='word_1_175' title='bbox 965 1897 1106 1960; x_wconf 91' lang='lat' dir='ltr'><strong>hominis</strong></span> <span class='ocrx_word' id='word_1_176' title='bbox 1127 1894 1278 1981; x_wconf 81' lang='lat' dir='ltr'><strong>Angelos</strong></span> <span class='ocrx_word' id='word_1_177' title='bbox 1300 1915 1394 1973; x_wconf 87' lang='grc'><strong>0000,</strong></span> <span class='ocrx_word' id='word_1_178' title='bbox 1416 1906 1450 1958; x_wconf 90' lang='grc'><strong>01</strong></span> <span class='ocrx_word' id='word_1_179' title='bbox 1493 1915 1630 1979; x_wconf 82' lang='lat' dir='ltr'><strong>regnum</strong></span> <span class='ocrx_word' id='word_1_180' title='bbox 1651 1894 1774 1959; x_wconf 84' lang='lat' dir='ltr'><strong>Christi</strong></span> <span class='ocrx_word' id='word_1_181' title='bbox 1800 1893 1874 1959; x_wconf 89' lang='lat' dir='ltr'><strong>fore</strong></span> <span class='ocrx_word' id='word_1_182' title='bbox 1905 1891 2088 1977; x_wconf 88' lang='lat' dir='ltr'><strong>spirituale.</strong></span> <span class='ocrx_word' id='word_1_183' title='bbox 2119 1893 2253 1959; x_wconf 85' lang='lat' dir='ltr'><strong>¹Daniel</strong></span> <span class='ocrx_word' id='word_1_184' title='bbox 2280 1894 2377 1960; x_wconf 87' lang='lat' dir='ltr'><strong>clare</strong></span> <span class='ocrx_word' id='word_1_185' title='bbox 2399 1900 2473 1964; x_wconf 90' lang='lat' dir='ltr'><strong>dicit</strong></span> 
     </span>
     <span class='ocr_line' id='line_1_15' title="bbox 476 1977 2471 2084; baseline -0.003 -32"><span class='ocrx_word' id='word_1_186' title='bbox 476 1978 1366 2073; x_wconf 64' lang='grc'><strong>00111000110100000100000100001101001000,</strong></span> <span class='ocrx_word' id='word_1_187' title='bbox 1394 1980 1449 2084; x_wconf 83' lang='lat' dir='ltr'><strong>qui</strong></span> <span class='ocrx_word' id='word_1_188' title='bbox 1495 1979 1542 2058; x_wconf 87' lang='lat'><strong>[9,</strong></span> <span class='ocrx_word' id='word_1_189' title='bbox 1558 1977 1641 2059; x_wconf 70' lang='lat' dir='ltr'><strong>aar:</strong></span> <span class='ocrx_word' id='word_1_190' title='bbox 1676 1978 1827 2044; x_wconf 87' lang='lat' dir='ltr'><strong>Christus</strong></span> <span class='ocrx_word' id='word_1_191' title='bbox 1860 1980 2039 2044; x_wconf 88' lang='lat' dir='ltr'><strong>occidetur.</strong></span> <span class='ocrx_word' id='word_1_192' title='bbox 2081 1979 2125 2042; x_wconf 91' lang='lat' dir='ltr'><strong>Et</strong></span> <span class='ocrx_word' id='word_1_193' title='bbox 2146 1979 2269 2043; x_wconf 90' lang='lat' dir='ltr'><strong>lesaias</strong></span> <span class='ocrx_word' id='word_1_194' title='bbox 2296 1980 2366 2059; x_wconf 74' lang='grc'><strong>153,</strong></span> <span class='ocrx_word' id='word_1_195' title='bbox 2392 1982 2471 2062; x_wconf 76' lang='lat' dir='ltr'><strong>llll:</strong></span> 
     </span>
     <span class='ocr_line' id='line_1_16' title="bbox 475 2062 2470 2153; baseline -0.003 -18"><span class='ocrx_word' id='word_1_196' title='bbox 475 2070 600 2136; x_wconf 87' lang='lat' dir='ltr'><strong>faciunt</strong></span> <span class='ocrx_word' id='word_1_197' title='bbox 632 2071 831 2153; x_wconf 90' lang='lat' dir='ltr'><strong>iniquitatem</strong></span> <span class='ocrx_word' id='word_1_198' title='bbox 865 2078 924 2130; x_wconf 91' lang='lat' dir='ltr'><strong>etc.</strong></span> <span class='ocrx_word' id='word_1_199' title='bbox 968 2067 1048 2130; x_wconf 91' lang='lat' dir='ltr'><strong>ltem</strong></span> <span class='ocrx_word' id='word_1_200' title='bbox 1081 2073 1166 2146; x_wconf 90' lang='lat' dir='ltr'><strong>[vss.</strong></span> <span class='ocrx_word' id='word_1_201' title='bbox 1200 2065 1244 2129; x_wconf 81' lang='grc'><strong>49</strong></span> <span class='ocrx_word' id='word_1_202' title='bbox 1265 2072 1347 2150; x_wconf 85' lang='lat' dir='ltr'><strong>sq.]:</strong></span> <span class='ocrx_word' id='word_1_203' title='bbox 1392 2065 1450 2129; x_wconf 79' lang='lat' dir='ltr'><strong>Sic</strong></span> <span class='ocrx_word' id='word_1_204' title='bbox 1494 2064 1601 2130; x_wconf 87' lang='lat' dir='ltr'><strong>Ponet</strong></span> <span class='ocrx_word' id='word_1_205' title='bbox 1621 2066 1764 2129; x_wconf 91' lang='lat' dir='ltr'><strong>animam</strong></span> <span class='ocrx_word' id='word_1_206' title='bbox 1785 2083 1881 2130; x_wconf 88' lang='lat' dir='ltr'><strong>suam</strong></span> <span class='ocrx_word' id='word_1_207' title='bbox 1901 2085 1962 2148; x_wconf 92' lang='lat' dir='ltr'><strong>pro</strong></span> <span class='ocrx_word' id='word_1_208' title='bbox 2008 2076 2135 2127; x_wconf 88' lang='lat' dir='ltr'><strong>eccato.</strong></span> <span class='ocrx_word' id='word_1_209' title='bbox 2164 2062 2256 2148; x_wconf 87' lang='lat' dir='ltr'><strong>Ergo</strong></span> <span class='ocrx_word' id='word_1_210' title='bbox 2278 2086 2354 2130; x_wconf 90' lang='lat' dir='ltr'><strong>non</strong></span> <span class='ocrx_word' id='word_1_211' title='bbox 2373 2064 2470 2136; x_wconf 77' lang='lat' dir='ltr'><strong>lube·</strong></span> 
     </span>
     <span class='ocr_line' id='line_1_17' title="bbox 475 2147 2471 2235; baseline -0.003 -15"><span class='ocrx_word' id='word_1_212' title='bbox 475 2159 537 2220; x_wconf 86' lang='lat' dir='ltr'><strong>erit</strong></span> <span class='ocrx_word' id='word_1_213' title='bbox 569 2158 601 2219; x_wconf 92' lang='lat' dir='ltr'><strong>in</strong></span> <span class='ocrx_word' id='word_1_214' title='bbox 636 2154 916 2219; x_wconf 87' lang='lat' dir='ltr'><strong>consummatione</strong></span> <span class='ocrx_word' id='word_1_215' title='bbox 948 2149 1069 2215; x_wconf 89' lang='lat' dir='ltr'><strong>seculi:</strong></span> <span class='ocrx_word' id='word_1_216' title='bbox 1109 2151 1252 2214; x_wconf 85' lang='lat' dir='ltr'><strong>Exibunt</strong></span> <span class='ocrx_word' id='word_1_217' title='bbox 1273 2147 1395 2235; x_wconf 84' lang='lat' dir='ltr'><strong>Angeli</strong></span> <span class='ocrx_word' id='word_1_218' title='bbox 1417 2159 1450 2212; x_wconf 93' lang='lat' dir='ltr'><strong>et</strong></span> <span class='ocrx_word' id='word_1_219' title='bbox 1492 2150 1541 2212; x_wconf 92' lang='lat' dir='ltr'><strong>bit</strong></span> <span class='ocrx_word' id='word_1_220' title='bbox 1562 2151 1814 2214; x_wconf 85' lang='lat' dir='ltr'><strong>dominationem</strong></span> <span class='ocrx_word' id='word_1_221' title='bbox 1835 2167 1958 2233; x_wconf 90' lang='lat' dir='ltr'><strong>corpor</strong></span> <span class='ocrx_word' id='word_1_222' title='bbox 1992 2149 2097 2211; x_wconf 86' lang='lat' dir='ltr'><strong>emin</strong></span> <span class='ocrx_word' id='word_1_223' title='bbox 2119 2148 2185 2211; x_wconf 91' lang='lat' dir='ltr'><strong>hac</strong></span> <span class='ocrx_word' id='word_1_224' title='bbox 2208 2152 2285 2212; x_wconf 91' lang='lat' dir='ltr'><strong>vita.</strong></span> <span class='ocrx_word' id='word_1_225' title='bbox 2323 2149 2471 2216; x_wconf 73' lang='lat' dir='ltr'><strong>Praeter·</strong></span> 
     </span>
     <span class='ocr_line' id='line_1_18' title="bbox 475 2231 2471 2328; baseline -0.004 -23"><span class='ocrx_word' id='word_1_226' title='bbox 475 2244 678 2328; x_wconf 89' lang='lat' dir='ltr'><strong>separabunt</strong></span> <span class='ocrx_word' id='word_1_227' title='bbox 709 2237 817 2303; x_wconf 90' lang='lat' dir='ltr'><strong>malos</strong></span> <span class='ocrx_word' id='word_1_228' title='bbox 851 2259 871 2299; x_wconf 93' lang='lat' dir='ltr'><strong>a</strong></span> <span class='ocrx_word' id='word_1_229' title='bbox 893 2238 988 2301; x_wconf 89' lang='lat' dir='ltr'><strong>iustis</strong></span> <span class='ocrx_word' id='word_1_230' title='bbox 1012 2247 1044 2302; x_wconf 91' lang='lat' dir='ltr'><strong>et</strong></span> <span class='ocrx_word' id='word_1_231' title='bbox 1066 2238 1194 2300; x_wconf 90' lang='lat' dir='ltr'><strong>mittent</strong></span> <span class='ocrx_word' id='word_1_232' title='bbox 1215 2254 1274 2299; x_wconf 92' lang='lat' dir='ltr'><strong>eos</strong></span> <span class='ocrx_word' id='word_1_233' title='bbox 1297 2237 1331 2298; x_wconf 94' lang='lat' dir='ltr'><strong>in</strong></span> <span class='ocrx_word' id='word_1_234' title='bbox 1353 2235 1451 2297; x_wconf 87' lang='lat' dir='ltr'><strong>cami·</strong></span> <span class='ocrx_word' id='word_1_235' title='bbox 1493 2254 1534 2297; x_wconf 89' lang='lat' dir='ltr'><strong>ea</strong></span> <span class='ocrx_word' id='word_1_236' title='bbox 1566 2234 1731 2297; x_wconf 86' lang='lat' dir='ltr'><strong>affirmant</strong></span> <span class='ocrx_word' id='word_1_237' title='bbox 1759 2253 1897 2316; x_wconf 85' lang='lat' dir='ltr'><strong>regnum</strong></span> <span class='ocrx_word' id='word_1_238' title='bbox 1918 2231 2042 2297; x_wconf 80' lang='lat' dir='ltr'><strong>Christi</strong></span> <span class='ocrx_word' id='word_1_239' title='bbox 2065 2253 2143 2297; x_wconf 90' lang='lat' dir='ltr'><strong>esse</strong></span> <span class='ocrx_word' id='word_1_240' title='bbox 2167 2245 2363 2311; x_wconf 88' lang='lat' dir='ltr'><strong>aeternum,</strong></span> <span class='ocrx_word' id='word_1_241' title='bbox 2386 2231 2471 2302; x_wconf 78' lang='lat' dir='ltr'><strong>nullu</strong></span> 
     </span>
     <span class='ocr_line' id='line_1_19' title="bbox 474 2314 2469 2408; baseline -0.003 -19"><span class='ocrx_word' id='word_1_242' title='bbox 474 2343 553 2389; x_wconf 87' lang='lat' dir='ltr'><strong>num</strong></span> <span class='ocrx_word' id='word_1_243' title='bbox 574 2328 660 2408; x_wconf 79' lang='lat' dir='ltr'><strong>ignis</strong></span> <span class='ocrx_word' id='word_1_244' title='bbox 683 2336 746 2387; x_wconf 93' lang='lat' dir='ltr'><strong>etc.</strong></span> <span class='ocrx_word' id='word_1_245' title='bbox 791 2320 862 2386; x_wconf 82' lang='lat' dir='ltr'><strong>liae</strong></span> <span class='ocrx_word' id='word_1_246' title='bbox 883 2322 1064 2385; x_wconf 89' lang='lat' dir='ltr'><strong>sententiae</strong></span> <span class='ocrx_word' id='word_1_247' title='bbox 1086 2331 1249 2384; x_wconf 86' lang='lat' dir='ltr'><strong>testantur</strong></span> <span class='ocrx_word' id='word_1_248' title='bbox 1276 2339 1344 2383; x_wconf 92' lang='lat' dir='ltr'><strong>non</strong></span> <span class='ocrx_word' id='word_1_249' title='bbox 1365 2316 1451 2382; x_wconf 87' lang='lat' dir='ltr'><strong>futu·</strong></span> <span class='ocrx_word' id='word_1_250' title='bbox 1494 2328 1603 2383; x_wconf 89' lang='lat' dir='ltr'><strong>autem</strong></span> <span class='ocrx_word' id='word_1_251' title='bbox 1637 2316 1821 2399; x_wconf 87' lang='lat' dir='ltr'><strong>corporalis</strong></span> <span class='ocrx_word' id='word_1_252' title='bbox 1853 2314 1968 2400; x_wconf 87' lang='lat' dir='ltr'><strong>politia</strong></span> <span class='ocrx_word' id='word_1_253' title='bbox 2000 2329 2052 2381; x_wconf 90' lang='lat' dir='ltr'><strong>est</strong></span> <span class='ocrx_word' id='word_1_254' title='bbox 2084 2329 2218 2381; x_wconf 90' lang='lat' dir='ltr'><strong>aeterna</strong></span> <span class='ocrx_word' id='word_1_255' title='bbox 2251 2320 2286 2379; x_wconf 92' lang='lat' dir='ltr'><strong>in</strong></span> <span class='ocrx_word' id='word_1_256' title='bbox 2310 2316 2378 2383; x_wconf 88' lang='lat' dir='ltr'><strong>hac</strong></span> <span class='ocrx_word' id='word_1_257' title='bbox 2401 2322 2469 2383; x_wconf 84' lang='lat' dir='ltr'><strong>vita.</strong></span> 
     </span>
     <span class='ocr_line' id='line_1_20' title="bbox 476 2398 2470 2491; baseline -0.002 -19"><span class='ocrx_word' id='word_1_258' title='bbox 476 2431 546 2474; x_wconf 90' lang='lat' dir='ltr'><strong>ram</strong></span> <span class='ocrx_word' id='word_1_259' title='bbox 579 2428 655 2471; x_wconf 89' lang='lat' dir='ltr'><strong>esse</strong></span> <span class='ocrx_word' id='word_1_260' title='bbox 686 2408 929 2491; x_wconf 89' lang='lat' dir='ltr'><strong>separationem</strong></span> <span class='ocrx_word' id='word_1_261' title='bbox 961 2418 1150 2470; x_wconf 90' lang='lat' dir='ltr'><strong>sanctornm</strong></span> <span class='ocrx_word' id='word_1_262' title='bbox 1182 2407 1224 2469; x_wconf 89' lang='lat' dir='ltr'><strong>ab</strong></span> <span class='ocrx_word' id='word_1_263' title='bbox 1256 2402 1450 2489; x_wconf 79' lang='lat' dir='ltr'><strong>hypocritis,</strong></span> <span class='ocrx_word' id='word_1_264' title='bbox 1493 2404 1571 2467; x_wconf 93' lang='lat' dir='ltr'><strong>ldeo</strong></span> <span class='ocrx_word' id='word_1_265' title='bbox 1604 2402 1729 2488; x_wconf 82' lang='lat' dir='ltr'><strong>figuras</strong></span> <span class='ocrx_word' id='word_1_266' title='bbox 1753 2398 1937 2487; x_wconf 89' lang='lat' dir='ltr'><strong>corporalis</strong></span> <span class='ocrx_word' id='word_1_267' title='bbox 1958 2400 2102 2484; x_wconf 89' lang='lat' dir='ltr'><strong>politiae,</strong></span> <span class='ocrx_word' id='word_1_268' title='bbox 2125 2422 2207 2484; x_wconf 90' lang='lat' dir='ltr'><strong>quas</strong></span> <span class='ocrx_word' id='word_1_269' title='bbox 2229 2403 2401 2469; x_wconf 87' lang='lat' dir='ltr'><strong>interdum</strong></span> <span class='ocrx_word' id='word_1_270' title='bbox 2422 2424 2470 2469; x_wconf 87' lang='lat' dir='ltr'><strong>ao·</strong></span> 
     </span>
     <span class='ocr_line' id='line_1_21' title="bbox 476 2485 2471 2564; baseline -0.002 -8"><span class='ocrx_word' id='word_1_271' title='bbox 476 2495 539 2557; x_wconf 90' lang='lat' dir='ltr'><strong>nisi</strong></span> <span class='ocrx_word' id='word_1_272' title='bbox 561 2494 596 2555; x_wconf 92' lang='lat' dir='ltr'><strong>in</strong></span> <span class='ocrx_word' id='word_1_273' title='bbox 617 2494 797 2556; x_wconf 90' lang='lat' dir='ltr'><strong>novissimo</strong></span> <span class='ocrx_word' id='word_1_274' title='bbox 821 2492 951 2555; x_wconf 92' lang='lat' dir='ltr'><strong>iudicio.</strong></span> <span class='ocrx_word' id='word_1_275' title='bbox 1495 2490 1704 2564; x_wconf 85' lang='lat' dir='ltr'><strong>commodant</strong></span> <span class='ocrx_word' id='word_1_276' title='bbox 1737 2491 1780 2553; x_wconf 92' lang='lat' dir='ltr'><strong>ad</strong></span> <span class='ocrx_word' id='word_1_277' title='bbox 1813 2509 1831 2551; x_wconf 93' lang='lat' dir='ltr'><strong>r</strong></span> <span class='ocrx_word' id='word_1_278' title='bbox 1896 2508 1951 2550; x_wconf 89' lang='lat' dir='ltr'><strong>um</strong></span> <span class='ocrx_word' id='word_1_279' title='bbox 1974 2485 2098 2550; x_wconf 85' lang='lat' dir='ltr'><strong>Christi</strong></span> <span class='ocrx_word' id='word_1_280' title='bbox 2119 2499 2312 2564; x_wconf 87' lang='lat' dir='ltr'><strong>aeternum,</strong></span> <span class='ocrx_word' id='word_1_281' title='bbox 2335 2509 2471 2553; x_wconf 88' lang='lat' dir='ltr'><strong>necesse</strong></span> 
     </span>
     <span class='ocr_line' id='line_1_22' title="bbox 562 2507 2471 2672; baseline 0 -32"><span class='ocrx_word' id='word_1_282' title='bbox 562 2576 739 2640; x_wconf 88' lang='lat' dir='ltr'><strong>Praeterea</strong></span> <span class='ocrx_word' id='word_1_283' title='bbox 761 2586 794 2637; x_wconf 89' lang='lat' dir='ltr'><strong>et</strong></span> <span class='ocrx_word' id='word_1_284' title='bbox 821 2573 887 2638; x_wconf 92' lang='lat' dir='ltr'><strong>hoc</strong></span> <span class='ocrx_word' id='word_1_285' title='bbox 909 2574 1182 2672; x_wconf 77' lang='lat' dir='ltr'><strong>copsiderandum</strong></span> <span class='ocrx_word' id='word_1_286' title='bbox 1205 2584 1269 2649; x_wconf 87' lang='grc'><strong>001,</strong></span> <span class='ocrx_word' id='word_1_287' title='bbox 1291 2571 1452 2636; x_wconf 88' lang='lat' dir='ltr'><strong>Pastores</strong></span> <span class='ocrx_word' id='word_1_288' title='bbox 1495 2584 1546 2636; x_wconf 92' lang='lat' dir='ltr'><strong>est</strong></span> <span class='ocrx_word' id='word_1_289' title='bbox 1568 2570 1749 2659; x_wconf 82' lang='lat' dir='ltr'><strong>allegorice</strong></span> <span class='ocrx_word' id='word_1_290' title='bbox 1769 2507 1918 2657; x_wconf 58' lang='grc' dir='ltr'><strong>10101ῇέ1.</strong></span> <span class='ocrx_word' id='word_1_291' title='bbox 1951 2571 2062 2654; x_wconf 87' lang='lat' dir='ltr'><strong>Atque</strong></span> <span class='ocrx_word' id='word_1_292' title='bbox 2083 2572 2116 2635; x_wconf 92' lang='lat' dir='ltr'><strong>id</strong></span> <span class='ocrx_word' id='word_1_293' title='bbox 2139 2591 2279 2657; x_wconf 81' lang='lat' dir='ltr'><strong>regnum</strong></span> <span class='ocrx_word' id='word_1_294' title='bbox 2303 2584 2471 2640; x_wconf 81' lang='lat' dir='ltr'><strong>aeternum</strong></span> 
     </span>
     <span class='ocr_line' id='line_1_23' title="bbox 476 2654 2471 2742; baseline -0.001 -19"><span class='ocrx_word' id='word_1_295' title='bbox 476 2660 653 2734; x_wconf 60' lang='lat' dir='ltr'><strong>habereut</strong></span> <span class='ocrx_word' id='word_1_296' title='bbox 687 2662 875 2723; x_wconf 89' lang='lat' dir='ltr'><strong>mandatnm</strong></span> <span class='ocrx_word' id='word_1_297' title='bbox 909 2659 1210 2722; x_wconf 85' lang='lat' dir='ltr'><strong>excommunicandi</strong></span> <span class='ocrx_word' id='word_1_298' title='bbox 1242 2659 1345 2723; x_wconf 90' lang='lat' dir='ltr'><strong>verbo</strong></span> <span class='ocrx_word' id='word_1_299' title='bbox 1380 2657 1453 2719; x_wconf 90' lang='lat' dir='ltr'><strong>sine</strong></span> <span class='ocrx_word' id='word_1_300' title='bbox 1494 2660 1526 2721; x_wconf 93' lang='lat' dir='ltr'><strong>in</strong></span> <span class='ocrx_word' id='word_1_301' title='bbox 1549 2657 1613 2722; x_wconf 90' lang='lat' dir='ltr'><strong>hnc</strong></span> <span class='ocrx_word' id='word_1_302' title='bbox 1635 2660 1702 2722; x_wconf 92' lang='lat' dir='ltr'><strong>vita</strong></span> <span class='ocrx_word' id='word_1_303' title='bbox 1723 2661 1757 2722; x_wconf 91' lang='grc'><strong>10</strong></span> <span class='ocrx_word' id='word_1_304' title='bbox 1779 2659 1902 2742; x_wconf 90' lang='lat' dir='ltr'><strong>Spiritu</strong></span> <span class='ocrx_word' id='word_1_305' title='bbox 1926 2668 1958 2719; x_wconf 89' lang='lat' dir='ltr'><strong>et</strong></span> <span class='ocrx_word' id='word_1_306' title='bbox 1980 2656 2046 2720; x_wconf 89' lang='lat' dir='ltr'><strong>fide</strong></span> <span class='ocrx_word' id='word_1_307' title='bbox 2068 2654 2262 2734; x_wconf 86' lang='lat' dir='ltr'><strong>inchoatur,</strong></span> <span class='ocrx_word' id='word_1_308' title='bbox 2299 2668 2336 2722; x_wconf 92' lang='lat' dir='ltr'><strong>et</strong></span> <span class='ocrx_word' id='word_1_309' title='bbox 2357 2670 2471 2740; x_wconf 85' lang='lat' dir='ltr'><strong>postca</strong></span> 
     </span>
     <span class='ocr_line' id='line_1_24' title="bbox 477 2740 2472 2827; baseline -0.002 -18"><span class='ocrx_word' id='word_1_310' title='bbox 477 2749 511 2809; x_wconf 92' lang='lat' dir='ltr'><strong>vi</strong></span> <span class='ocrx_word' id='word_1_311' title='bbox 533 2743 696 2827; x_wconf 89' lang='lat' dir='ltr'><strong>corporali</strong></span> <span class='ocrx_word' id='word_1_312' title='bbox 719 2764 795 2806; x_wconf 88' lang='lat' dir='ltr'><strong>reos</strong></span> <span class='ocrx_word' id='word_1_313' title='bbox 815 2741 1064 2806; x_wconf 88' lang='lat' dir='ltr'><strong>manifestorum</strong></span> <span class='ocrx_word' id='word_1_314' title='bbox 1086 2740 1260 2806; x_wconf 87' lang='lat' dir='ltr'><strong>scelerum.</strong></span> <span class='ocrx_word' id='word_1_315' title='bbox 1302 2741 1378 2806; x_wconf 91' lang='lat' dir='ltr'><strong>Non</strong></span> <span class='ocrx_word' id='word_1_316' title='bbox 1400 2750 1453 2804; x_wconf 89' lang='lat' dir='ltr'><strong>est</strong></span> <span class='ocrx_word' id='word_1_317' title='bbox 1496 2745 1593 2807; x_wconf 89' lang='lat' dir='ltr'><strong>durat</strong></span> <span class='ocrx_word' id='word_1_318' title='bbox 1623 2755 1784 2827; x_wconf 89' lang='lat' dir='ltr'><strong>perpetuo</strong></span> <span class='ocrx_word' id='word_1_319' title='bbox 1818 2740 2004 2827; x_wconf 91' lang='lat' dir='ltr'><strong>posthanc</strong></span> <span class='ocrx_word' id='word_1_320' title='bbox 2028 2744 2140 2806; x_wconf 89' lang='lat' dir='ltr'><strong>vitarn.</strong></span> <span class='ocrx_word' id='word_1_321' title='bbox 2183 2741 2262 2804; x_wconf 86' lang='lat' dir='ltr'><strong>ldeo</strong></span> <span class='ocrx_word' id='word_1_322' title='bbox 2285 2741 2472 2827; x_wconf 81' lang='lat' dir='ltr'><strong>Prophetae</strong></span> 
     </span>
     <span class='ocr_line' id='line_1_25' title="bbox 477 2825 2473 2974; baseline 0 -83"><span class='ocrx_word' id='word_1_323' title='bbox 477 2828 610 2894; x_wconf 85' lang='lat' dir='ltr'><strong>humani</strong></span> <span class='ocrx_word' id='word_1_324' title='bbox 641 2829 751 2892; x_wconf 88' lang='lat' dir='ltr'><strong>iudicii</strong></span> <span class='ocrx_word' id='word_1_325' title='bbox 784 2828 886 2890; x_wconf 87' lang='lat' dir='ltr'><strong>corda</strong></span> <span class='ocrx_word' id='word_1_326' title='bbox 906 2829 1070 2909; x_wconf 86' lang='lat' dir='ltr'><strong>inspicere</strong></span> <span class='ocrx_word' id='word_1_327' title='bbox 1092 2837 1124 2889; x_wconf 91' lang='lat' dir='ltr'><strong>et</strong></span> <span class='ocrx_word' id='word_1_328' title='bbox 1146 2828 1187 2889; x_wconf 90' lang='lat' dir='ltr'><strong>dc</strong></span> <span class='ocrx_word' id='word_1_329' title='bbox 1209 2825 1275 2890; x_wconf 89' lang='lat' dir='ltr'><strong>illis</strong></span> <span class='ocrx_word' id='word_1_330' title='bbox 1297 2827 1452 2900; x_wconf 88' lang='lat' dir='ltr'><strong>iudicare,</strong></span> <span class='ocrx_word' id='word_1_331' title='bbox 1494 2828 1656 2892; x_wconf 87' lang='lat' dir='ltr'><strong>interdum</strong></span> <span class='ocrx_word' id='word_1_332' title='bbox 1678 2831 1724 2892; x_wconf 90' lang='lat' dir='ltr'><strong>ita</strong></span> <span class='ocrx_word' id='word_1_333' title='bbox 1743 2826 1935 2974; x_wconf 60' lang='lat' dir='ltr'><strong>loquuntur,</strong></span> <span class='ocrx_word' id='word_1_334' title='bbox 1968 2837 2004 2888; x_wconf 95' lang='lat' dir='ltr'><strong>ut</strong></span> <span class='ocrx_word' id='word_1_335' title='bbox 2027 2846 2092 2890; x_wconf 93' lang='lat' dir='ltr'><strong>non</strong></span> <span class='ocrx_word' id='word_1_336' title='bbox 2115 2827 2307 2889; x_wconf 82' lang='lat' dir='ltr'><strong>discernant</strong></span> <span class='ocrx_word' id='word_1_337' title='bbox 2328 2839 2473 2911; x_wconf 83' lang='lat' dir='ltr'><strong>tempora</strong></span> 
     </span>
     <span class='ocr_line' id='line_1_26' title="bbox 478 2909 2473 2997; baseline -0.001 -20"><span class='ocrx_word' id='word_1_338' title='bbox 478 2916 533 2997; x_wconf 91' lang='lat' dir='ltr'><strong>qui</strong></span> <span class='ocrx_word' id='word_1_339' title='bbox 565 2934 630 2975; x_wconf 93' lang='lat' dir='ltr'><strong>non</strong></span> <span class='ocrx_word' id='word_1_340' title='bbox 652 2911 775 2976; x_wconf 88' lang='lat' dir='ltr'><strong>habent</strong></span> <span class='ocrx_word' id='word_1_341' title='bbox 791 2909 965 2975; x_wconf 86' lang='lat' dir='ltr'><strong>manifesta</strong></span> <span class='ocrx_word' id='word_1_342' title='bbox 986 2911 1116 2976; x_wconf 86' lang='lat' dir='ltr'><strong>delicta.</strong></span> <span class='ocrx_word' id='word_1_343' title='bbox 1161 2911 1239 2974; x_wconf 91' lang='lat' dir='ltr'><strong>ldeo</strong></span> <span class='ocrx_word' id='word_1_344' title='bbox 1260 2909 1384 2975; x_wconf 89' lang='lat' dir='ltr'><strong>Paulus</strong></span> <span class='ocrx_word' id='word_1_345' title='bbox 1407 2909 1453 2972; x_wconf 86' lang='lat' dir='ltr'><strong>di·</strong></span> <span class='ocrx_word' id='word_1_346' title='bbox 1494 2913 1592 2976; x_wconf 88' lang='lat' dir='ltr'><strong>huius</strong></span> <span class='ocrx_word' id='word_1_347' title='bbox 1615 2914 1701 2975; x_wconf 89' lang='lat' dir='ltr'><strong>vitae</strong></span> <span class='ocrx_word' id='word_1_348' title='bbox 1723 2924 1756 2976; x_wconf 95' lang='lat' dir='ltr'><strong>et</strong></span> <span class='ocrx_word' id='word_1_349' title='bbox 1792 2925 1910 2976; x_wconf 90' lang='lat' dir='ltr'><strong>uturae</strong></span> <span class='ocrx_word' id='word_1_350' title='bbox 1933 2913 2028 2973; x_wconf 87' lang='lat' dir='ltr'><strong>vitae.</strong></span> <span class='ocrx_word' id='word_1_351' title='bbox 2057 2909 2221 2973; x_wconf 86' lang='lat' dir='ltr'><strong>interdurn</strong></span> <span class='ocrx_word' id='word_1_352' title='bbox 2245 2932 2331 2976; x_wconf 87' lang='lat' dir='ltr'><strong>vero</strong></span> <span class='ocrx_word' id='word_1_353' title='bbox 2353 2914 2473 2976; x_wconf 82' lang='lat' dir='ltr'><strong>discet·-</strong></span> 
     </span>
     <span class='ocr_line' id='line_1_27' title="bbox 479 2993 2475 3081; baseline 0.001 -22"><span class='ocrx_word' id='word_1_354' title='bbox 479 2996 837 3077; x_wconf 77' lang='lat' dir='ltr'><strong>cit[1.Tim.5‚19.1:</strong></span> <span class='ocrx_word' id='word_1_355' title='bbox 865 2995 1039 3061; x_wconf 91' lang='lat' dir='ltr'><strong>Adversus</strong></span> <span class='ocrx_word' id='word_1_356' title='bbox 1058 2996 1292 3081; x_wconf 86' lang='lat' dir='ltr'><strong>Presbyterum</strong></span> <span class='ocrx_word' id='word_1_357' title='bbox 1314 3015 1380 3060; x_wconf 94' lang='lat' dir='ltr'><strong>non</strong></span> <span class='ocrx_word' id='word_1_358' title='bbox 1404 3016 1453 3057; x_wconf 89' lang='lat' dir='ltr'><strong>re·</strong></span> <span class='ocrx_word' id='word_1_359' title='bbox 1495 3009 1576 3062; x_wconf 88' lang='grc'><strong>0001</strong></span> <span class='ocrx_word' id='word_1_360' title='bbox 1609 3008 1643 3060; x_wconf 88' lang='grc'><strong>01</strong></span> <span class='ocrx_word' id='word_1_361' title='bbox 1663 2994 1772 3079; x_wconf 88' lang='lat' dir='ltr'><strong>palam</strong></span> <span class='ocrx_word' id='word_1_362' title='bbox 1803 2998 2035 3072; x_wconf 89' lang='lat' dir='ltr'><strong>vaticinantur,</strong></span> <span class='ocrx_word' id='word_1_363' title='bbox 2057 2993 2242 3059; x_wconf 87' lang='lat' dir='ltr'><strong>Ecclesiam</strong></span> <span class='ocrx_word' id='word_1_364' title='bbox 2266 2998 2301 3060; x_wconf 90' lang='lat' dir='ltr'><strong>in</strong></span> <span class='ocrx_word' id='word_1_365' title='bbox 2324 2996 2390 3060; x_wconf 86' lang='lat' dir='ltr'><strong>hac</strong></span> <span class='ocrx_word' id='word_1_366' title='bbox 2412 2998 2475 3061; x_wconf 83' lang='lat' dir='ltr'><strong>vita</strong></span> 
     </span>
     <span class='ocr_line' id='line_1_28' title="bbox 480 3079 2473 3166; baseline 0 -22"><span class='ocrx_word' id='word_1_367' title='bbox 480 3083 583 3165; x_wconf 88' lang='lat' dir='ltr'><strong>cipias</strong></span> <span class='ocrx_word' id='word_1_368' title='bbox 616 3082 862 3144; x_wconf 88' lang='lat' dir='ltr'><strong>accusationem</strong></span> <span class='ocrx_word' id='word_1_369' title='bbox 894 3082 956 3144; x_wconf 89' lang='lat' dir='ltr'><strong>nisi</strong></span> <span class='ocrx_word' id='word_1_370' title='bbox 991 3082 1131 3144; x_wconf 89' lang='lat' dir='ltr'><strong>testibus</strong></span> <span class='ocrx_word' id='word_1_371' title='bbox 1153 3079 1316 3143; x_wconf 88' lang='lat' dir='ltr'><strong>adhibitis.</strong></span> <span class='ocrx_word' id='word_1_372' title='bbox 1361 3079 1452 3164; x_wconf 81' lang='lat' dir='ltr'><strong>Ergo</strong></span> <span class='ocrx_word' id='word_1_373' title='bbox 1494 3101 1669 3166; x_wconf 83' lang='lat' dir='ltr'><strong>passuram</strong></span> <span class='ocrx_word' id='word_1_374' title='bbox 1691 3101 1768 3145; x_wconf 89' lang='lat' dir='ltr'><strong>esse</strong></span> <span class='ocrx_word' id='word_1_375' title='bbox 1788 3082 2049 3164; x_wconf 83' lang='lat' dir='ltr'><strong>persecutiones.</strong></span> <span class='ocrx_word' id='word_1_376' title='bbox 2094 3079 2187 3143; x_wconf 90' lang='lat' dir='ltr'><strong>Sicut</strong></span> <span class='ocrx_word' id='word_1_377' title='bbox 2209 3082 2309 3146; x_wconf 91' lang='lat' dir='ltr'><strong>docet</strong></span> <span class='ocrx_word' id='word_1_378' title='bbox 2331 3079 2420 3144; x_wconf 91' lang='lat' dir='ltr'><strong>Psal.</strong></span> <span class='ocrx_word' id='word_1_379' title='bbox 2442 3082 2473 3145; x_wconf 71' lang='lat'><strong>2.</strong></span> 
     </span>
     <span class='ocr_line' id='line_1_29' title="bbox 478 3164 2471 3251; baseline -0.001 -21"><span class='ocrx_word' id='word_1_380' title='bbox 478 3168 533 3249; x_wconf 91' lang='lat' dir='ltr'><strong>qui</strong></span> <span class='ocrx_word' id='word_1_381' title='bbox 566 3177 805 3246; x_wconf 85' lang='grc'><strong>0000000001</strong></span> <span class='ocrx_word' id='word_1_382' title='bbox 837 3167 990 3229; x_wconf 86' lang='lat' dir='ltr'><strong>convinci</strong></span> <span class='ocrx_word' id='word_1_383' title='bbox 1011 3167 1224 3243; x_wconf 88' lang='lat' dir='ltr'><strong>testimoniis,</strong></span> <span class='ocrx_word' id='word_1_384' title='bbox 1246 3185 1312 3228; x_wconf 94' lang='lat' dir='ltr'><strong>non</strong></span> <span class='ocrx_word' id='word_1_385' title='bbox 1335 3166 1454 3228; x_wconf 91' lang='lat' dir='ltr'><strong>debent</strong></span> <span class='ocrx_word' id='word_1_386' title='bbox 1497 3176 1560 3246; x_wconf 81' lang='lat' dir='ltr'><strong>[vs.</strong></span> <span class='ocrx_word' id='word_1_387' title='bbox 1583 3167 1631 3247; x_wconf 73' lang='grc'><strong>2.]</strong></span> <span class='ocrx_word' id='word_1_388' title='bbox 1663 3168 1847 3232; x_wconf 87' lang='lat' dir='ltr'><strong>Astiterunt</strong></span> <span class='ocrx_word' id='word_1_389' title='bbox 1867 3164 1980 3251; x_wconf 83' lang='lat' dir='ltr'><strong>Reges</strong></span> <span class='ocrx_word' id='word_1_390' title='bbox 2013 3177 2123 3229; x_wconf 90' lang='lat' dir='ltr'><strong>terrae</strong></span> <span class='ocrx_word' id='word_1_391' title='bbox 2146 3180 2179 3228; x_wconf 92' lang='lat' dir='ltr'><strong>et</strong></span> <span class='ocrx_word' id='word_1_392' title='bbox 2197 3164 2369 3249; x_wconf 81' lang='lat' dir='ltr'><strong>Principes</strong></span> <span class='ocrx_word' id='word_1_393' title='bbox 2391 3185 2471 3229; x_wconf 92' lang='lat' dir='ltr'><strong>con·</strong></span> 
     </span>
     <span class='ocr_line' id='line_1_30' title="bbox 477 3248 2469 3335; baseline 0.001 -24"><span class='ocrx_word' id='word_1_394' title='bbox 477 3248 621 3314; x_wconf 91' lang='lat' dir='ltr'><strong>humano</strong></span> <span class='ocrx_word' id='word_1_395' title='bbox 644 3250 762 3313; x_wconf 91' lang='lat' dir='ltr'><strong>iudicio</strong></span> <span class='ocrx_word' id='word_1_396' title='bbox 785 3252 943 3332; x_wconf 89' lang='lat' dir='ltr'><strong>separari.</strong></span> <span class='ocrx_word' id='word_1_397' title='bbox 981 3249 1188 3333; x_wconf 83' lang='lat' dir='ltr'><strong>Impossibile</strong></span> <span class='ocrx_word' id='word_1_398' title='bbox 1211 3260 1262 3313; x_wconf 90' lang='lat' dir='ltr'><strong>est</strong></span> <span class='ocrx_word' id='word_1_399' title='bbox 1283 3252 1383 3335; x_wconf 76' lang='lat' dir='ltr'><strong>igitur</strong></span> <span class='ocrx_word' id='word_1_400' title='bbox 1405 3261 1453 3314; x_wconf 87' lang='lat' dir='ltr'><strong>ta·</strong></span> <span class='ocrx_word' id='word_1_401' title='bbox 1495 3263 1656 3317; x_wconf 89' lang='lat' dir='ltr'><strong>venerunt</strong></span> <span class='ocrx_word' id='word_1_402' title='bbox 1688 3254 1722 3315; x_wconf 91' lang='lat' dir='ltr'><strong>in</strong></span> <span class='ocrx_word' id='word_1_403' title='bbox 1749 3275 1850 3319; x_wconf 90' lang='lat' dir='ltr'><strong>unum</strong></span> <span class='ocrx_word' id='word_1_404' title='bbox 1871 3252 2032 3316; x_wconf 87' lang='lat' dir='ltr'><strong>adversus</strong></span> <span class='ocrx_word' id='word_1_405' title='bbox 2055 3250 2228 3314; x_wconf 86' lang='lat' dir='ltr'><strong>Dominum</strong></span> <span class='ocrx_word' id='word_1_406' title='bbox 2254 3264 2284 3314; x_wconf 90' lang='lat' dir='ltr'><strong>et</strong></span> <span class='ocrx_word' id='word_1_407' title='bbox 2304 3250 2469 3314; x_wconf 86' lang='lat' dir='ltr'><strong>adversus</strong></span> 
     </span>
     <span class='ocr_line' id='line_1_31' title="bbox 414 3331 2474 3415; baseline 0.002 -20"><span class='ocrx_word' id='word_1_408' title='bbox 414 3349 419 3357; x_wconf 92' lang='lat'>·</span> <span class='ocrx_word' id='word_1_409' title='bbox 477 3331 542 3396; x_wconf 92' lang='lat' dir='ltr'><strong>lem</strong></span> <span class='ocrx_word' id='word_1_410' title='bbox 565 3331 751 3398; x_wconf 87' lang='lat' dir='ltr'><strong>Ecclesiam</strong></span> <span class='ocrx_word' id='word_1_411' title='bbox 785 3337 989 3400; x_wconf 89' lang='lat' dir='ltr'><strong>constituere</strong></span> <span class='ocrx_word' id='word_1_412' title='bbox 1021 3348 1097 3398; x_wconf 93' lang='lat' dir='ltr'><strong>ante</strong></span> <span class='ocrx_word' id='word_1_413' title='bbox 1119 3336 1335 3399; x_wconf 85' lang='lat' dir='ltr'><strong>novissimum</strong></span> <span class='ocrx_word' id='word_1_414' title='bbox 1357 3337 1453 3412; x_wconf 91' lang='lat' dir='ltr'><strong>diem,</strong></span> <span class='ocrx_word' id='word_1_415' title='bbox 1495 3335 1662 3402; x_wconf 85' lang='lat' dir='ltr'><strong>Christum</strong></span> <span class='ocrx_word' id='word_1_416' title='bbox 1684 3340 1766 3403; x_wconf 85' lang='lat' dir='ltr'><strong>eius.</strong></span> <span class='ocrx_word' id='word_1_417' title='bbox 1809 3337 1853 3402; x_wconf 86' lang='lat' dir='ltr'><strong>Et</strong></span> <span class='ocrx_word' id='word_1_418' title='bbox 1872 3334 1963 3401; x_wconf 91' lang='lat' dir='ltr'><strong>Psal.</strong></span> <span class='ocrx_word' id='word_1_419' title='bbox 1988 3335 2059 3398; x_wconf 84' lang='lat'><strong>115.</strong></span> <span class='ocrx_word' id='word_1_420' title='bbox 2084 3341 2146 3412; x_wconf 92' lang='lat' dir='ltr'><strong>[vs.</strong></span> <span class='ocrx_word' id='word_1_421' title='bbox 2171 3335 2235 3415; x_wconf 86' lang='lat'><strong>15.]</strong></span> <span class='ocrx_word' id='word_1_422' title='bbox 2267 3334 2416 3399; x_wconf 89' lang='lat' dir='ltr'><strong>Pretiosa</strong></span> <span class='ocrx_word' id='word_1_423' title='bbox 2436 3335 2474 3400; x_wconf 82' lang='lat' dir='ltr'><strong>in</strong></span> 
     </span>
     <span class='ocr_line' id='line_1_32' title="bbox 478 3415 2474 3507; baseline 0.003 -27"><span class='ocrx_word' id='word_1_424' title='bbox 478 3420 510 3480; x_wconf 94' lang='lat' dir='ltr'><strong>in</strong></span> <span class='ocrx_word' id='word_1_425' title='bbox 533 3438 599 3501; x_wconf 91' lang='lat' dir='ltr'><strong>qua</strong></span> <span class='ocrx_word' id='word_1_426' title='bbox 621 3415 700 3481; x_wconf 92' lang='lat' dir='ltr'><strong>nulli</strong></span> <span class='ocrx_word' id='word_1_427' title='bbox 723 3420 788 3481; x_wconf 90' lang='lat' dir='ltr'><strong>sint</strong></span> <span class='ocrx_word' id='word_1_428' title='bbox 809 3417 1021 3504; x_wconf 63' lang='lat' dir='ltr'><strong>hypocritam</strong></span> <span class='ocrx_word' id='word_1_429' title='bbox 1061 3419 1130 3484; x_wconf 90' lang='lat' dir='ltr'><strong>Sed</strong></span> <span class='ocrx_word' id='word_1_430' title='bbox 1151 3418 1309 3484; x_wconf 89' lang='lat' dir='ltr'><strong>Pastores</strong></span> <span class='ocrx_word' id='word_1_431' title='bbox 1331 3417 1454 3483; x_wconf 88' lang='lat' dir='ltr'><strong>faciant</strong></span> <span class='ocrx_word' id='word_1_432' title='bbox 1497 3434 1681 3507; x_wconf 90' lang='lat' dir='ltr'><strong>conspectu</strong></span> <span class='ocrx_word' id='word_1_433' title='bbox 1698 3422 1832 3487; x_wconf 87' lang='lat' dir='ltr'><strong>Domini</strong></span> <span class='ocrx_word' id='word_1_434' title='bbox 1866 3441 1956 3486; x_wconf 89' lang='lat' dir='ltr'><strong>mors</strong></span> <span class='ocrx_word' id='word_1_435' title='bbox 1978 3432 2168 3483; x_wconf 88' lang='lat' dir='ltr'><strong>sanctornm</strong></span> <span class='ocrx_word' id='word_1_436' title='bbox 2191 3423 2274 3484; x_wconf 90' lang='lat' dir='ltr'><strong>eius.</strong></span> <span class='ocrx_word' id='word_1_437' title='bbox 2319 3419 2364 3483; x_wconf 89' lang='lat' dir='ltr'><strong>Et</strong></span> <span class='ocrx_word' id='word_1_438' title='bbox 2385 3417 2474 3485; x_wconf 88' lang='lat' dir='ltr'><strong>Psal.</strong></span> 
     </span>
     <span class='ocr_line' id='line_1_33' title="bbox 479 3499 2475 3592; baseline 0.003 -27"><span class='ocrx_word' id='word_1_439' title='bbox 479 3523 576 3566; x_wconf 90' lang='lat' dir='ltr'><strong>suum</strong></span> <span class='ocrx_word' id='word_1_440' title='bbox 598 3499 755 3578; x_wconf 87' lang='lat' dir='ltr'><strong>officium,</strong></span> <span class='ocrx_word' id='word_1_441' title='bbox 788 3525 871 3586; x_wconf 93' lang='lat' dir='ltr'><strong>pure</strong></span> <span class='ocrx_word' id='word_1_442' title='bbox 904 3516 937 3568; x_wconf 91' lang='lat' dir='ltr'><strong>et</strong></span> <span class='ocrx_word' id='word_1_443' title='bbox 958 3501 1097 3568; x_wconf 88' lang='lat' dir='ltr'><strong>fideliter</strong></span> <span class='ocrx_word' id='word_1_444' title='bbox 1118 3505 1260 3568; x_wconf 90' lang='lat' dir='ltr'><strong>doceant</strong></span> <span class='ocrx_word' id='word_1_445' title='bbox 1283 3514 1316 3567; x_wconf 91' lang='lat' dir='ltr'><strong>et</strong></span> <span class='ocrx_word' id='word_1_446' title='bbox 1336 3502 1453 3578; x_wconf 83' lang='lat' dir='ltr'><strong>Eccle·</strong></span> <span class='ocrx_word' id='word_1_447' title='bbox 1495 3507 1549 3571; x_wconf 87' lang='lat'><strong>71.</strong></span> <span class='ocrx_word' id='word_1_448' title='bbox 1571 3512 1636 3586; x_wconf 87' lang='lat' dir='ltr'><strong>[vs.</strong></span> <span class='ocrx_word' id='word_1_449' title='bbox 1660 3509 1725 3586; x_wconf 88' lang='grc'><strong>14.]</strong></span> <span class='ocrx_word' id='word_1_450' title='bbox 1759 3506 1932 3572; x_wconf 88' lang='lat' dir='ltr'><strong>Pretiosns</strong></span> <span class='ocrx_word' id='word_1_451' title='bbox 1954 3508 2091 3592; x_wconf 79' lang='lat' dir='ltr'><strong>sangnis</strong></span> <span class='ocrx_word' id='word_1_452' title='bbox 2115 3527 2227 3569; x_wconf 92' lang='lat' dir='ltr'><strong>eorum</strong></span> <span class='ocrx_word' id='word_1_453' title='bbox 2252 3527 2373 3574; x_wconf 85' lang='lat' dir='ltr'><strong>coram</strong></span> <span class='ocrx_word' id='word_1_454' title='bbox 2392 3508 2475 3591; x_wconf 87' lang='lat' dir='ltr'><strong>ipso.</strong></span> 
     </span>
     <span class='ocr_line' id='line_1_34' title="bbox 479 3584 2477 3673; baseline 0.005 -24"><span class='ocrx_word' id='word_1_455' title='bbox 479 3588 549 3649; x_wconf 89' lang='lat' dir='ltr'><strong>siae</strong></span> <span class='ocrx_word' id='word_1_456' title='bbox 581 3584 851 3670; x_wconf 82' lang='lat' dir='ltr'><strong>glorificationem</strong></span> <span class='ocrx_word' id='word_1_457' title='bbox 884 3589 1113 3653; x_wconf 89' lang='lat' dir='ltr'><strong>commendent</strong></span> <span class='ocrx_word' id='word_1_458' title='bbox 1136 3587 1279 3653; x_wconf 85' lang='lat' dir='ltr'><strong>Christo.</strong></span> <span class='ocrx_word' id='word_1_459' title='bbox 1323 3588 1454 3654; x_wconf 88' lang='lat' dir='ltr'><strong>lnterim</strong></span> <span class='ocrx_word' id='word_1_460' title='bbox 1495 3592 1537 3656; x_wconf 88' lang='lat' dir='ltr'><strong>Et</strong></span> <span class='ocrx_word' id='word_1_461' title='bbox 1559 3605 1699 3658; x_wconf 91' lang='lat' dir='ltr'><strong>venuste</strong></span> <span class='ocrx_word' id='word_1_462' title='bbox 1721 3595 1880 3658; x_wconf 89' lang='lat' dir='ltr'><strong>describit</strong></span> <span class='ocrx_word' id='word_1_463' title='bbox 1900 3593 2024 3657; x_wconf 88' lang='lat' dir='ltr'><strong>lesaias</strong></span> <span class='ocrx_word' id='word_1_464' title='bbox 2043 3588 2228 3656; x_wconf 90' lang='lat' dir='ltr'><strong>Ecclesiam</strong></span> <span class='ocrx_word' id='word_1_465' title='bbox 2253 3594 2285 3656; x_wconf 89' lang='lat' dir='ltr'><strong>in</strong></span> <span class='ocrx_word' id='word_1_466' title='bbox 2311 3592 2380 3658; x_wconf 91' lang='lat' dir='ltr'><strong>hac</strong></span> <span class='ocrx_word' id='word_1_467' title='bbox 2401 3596 2477 3673; x_wconf 75' lang='lat' dir='ltr'><strong>vita,</strong></span> 
     </span>
     <span class='ocr_line' id='line_1_35' title="bbox 477 3670 2478 3760; baseline 0.006 -27"><span class='ocrx_word' id='word_1_468' title='bbox 477 3672 511 3733; x_wconf 94' lang='lat' dir='ltr'><strong>in</strong></span> <span class='ocrx_word' id='word_1_469' title='bbox 533 3670 598 3734; x_wconf 92' lang='lat' dir='ltr'><strong>hac</strong></span> <span class='ocrx_word' id='word_1_470' title='bbox 619 3673 687 3736; x_wconf 90' lang='lat' dir='ltr'><strong>vita</strong></span> <span class='ocrx_word' id='word_1_471' title='bbox 705 3693 837 3755; x_wconf 87' lang='lat' dir='ltr'><strong>semper</strong></span> <span class='ocrx_word' id='word_1_472' title='bbox 859 3684 955 3738; x_wconf 86' lang='lat' dir='ltr'><strong>crunt</strong></span> <span class='ocrx_word' id='word_1_473' title='bbox 964 3671 1137 3738; x_wconf 87' lang='lat' dir='ltr'><strong>Ecclesiae</strong></span> <span class='ocrx_word' id='word_1_474' title='bbox 1156 3675 1291 3738; x_wconf 80' lang='lat' dir='ltr'><strong>admixti</strong></span> <span class='ocrx_word' id='word_1_475' title='bbox 1313 3672 1399 3751; x_wconf 89' lang='lat' dir='ltr'><strong>mali,</strong></span> <span class='ocrx_word' id='word_1_476' title='bbox 1422 3685 1454 3738; x_wconf 89' lang='lat' dir='ltr'><strong>et</strong></span> <span class='ocrx_word' id='word_1_477' title='bbox 1498 3698 1570 3760; x_wconf 93' lang='lat' dir='ltr'><strong>cap.</strong></span> <span class='ocrx_word' id='word_1_478' title='bbox 1593 3676 1646 3741; x_wconf 84' lang='lat'><strong>30.</strong></span> <span class='ocrx_word' id='word_1_479' title='bbox 1665 3684 1728 3756; x_wconf 92' lang='lat' dir='ltr'><strong>[vs.</strong></span> <span class='ocrx_word' id='word_1_480' title='bbox 1750 3678 1820 3757; x_wconf 70' lang='grc'><strong>111]</strong></span> <span class='ocrx_word' id='word_1_481' title='bbox 1853 3676 1956 3741; x_wconf 90' lang='lat' dir='ltr'><strong>Dabit</strong></span> <span class='ocrx_word' id='word_1_482' title='bbox 1977 3677 2073 3740; x_wconf 91' lang='lat' dir='ltr'><strong>vobis</strong></span> <span class='ocrx_word' id='word_1_483' title='bbox 2095 3675 2258 3741; x_wconf 89' lang='lat' dir='ltr'><strong>Dominus</strong></span> <span class='ocrx_word' id='word_1_484' title='bbox 2282 3700 2408 3760; x_wconf 92' lang='lat' dir='ltr'><strong>panem</strong></span> <span class='ocrx_word' id='word_1_485' title='bbox 2429 3699 2478 3744; x_wconf 77' lang='lat' dir='ltr'><strong>cr·</strong></span> 
     </span>
     <span class='ocr_line' id='line_1_36' title="bbox 478 3753 2478 3846; baseline 0.006 -27"><span class='ocrx_word' id='word_1_486' title='bbox 478 3753 571 3820; x_wconf 89' lang='lat' dir='ltr'><strong>multi</strong></span> <span class='ocrx_word' id='word_1_487' title='bbox 604 3758 692 3841; x_wconf 91' lang='lat' dir='ltr'><strong>impii</strong></span> <span class='ocrx_word' id='word_1_488' title='bbox 723 3760 882 3822; x_wconf 90' lang='lat' dir='ltr'><strong>tenebunt</strong></span> <span class='ocrx_word' id='word_1_489' title='bbox 913 3760 1048 3842; x_wconf 88' lang='lat' dir='ltr'><strong>imperia</strong></span> <span class='ocrx_word' id='word_1_490' title='bbox 1080 3760 1189 3822; x_wconf 90' lang='lat' dir='ltr'><strong>mundi</strong></span> <span class='ocrx_word' id='word_1_491' title='bbox 1223 3770 1255 3823; x_wconf 91' lang='lat' dir='ltr'><strong>et</strong></span> <span class='ocrx_word' id='word_1_492' title='bbox 1279 3756 1455 3822; x_wconf 87' lang='lat' dir='ltr'><strong>crudeliter</strong></span> <span class='ocrx_word' id='word_1_493' title='bbox 1498 3773 1585 3827; x_wconf 91' lang='lat' dir='ltr'><strong>ctum</strong></span> <span class='ocrx_word' id='word_1_494' title='bbox 1608 3774 1641 3825; x_wconf 90' lang='lat' dir='ltr'><strong>et</strong></span> <span class='ocrx_word' id='word_1_495' title='bbox 1660 3783 1780 3846; x_wconf 88' lang='lat' dir='ltr'><strong>aquam</strong></span> <span class='ocrx_word' id='word_1_496' title='bbox 1804 3763 1965 3846; x_wconf 78' lang='lat' dir='ltr'><strong>exiguam,</strong></span> <span class='ocrx_word' id='word_1_497' title='bbox 2000 3776 2033 3824; x_wconf 87' lang='lat' dir='ltr'><strong>et</strong></span> <span class='ocrx_word' id='word_1_498' title='bbox 2055 3782 2121 3824; x_wconf 89' lang='grc'><strong>000</strong></span> <span class='ocrx_word' id='word_1_499' title='bbox 2144 3760 2272 3825; x_wconf 84' lang='lat' dir='ltr'><strong>auferet</strong></span> <span class='ocrx_word' id='word_1_500' title='bbox 2294 3763 2391 3829; x_wconf 88' lang='lat' dir='ltr'><strong>ultra</strong></span> <span class='ocrx_word' id='word_1_501' title='bbox 2407 3787 2427 3829; x_wconf 90' lang='lat' dir='ltr'><strong>a</strong></span> <span class='ocrx_word' id='word_1_502' title='bbox 2446 3777 2478 3829; x_wconf 88' lang='grc'><strong>10</strong></span> 
     </span>
     <span class='ocr_line' id='line_1_37' title="bbox 478 3840 2478 3927; baseline 0.007 -24"><span class='ocrx_word' id='word_1_503' title='bbox 478 3851 718 3923; x_wconf 90' lang='lat' dir='ltr'><strong>persequentur</strong></span> <span class='ocrx_word' id='word_1_504' title='bbox 738 3840 923 3907; x_wconf 90' lang='lat' dir='ltr'><strong>Ecclesiam</strong></span> <span class='ocrx_word' id='word_1_505' title='bbox 945 3861 1051 3926; x_wconf 89' lang='lat' dir='ltr'><strong>usque</strong></span> <span class='ocrx_word' id='word_1_506' title='bbox 1072 3843 1115 3906; x_wconf 88' lang='lat' dir='ltr'><strong>ad</strong></span> <span class='ocrx_word' id='word_1_507' title='bbox 1138 3841 1322 3927; x_wconf 82' lang='lat' dir='ltr'><strong>gloriosum</strong></span> <span class='ocrx_word' id='word_1_508' title='bbox 1334 3841 1455 3907; x_wconf 86' lang='lat' dir='ltr'><strong>Christi</strong></span> <span class='ocrx_word' id='word_1_509' title='bbox 1497 3848 1667 3911; x_wconf 89' lang='lat' dir='ltr'><strong>doctorem</strong></span> <span class='ocrx_word' id='word_1_510' title='bbox 1699 3860 1790 3911; x_wconf 93' lang='lat' dir='ltr'><strong>tuum</strong></span> <span class='ocrx_word' id='word_1_511' title='bbox 1823 3856 1886 3909; x_wconf 92' lang='lat' dir='ltr'><strong>etc.</strong></span> <span class='ocrx_word' id='word_1_512' title='bbox 1930 3845 1992 3908; x_wconf 89' lang='lat' dir='ltr'><strong>Hic</strong></span> <span class='ocrx_word' id='word_1_513' title='bbox 2025 3857 2165 3910; x_wconf 77' lang='lat' dir='ltr'><strong>testatur</strong></span> <span class='ocrx_word' id='word_1_514' title='bbox 2187 3844 2383 3915; x_wconf 88' lang='lat' dir='ltr'><strong>Ecclesiam</strong></span> <span class='ocrx_word' id='word_1_515' title='bbox 2405 3871 2478 3916; x_wconf 86' lang='lat' dir='ltr'><strong>con·</strong></span> 
     </span>
     <span class='ocr_line' id='line_1_38' title="bbox 479 3923 2358 4008; baseline 0.006 -22"><span class='ocrx_word' id='word_1_516' title='bbox 479 3926 667 3988; x_wconf 89' lang='lat' dir='ltr'><strong>adventum.</strong></span> <span class='ocrx_word' id='word_1_517' title='bbox 711 3923 754 3986; x_wconf 88' lang='lat' dir='ltr'><strong>Et</strong></span> <span class='ocrx_word' id='word_1_518' title='bbox 786 3938 897 3991; x_wconf 87' lang='lat' dir='ltr'><strong>tamen</strong></span> <span class='ocrx_word' id='word_1_519' title='bbox 924 3930 955 3989; x_wconf 93' lang='lat' dir='ltr'><strong>in</strong></span> <span class='ocrx_word' id='word_1_520' title='bbox 977 3926 1031 3992; x_wconf 89' lang='lat' dir='ltr'><strong>his</strong></span> <span class='ocrx_word' id='word_1_521' title='bbox 1053 3930 1337 4008; x_wconf 83' lang='lat' dir='ltr'><strong>persecutionibus</strong></span> <span class='ocrx_word' id='word_1_522' title='bbox 1361 3927 1454 3991; x_wconf 87' lang='lat' dir='ltr'><strong>Chri·</strong></span> <span class='ocrx_word' id='word_1_523' title='bbox 1496 3930 1694 3995; x_wconf 88' lang='lat' dir='ltr'><strong>servandam</strong></span> <span class='ocrx_word' id='word_1_524' title='bbox 1716 3951 1804 4007; x_wconf 87' lang='lat' dir='ltr'><strong>esse,</strong></span> <span class='ocrx_word' id='word_1_525' title='bbox 1825 3931 1887 3994; x_wconf 89' lang='lat' dir='ltr'><strong>sed</strong></span> <span class='ocrx_word' id='word_1_526' title='bbox 1905 3942 2014 3994; x_wconf 87' lang='lat' dir='ltr'><strong>tamen</strong></span> <span class='ocrx_word' id='word_1_527' title='bbox 2036 3932 2120 3993; x_wconf 89' lang='lat' dir='ltr'><strong>inter</strong></span> <span class='ocrx_word' id='word_1_528' title='bbox 2141 3930 2358 3998; x_wconf 87' lang='lat' dir='ltr'><strong>alllictiones.</strong></span> 
     </span>
     <span class='ocr_line' id='line_1_39' title="bbox 479 4006 2477 4099; baseline 0.008 -29"><span class='ocrx_word' id='word_1_529' title='bbox 479 4021 552 4072; x_wconf 85' lang='lat' dir='ltr'><strong>stus</strong></span> <span class='ocrx_word' id='word_1_530' title='bbox 573 4028 634 4072; x_wconf 91' lang='lat' dir='ltr'><strong>suo</strong></span> <span class='ocrx_word' id='word_1_531' title='bbox 659 4006 798 4074; x_wconf 88' lang='lat' dir='ltr'><strong>consilio</strong></span> <span class='ocrx_word' id='word_1_532' title='bbox 819 4009 948 4093; x_wconf 88' lang='lat' dir='ltr'><strong>aliquas</strong></span> <span class='ocrx_word' id='word_1_533' title='bbox 971 4006 1126 4093; x_wconf 84' lang='lat' dir='ltr'><strong>reliquias</strong></span> <span class='ocrx_word' id='word_1_534' title='bbox 1149 4023 1278 4089; x_wconf 88' lang='lat' dir='ltr'><strong>servat,</strong></span> <span class='ocrx_word' id='word_1_535' title='bbox 1301 4033 1343 4075; x_wconf 87' lang='lat' dir='ltr'><strong>ne</strong></span> <span class='ocrx_word' id='word_1_536' title='bbox 1365 4014 1454 4095; x_wconf 89' lang='lat' dir='ltr'><strong>peni·</strong></span> <span class='ocrx_word' id='word_1_537' title='bbox 1580 4013 1701 4078; x_wconf 90' lang='lat' dir='ltr'><strong>Daniel</strong></span> <span class='ocrx_word' id='word_1_538' title='bbox 1722 4026 1838 4099; x_wconf 88' lang='lat' dir='ltr'><strong>aperte</strong></span> <span class='ocrx_word' id='word_1_539' title='bbox 1860 4016 2058 4079; x_wconf 88' lang='lat' dir='ltr'><strong>vaticinatur</strong></span> <span class='ocrx_word' id='word_1_540' title='bbox 2079 4016 2121 4077; x_wconf 94' lang='lat' dir='ltr'><strong>de</strong></span> <span class='ocrx_word' id='word_1_541' title='bbox 2141 4020 2385 4098; x_wconf 87' lang='lat' dir='ltr'><strong>persecutione</strong></span> <span class='ocrx_word' id='word_1_542' title='bbox 2406 4034 2477 4086; x_wconf 83' lang='lat' dir='ltr'><strong>ante</strong></span> 
     </span>
     <span class='ocr_line' id='line_1_40' title="bbox 480 4090 2475 4190; baseline 0.006 -34"><span class='ocrx_word' id='word_1_543' title='bbox 480 4105 533 4156; x_wconf 90' lang='lat' dir='ltr'><strong>tus</strong></span> <span class='ocrx_word' id='word_1_544' title='bbox 566 4090 714 4156; x_wconf 86' lang='lat' dir='ltr'><strong>deleatur</strong></span> <span class='ocrx_word' id='word_1_545' title='bbox 736 4092 900 4159; x_wconf 86' lang='lat' dir='ltr'><strong>Ecclesia.</strong></span> <span class='ocrx_word' id='word_1_546' title='bbox 944 4093 1025 4158; x_wconf 86' lang='lat' dir='ltr'><strong>Tale</strong></span> <span class='ocrx_word' id='word_1_547' title='bbox 1047 4105 1099 4158; x_wconf 90' lang='lat' dir='ltr'><strong>est</strong></span> <span class='ocrx_word' id='word_1_548' title='bbox 1121 4115 1258 4180; x_wconf 81' lang='lat' dir='ltr'><strong>regnum</strong></span> <span class='ocrx_word' id='word_1_549' title='bbox 1275 4094 1399 4160; x_wconf 89' lang='lat' dir='ltr'><strong>Christi</strong></span> <span class='ocrx_word' id='word_1_550' title='bbox 1421 4098 1453 4159; x_wconf 93' lang='lat' dir='ltr'><strong>in</strong></span> <span class='ocrx_word' id='word_1_551' title='bbox 1495 4101 1708 4165; x_wconf 86' lang='lat' dir='ltr'><strong>novissimum</strong></span> <span class='ocrx_word' id='word_1_552' title='bbox 1717 4103 1765 4181; x_wconf 78' lang='lat'><strong>²⁵)</strong></span> <span class='ocrx_word' id='word_1_553' title='bbox 1788 4102 1874 4165; x_wconf 90' lang='lat' dir='ltr'><strong>diem</strong></span> <span class='ocrx_word' id='word_1_554' title='bbox 1892 4100 1960 4180; x_wconf 70' lang='lat'><strong>[11.</strong></span> <span class='ocrx_word' id='word_1_555' title='bbox 1984 4100 2070 4178; x_wconf 84' lang='lat'><strong>33.]:</strong></span> <span class='ocrx_word' id='word_1_556' title='bbox 2114 4100 2156 4164; x_wconf 88' lang='lat' dir='ltr'><strong>Et</strong></span> <span class='ocrx_word' id='word_1_557' title='bbox 2184 4102 2273 4166; x_wconf 92' lang='lat' dir='ltr'><strong>docti</strong></span> <span class='ocrx_word' id='word_1_558' title='bbox 2296 4105 2334 4166; x_wconf 91' lang='lat' dir='ltr'><strong>in</strong></span> <span class='ocrx_word' id='word_1_559' title='bbox 2359 4103 2475 4190; x_wconf 74' lang='lat' dir='ltr'><strong>popdo</strong></span> 
     </span>
     <span class='ocr_line' id='line_1_41' title="bbox 478 4176 2476 4273; baseline 0.008 -34"><span class='ocrx_word' id='word_1_560' title='bbox 478 4176 543 4242; x_wconf 90' lang='lat' dir='ltr'><strong>hac</strong></span> <span class='ocrx_word' id='word_1_561' title='bbox 566 4178 643 4241; x_wconf 89' lang='lat' dir='ltr'><strong>vita.</strong></span> <span class='ocrx_word' id='word_1_562' title='bbox 1427 4189 1434 4199; x_wconf 82' lang='grc'>”</span> <span class='ocrx_word' id='word_1_563' title='bbox 1496 4186 1662 4249; x_wconf 90' lang='lat' dir='ltr'><strong>docebunt</strong></span> <span class='ocrx_word' id='word_1_564' title='bbox 1693 4183 1851 4267; x_wconf 92' lang='lat' dir='ltr'><strong>plurimos</strong></span> <span class='ocrx_word' id='word_1_565' title='bbox 1885 4197 1922 4248; x_wconf 91' lang='lat' dir='ltr'><strong>et</strong></span> <span class='ocrx_word' id='word_1_566' title='bbox 1951 4187 2099 4250; x_wconf 81' lang='lat' dir='ltr'><strong>ruentia</strong></span> <span class='ocrx_word' id='word_1_567' title='bbox 2123 4185 2245 4269; x_wconf 82' lang='lat' dir='ltr'><strong>gladio.</strong></span> <span class='ocrx_word' id='word_1_568' title='bbox 2290 4186 2338 4251; x_wconf 90' lang='lat' dir='ltr'><strong>Et</strong></span> <span class='ocrx_word' id='word_1_569' title='bbox 2364 4203 2476 4273; x_wconf 81' lang='lat' dir='ltr'><strong>postca</strong></span> 
     </span>
     <span class='ocr_line' id='line_1_42' title="bbox 563 4260 2476 4354; baseline 0.006 -29"><span class='ocrx_word' id='word_1_570' title='bbox 563 4260 703 4326; x_wconf 90' lang='lat' dir='ltr'><strong>Constat</strong></span> <span class='ocrx_word' id='word_1_571' title='bbox 726 4275 758 4326; x_wconf 92' lang='lat' dir='ltr'><strong>et</strong></span> <span class='ocrx_word' id='word_1_572' title='bbox 774 4261 872 4328; x_wconf 83' lang='lat' dir='ltr'><strong>illud:</strong></span> <span class='ocrx_word' id='word_1_573' title='bbox 894 4263 1032 4328; x_wconf 89' lang='lat' dir='ltr'><strong>Etiamsi</strong></span> <span class='ocrx_word' id='word_1_574' title='bbox 1054 4285 1143 4329; x_wconf 91' lang='lat' dir='ltr'><strong>nova</strong></span> <span class='ocrx_word' id='word_1_575' title='bbox 1162 4263 1273 4350; x_wconf 88' lang='lat' dir='ltr'><strong>aliqua</strong></span> <span class='ocrx_word' id='word_1_576' title='bbox 1294 4263 1369 4329; x_wconf 89' lang='lat' dir='ltr'><strong>talis</strong></span> <span class='ocrx_word' id='word_1_577' title='bbox 1390 4265 1454 4330; x_wconf 89' lang='lat' dir='ltr'><strong>Ec·</strong></span> <span class='ocrx_word' id='word_1_578' title='bbox 1496 4269 1606 4335; x_wconf 89' lang='lat' dir='ltr'><strong>statim</strong></span> <span class='ocrx_word' id='word_1_579' title='bbox 1627 4272 1775 4353; x_wconf 91' lang='lat' dir='ltr'><strong>sequitur</strong></span> <span class='ocrx_word' id='word_1_580' title='bbox 1797 4271 1863 4348; x_wconf 59' lang='lat' dir='ltr'><strong>[iz</strong></span> <span class='ocrx_word' id='word_1_581' title='bbox 1886 4270 1902 4332; x_wconf 97' lang='lat' dir='ltr'><strong>l</strong></span> <span class='ocrx_word' id='word_1_582' title='bbox 1927 4274 2010 4353; x_wconf 77' lang='lat' dir='ltr'><strong>qu:</strong></span> <span class='ocrx_word' id='word_1_583' title='bbox 2043 4268 2078 4333; x_wconf 91' lang='lat' dir='ltr'><strong>ln</strong></span> <span class='ocrx_word' id='word_1_584' title='bbox 2101 4280 2248 4354; x_wconf 90' lang='lat' dir='ltr'><strong>tempore</strong></span> <span class='ocrx_word' id='word_1_585' title='bbox 2273 4269 2334 4337; x_wconf 92' lang='lat' dir='ltr'><strong>illo</strong></span> <span class='ocrx_word' id='word_1_586' title='bbox 2373 4275 2476 4342; x_wconf 76' lang='lat' dir='ltr'><strong>salva-</strong></span> 
     </span>
     <span class='ocr_line' id='line_1_43' title="bbox 480 4344 2474 4439; baseline 0.007 -29"><span class='ocrx_word' id='word_1_587' title='bbox 480 4345 583 4411; x_wconf 90' lang='lat' dir='ltr'><strong>clesia</strong></span> <span class='ocrx_word' id='word_1_588' title='bbox 604 4344 713 4410; x_wconf 89' lang='lat' dir='ltr'><strong>futura</strong></span> <span class='ocrx_word' id='word_1_589' title='bbox 736 4361 836 4427; x_wconf 90' lang='lat' dir='ltr'><strong>esset,</strong></span> <span class='ocrx_word' id='word_1_590' title='bbox 859 4362 966 4413; x_wconf 87' lang='lat' dir='ltr'><strong>tamen</strong></span> <span class='ocrx_word' id='word_1_591' title='bbox 989 4350 1144 4415; x_wconf 88' lang='lat' dir='ltr'><strong>doctores</strong></span> <span class='ocrx_word' id='word_1_592' title='bbox 1162 4352 1296 4433; x_wconf 89' lang='lat' dir='ltr'><strong>proprio</strong></span> <span class='ocrx_word' id='word_1_593' title='bbox 1314 4348 1454 4416; x_wconf 90' lang='grc'><strong>00001110</strong></span> <span class='ocrx_word' id='word_1_594' title='bbox 1497 4355 1584 4419; x_wconf 90' lang='lat' dir='ltr'><strong>bitur</strong></span> <span class='ocrx_word' id='word_1_595' title='bbox 1629 4352 1748 4436; x_wconf 83' lang='grc'><strong>000100</strong></span> <span class='ocrx_word' id='word_1_596' title='bbox 1773 4368 1848 4421; x_wconf 91' lang='grc'><strong>1000</strong></span> <span class='ocrx_word' id='word_1_597' title='bbox 1872 4358 1989 4432; x_wconf 85' lang='lat' dir='ltr'><strong>omnis,</strong></span> <span class='ocrx_word' id='word_1_598' title='bbox 2012 4358 2067 4439; x_wconf 90' lang='lat' dir='ltr'><strong>qui</strong></span> <span class='ocrx_word' id='word_1_599' title='bbox 2089 4359 2232 4438; x_wconf 84' lang='lat' dir='ltr'><strong>scriptus</strong></span> <span class='ocrx_word' id='word_1_600' title='bbox 2252 4371 2305 4421; x_wconf 92' lang='lat' dir='ltr'><strong>est</strong></span> <span class='ocrx_word' id='word_1_601' title='bbox 2325 4363 2365 4424; x_wconf 92' lang='lat' dir='ltr'><strong>in</strong></span> <span class='ocrx_word' id='word_1_602' title='bbox 2376 4360 2474 4428; x_wconf 84' lang='lat' dir='ltr'><strong>libro:</strong></span> 
     </span>
     <span class='ocr_line' id='line_1_44' title="bbox 478 4376 2476 4526; baseline 0.011 -33"><span class='ocrx_word' id='word_1_603' title='bbox 478 4434 550 4495; x_wconf 92' lang='lat' dir='ltr'><strong>sine</strong></span> <span class='ocrx_word' id='word_1_604' title='bbox 583 4430 756 4496; x_wconf 89' lang='lat' dir='ltr'><strong>manifesto</strong></span> <span class='ocrx_word' id='word_1_605' title='bbox 790 4436 945 4499; x_wconf 85' lang='lat' dir='ltr'><strong>mandato</strong></span> <span class='ocrx_word' id='word_1_606' title='bbox 966 4434 1030 4498; x_wconf 86' lang='lat' dir='ltr'><strong>Dei</strong></span> <span class='ocrx_word' id='word_1_607' title='bbox 1055 4455 1122 4499; x_wconf 93' lang='lat' dir='ltr'><strong>non</strong></span> <span class='ocrx_word' id='word_1_608' title='bbox 1144 4437 1266 4500; x_wconf 88' lang='lat' dir='ltr'><strong>debent</strong></span> <span class='ocrx_word' id='word_1_609' title='bbox 1288 4458 1379 4500; x_wconf 85' lang='lat' dir='ltr'><strong>anna</strong></span> <span class='ocrx_word' id='word_1_610' title='bbox 1401 4457 1453 4501; x_wconf 90' lang='lat' dir='ltr'><strong>ca·</strong></span> <span class='ocrx_word' id='word_1_611' title='bbox 1495 4376 1713 4503; x_wconf 77' lang='grc' dir='ltr'><strong>Ε1100111110</strong></span> <span class='ocrx_word' id='word_1_612' title='bbox 1735 4441 1799 4520; x_wconf 87' lang='lat' dir='ltr'><strong>his,</strong></span> <span class='ocrx_word' id='word_1_613' title='bbox 1822 4443 1876 4526; x_wconf 90' lang='lat' dir='ltr'><strong>qni</strong></span> <span class='ocrx_word' id='word_1_614' title='bbox 1898 4442 2476 4526; x_wconf 71' lang='grc' dir='ltr'><strong>(10101001101011000ονοτ0,οή-</strong></span> 
     </span>
     <span class='ocr_line' id='line_1_45' title="bbox 478 4515 2475 4613; baseline 0.005 -33"><span class='ocrx_word' id='word_1_615' title='bbox 478 4536 556 4599; x_wconf 89' lang='lat' dir='ltr'><strong>pere</strong></span> <span class='ocrx_word' id='word_1_616' title='bbox 579 4518 621 4580; x_wconf 91' lang='lat' dir='ltr'><strong>ad</strong></span> <span class='ocrx_word' id='word_1_617' title='bbox 644 4515 744 4582; x_wconf 89' lang='lat' dir='ltr'><strong>talem</strong></span> <span class='ocrx_word' id='word_1_618' title='bbox 756 4517 943 4583; x_wconf 89' lang='lat' dir='ltr'><strong>Ecclesiam</strong></span> <span class='ocrx_word' id='word_1_619' title='bbox 965 4522 1228 4585; x_wconf 88' lang='lat' dir='ltr'><strong>constituendam</strong></span> <span class='ocrx_word' id='word_1_620' title='bbox 1251 4532 1314 4584; x_wconf 91' lang='lat' dir='ltr'><strong>etc.</strong></span> <span class='ocrx_word' id='word_1_621' title='bbox 1344 4519 1454 4593; x_wconf 84' lang='lat' dir='ltr'><strong>Quan-</strong></span> <span class='ocrx_word' id='word_1_622' title='bbox 1496 4522 1656 4610; x_wconf 75' lang='lat' dir='ltr'><strong>gibbum,</strong></span> <span class='ocrx_word' id='word_1_623' title='bbox 1679 4524 1735 4591; x_wconf 93' lang='lat' dir='ltr'><strong>alii</strong></span> <span class='ocrx_word' id='word_1_624' title='bbox 1754 4529 1789 4592; x_wconf 91' lang='lat' dir='ltr'><strong>in</strong></span> <span class='ocrx_word' id='word_1_625' title='bbox 1810 4530 1910 4592; x_wconf 89' lang='lat' dir='ltr'><strong>vitam</strong></span> <span class='ocrx_word' id='word_1_626' title='bbox 1932 4539 2113 4605; x_wconf 87' lang='lat' dir='ltr'><strong>aeternam,</strong></span> <span class='ocrx_word' id='word_1_627' title='bbox 2135 4525 2190 4592; x_wconf 90' lang='lat' dir='ltr'><strong>alii</strong></span> <span class='ocrx_word' id='word_1_628' title='bbox 2211 4529 2244 4590; x_wconf 93' lang='lat' dir='ltr'><strong>in</strong></span> <span class='ocrx_word' id='word_1_629' title='bbox 2259 4536 2475 4613; x_wconf 66' lang='lat' dir='ltr'><strong>opprobrium</strong></span> 
     </span>
     <span class='ocr_line' id='line_1_46' title="bbox 480 4600 1738 4693; baseline 0.009 -29"><span class='ocrx_word' id='word_1_630' title='bbox 480 4622 576 4683; x_wconf 89' lang='lat' dir='ltr'><strong>quarn</strong></span> <span class='ocrx_word' id='word_1_631' title='bbox 608 4621 672 4665; x_wconf 90' lang='lat' dir='ltr'><strong>nec</strong></span> <span class='ocrx_word' id='word_1_632' title='bbox 707 4600 808 4667; x_wconf 90' lang='lat' dir='ltr'><strong>ullum</strong></span> <span class='ocrx_word' id='word_1_633' title='bbox 839 4625 961 4668; x_wconf 89' lang='lat' dir='ltr'><strong>novum</strong></span> <span class='ocrx_word' id='word_1_634' title='bbox 994 4606 1182 4669; x_wconf 90' lang='lat' dir='ltr'><strong>mandatum</strong></span> <span class='ocrx_word' id='word_1_635' title='bbox 1215 4608 1454 4690; x_wconf 87' lang='lat' dir='ltr'><strong>expectandum</strong></span> <span class='ocrx_word' id='word_1_636' title='bbox 1495 4610 1738 4693; x_wconf 90' lang='lat' dir='ltr'><strong>sempiternum.</strong></span> 
     </span>
     <span class='ocr_line' id='line_1_47' title="bbox 479 4685 2476 4780; baseline 0.015 -33"><span class='ocrx_word' id='word_1_637' title='bbox 479 4695 540 4749; x_wconf 88' lang='lat' dir='ltr'><strong>est.</strong></span> <span class='ocrx_word' id='word_1_638' title='bbox 583 4685 658 4748; x_wconf 93' lang='lat' dir='ltr'><strong>Non</strong></span> <span class='ocrx_word' id='word_1_639' title='bbox 680 4688 765 4751; x_wconf 90' lang='lat' dir='ltr'><strong>enim</strong></span> <span class='ocrx_word' id='word_1_640' title='bbox 787 4689 863 4753; x_wconf 89' lang='lat' dir='ltr'><strong>edet</strong></span> <span class='ocrx_word' id='word_1_641' title='bbox 874 4686 1027 4754; x_wconf 89' lang='lat' dir='ltr'><strong>Christus</strong></span> <span class='ocrx_word' id='word_1_642' title='bbox 1048 4692 1236 4755; x_wconf 86' lang='lat' dir='ltr'><strong>mandatum</strong></span> <span class='ocrx_word' id='word_1_643' title='bbox 1254 4694 1454 4757; x_wconf 88' lang='lat' dir='ltr'><strong>contrarium</strong></span> <span class='ocrx_word' id='word_1_644' title='bbox 1582 4694 1623 4758; x_wconf 92' lang='lat' dir='ltr'><strong>lli</strong></span> <span class='ocrx_word' id='word_1_645' title='bbox 1654 4693 1721 4762; x_wconf 94' lang='lat' dir='ltr'><strong>loci</strong></span> <span class='ocrx_word' id='word_1_646' title='bbox 1754 4708 1787 4760; x_wconf 90' lang='lat' dir='ltr'><strong>et</strong></span> <span class='ocrx_word' id='word_1_647' title='bbox 1818 4693 2476 4780; x_wconf 74' lang='grc' dir='ltr'><strong>0101100100001110001,0111οὴ00000</strong></span> 
     </span>
     <span class='ocr_line' id='line_1_48' title="bbox 478 4766 2477 4925; baseline 0.015 -92"><span class='ocrx_word' id='word_1_648' title='bbox 478 4766 673 4925; x_wconf 55' lang='lat' dir='ltr'><strong>Evangelio.</strong></span> <span class='ocrx_word' id='word_1_649' title='bbox 1496 4778 1759 4845; x_wconf 87' lang='lat' dir='ltr'><strong>consolationem</strong></span> <span class='ocrx_word' id='word_1_650' title='bbox 1780 4782 1813 4844; x_wconf 92' lang='lat' dir='ltr'><strong>in</strong></span> <span class='ocrx_word' id='word_1_651' title='bbox 1837 4801 1936 4846; x_wconf 89' lang='lat' dir='ltr'><strong>cruce</strong></span> <span class='ocrx_word' id='word_1_652' title='bbox 1957 4795 1990 4849; x_wconf 88' lang='lat' dir='ltr'><strong>et</strong></span> <span class='ocrx_word' id='word_1_653' title='bbox 2011 4806 2090 4850; x_wconf 90' lang='lat' dir='ltr'><strong>vere</strong></span> <span class='ocrx_word' id='word_1_654' title='bbox 2105 4785 2293 4873; x_wconf 80' lang='lat' dir='ltr'><strong>intelligere</strong></span> <span class='ocrx_word' id='word_1_655' title='bbox 2304 4793 2477 4862; x_wconf 81' lang='lat' dir='ltr'><strong>discamus</strong></span> 
     </span>
     <span class='ocr_line' id='line_1_49' title="bbox 596 4855 2477 4954; baseline 0.015 -37"><span class='ocrx_word' id='word_1_656' title='bbox 596 4855 663 4917; x_wconf 91' lang='lat' dir='ltr'><strong>uod</strong></span> <span class='ocrx_word' id='word_1_657' title='bbox 694 4877 775 4920; x_wconf 94' lang='lat' dir='ltr'><strong>vero</strong></span> <span class='ocrx_word' id='word_1_658' title='bbox 798 4856 909 4922; x_wconf 90' lang='lat' dir='ltr'><strong>ludaei</strong></span> <span class='ocrx_word' id='word_1_659' title='bbox 931 4870 965 4921; x_wconf 89' lang='grc'><strong>01</strong></span> <span class='ocrx_word' id='word_1_660' title='bbox 986 4858 1226 4942; x_wconf 82' lang='lat' dir='ltr'><strong>Anabaptistae</strong></span> <span class='ocrx_word' id='word_1_661' title='bbox 1250 4862 1351 4925; x_wconf 88' lang='lat' dir='ltr'><strong>citant</strong></span> <span class='ocrx_word' id='word_1_662' title='bbox 1372 4860 1454 4925; x_wconf 93' lang='lat' dir='ltr'><strong>Pro·</strong></span> <span class='ocrx_word' id='word_1_663' title='bbox 1494 4885 1511 4927; x_wconf 90' lang='lat' dir='ltr'><strong>r</strong></span> <span class='ocrx_word' id='word_1_664' title='bbox 1556 4886 1633 4930; x_wconf 90' lang='lat' dir='ltr'><strong>num</strong></span> <span class='ocrx_word' id='word_1_665' title='bbox 1655 4864 1842 4950; x_wconf 84' lang='lat' dir='ltr'><strong>spirituale,</strong></span> <span class='ocrx_word' id='word_1_666' title='bbox 1864 4867 1930 4933; x_wconf 92' lang='lat' dir='ltr'><strong>hoc</strong></span> <span class='ocrx_word' id='word_1_667' title='bbox 1951 4882 2013 4946; x_wconf 91' lang='lat' dir='ltr'><strong>est,</strong></span> <span class='ocrx_word' id='word_1_668' title='bbox 2036 4891 2201 4954; x_wconf 87' lang='lat' dir='ltr'><strong>quaerere</strong></span> <span class='ocrx_word' id='word_1_669' title='bbox 2224 4877 2477 4947; x_wconf 72' lang='lat' dir='ltr'><strong>consolationes</strong></span> 
     </span>
     <span class='ocr_line' id='line_1_50' title="bbox 478 4935 2479 5051; baseline 0.01 -51"><span class='ocrx_word' id='word_1_670' title='bbox 478 4935 610 5021; x_wconf 84' lang='lat' dir='ltr'><strong>phetas,</strong></span> <span class='ocrx_word' id='word_1_671' title='bbox 631 4941 697 5022; x_wconf 91' lang='lat' dir='ltr'><strong>qui,</strong></span> <span class='ocrx_word' id='word_1_672' title='bbox 720 4962 794 5006; x_wconf 92' lang='lat' dir='ltr'><strong>curn</strong></span> <span class='ocrx_word' id='word_1_673' title='bbox 816 4942 859 5005; x_wconf 89' lang='lat' dir='ltr'><strong>de</strong></span> <span class='ocrx_word' id='word_1_674' title='bbox 881 4963 985 5027; x_wconf 81' lang='lat' dir='ltr'><strong>regno</strong></span> <span class='ocrx_word' id='word_1_675' title='bbox 1004 4941 1126 5008; x_wconf 91' lang='lat' dir='ltr'><strong>Christi</strong></span> <span class='ocrx_word' id='word_1_676' title='bbox 1142 4941 1330 5028; x_wconf 89' lang='lat' dir='ltr'><strong>loquuntur,</strong></span> <span class='ocrx_word' id='word_1_677' title='bbox 1352 4966 1454 5030; x_wconf 89' lang='lat' dir='ltr'><strong>saepe</strong></span> <span class='ocrx_word' id='word_1_678' title='bbox 1496 4947 1683 5034; x_wconf 76' lang='lat' dir='ltr'><strong>spirituales</strong></span> <span class='ocrx_word' id='word_1_679' title='bbox 1717 4961 1749 5014; x_wconf 92' lang='lat' dir='ltr'><strong>et</strong></span> <span class='ocrx_word' id='word_1_680' title='bbox 1781 4972 1937 5019; x_wconf 84' lang='lat' dir='ltr'><strong>exercere</strong></span> <span class='ocrx_word' id='word_1_681' title='bbox 1969 4955 2076 5019; x_wconf 86' lang='lat' dir='ltr'><strong>fidem.</strong></span> <span class='ocrx_word' id='word_1_682' title='bbox 2121 4957 2162 5020; x_wconf 89' lang='lat' dir='ltr'><strong>Et</strong></span> <span class='ocrx_word' id='word_1_683' title='bbox 2192 4960 2274 5022; x_wconf 88' lang='lat' dir='ltr'><strong>satis</strong></span> <span class='ocrx_word' id='word_1_684' title='bbox 2298 4969 2479 5051; x_wconf 68' lang='lat' dir='ltr'><strong>per-spicue</strong></span> 
     </span>
     <span class='ocr_line' id='line_1_51' title="bbox 479 5021 2480 5130; baseline 0.011 -46"><span class='ocrx_word' id='word_1_685' title='bbox 479 5021 595 5106; x_wconf 78' lang='lat' dir='ltr'><strong>figuris</strong></span> <span class='ocrx_word' id='word_1_686' title='bbox 615 5034 750 5090; x_wconf 85' lang='lat' dir='ltr'><strong>utuntur</strong></span> <span class='ocrx_word' id='word_1_687' title='bbox 770 5029 908 5109; x_wconf 88' lang='lat' dir='ltr'><strong>sumptis</strong></span> <span class='ocrx_word' id='word_1_688' title='bbox 931 5030 973 5092; x_wconf 87' lang='lat' dir='ltr'><strong>ab</strong></span> <span class='ocrx_word' id='word_1_689' title='bbox 991 5029 1033 5092; x_wconf 92' lang='lat' dir='ltr'><strong>im</strong></span> <span class='ocrx_word' id='word_1_690' title='bbox 1058 5030 1134 5093; x_wconf 88' lang='lat' dir='ltr'><strong>eriis</strong></span> <span class='ocrx_word' id='word_1_691' title='bbox 1157 5030 1289 5105; x_wconf 81' lang='lat' dir='ltr'><strong>mundi3</strong></span> <span class='ocrx_word' id='word_1_692' title='bbox 1323 5031 1453 5096; x_wconf 91' lang='lat' dir='ltr'><strong>adhoc</strong></span> <span class='ocrx_word' id='word_1_693' title='bbox 1494 5031 1638 5099; x_wconf 89' lang='lat' dir='ltr'><strong>refutant</strong></span> <span class='ocrx_word' id='word_1_694' title='bbox 1670 5034 1703 5099; x_wconf 94' lang='lat' dir='ltr'><strong>hi</strong></span> <span class='ocrx_word' id='word_1_695' title='bbox 1735 5031 1801 5100; x_wconf 89' lang='lat' dir='ltr'><strong>loci</strong></span> <span class='ocrx_word' id='word_1_696' title='bbox 1834 5037 1999 5104; x_wconf 83' lang='lat' dir='ltr'><strong>ludoicum</strong></span> <span class='ocrx_word' id='word_1_697' title='bbox 2033 5051 2067 5104; x_wconf 91' lang='lat' dir='ltr'><strong>et</strong></span> <span class='ocrx_word' id='word_1_698' title='bbox 2087 5038 2260 5106; x_wconf 78' lang='lat' dir='ltr'><strong>fanaticam</strong></span> <span class='ocrx_word' id='word_1_699' title='bbox 2284 5054 2480 5130; x_wconf 55' lang='lat' dir='ltr'><strong>persuasio</strong></span> 
     </span>
     <span class='ocr_line' id='line_1_52' title="bbox 502 5050 2305 5198; baseline 0.003 -26"><span class='ocrx_word' id='word_1_700' title='bbox 502 5107 618 5172; x_wconf 74' lang='grc'><strong>1110001</strong></span> <span class='ocrx_word' id='word_1_701' title='bbox 634 5138 636 5142; x_wconf 94' lang='grc'><strong><em>·</em></strong></span> <span class='ocrx_word' id='word_1_702' title='bbox 650 5113 853 5192; x_wconf 79' lang='lat' dir='ltr'><strong>respondeo:</strong></span> <span class='ocrx_word' id='word_1_703' title='bbox 891 5112 987 5177; x_wconf 88' lang='lat' dir='ltr'><strong>Evan</strong></span> <span class='ocrx_word' id='word_1_704' title='bbox 1011 5050 1109 5177; x_wconf 79' lang='grc'><strong>011010</strong></span> <span class='ocrx_word' id='word_1_705' title='bbox 1143 5126 1195 5178; x_wconf 86' lang='lat' dir='ltr'><strong>est</strong></span> <span class='ocrx_word' id='word_1_706' title='bbox 1226 5117 1452 5198; x_wconf 89' lang='lat' dir='ltr'><strong>interpretatio</strong></span> <span class='ocrx_word' id='word_1_707' title='bbox 2302 5171 2305 5178; x_wconf 91' lang='lat'><strong>.</strong></span> 
     </span>
     <span class='ocr_line' id='line_1_53' title="bbox 478 5128 1453 5283; baseline 0.012 -30"><span class='ocrx_word' id='word_1_708' title='bbox 478 5128 728 5276; x_wconf 77' lang='lat' dir='ltr'><strong>Prophetarum.</strong></span> <span class='ocrx_word' id='word_1_709' title='bbox 756 5192 839 5260; x_wconf 81' lang='lat' dir='ltr'><strong>Cum</strong></span> <span class='ocrx_word' id='word_1_710' title='bbox 859 5197 960 5283; x_wconf 81' lang='lat' dir='ltr'><strong>igitur</strong></span> <span class='ocrx_word' id='word_1_711' title='bbox 982 5134 1197 5283; x_wconf 57' lang='lat' dir='ltr'><strong>{vangelium</strong></span> <span class='ocrx_word' id='word_1_712' title='bbox 1219 5197 1311 5264; x_wconf 89' lang='lat' dir='ltr'><strong>clare</strong></span> <span class='ocrx_word' id='word_1_713' title='bbox 1333 5202 1453 5266; x_wconf 87' lang='lat' dir='ltr'><strong>doceat</strong></span> 
     </span>
    </p>
   </div>
   <div class='ocr_carea' id='block_1_3' title="bbox 381 5486 2484 5629">
    <p class='ocr_par' dir='ltr' id='par_1_3' title="bbox 381 5486 2484 5629">
     <span class='ocr_line' id='line_1_54' title="bbox 381 5486 2484 5585; baseline 0.019 -41"><span class='ocrx_word' id='word_1_714' title='bbox 381 5487 393 5510; x_wconf 79' lang='grc'><strong>’</strong></span> <span class='ocrx_word' id='word_1_715' title='bbox 480 5499 526 5559; x_wconf 69' lang='lat' dir='ltr'><strong>aa)</strong></span> <span class='ocrx_word' id='word_1_716' title='bbox 544 5499 653 5562; x_wconf 85' lang='lat' dir='ltr'><strong>habere]</strong></span> <span class='ocrx_word' id='word_1_717' title='bbox 670 5501 707 5552; x_wconf 87' lang='lat' dir='ltr'><strong>sic</strong></span> <span class='ocrx_word' id='word_1_718' title='bbox 725 5502 797 5553; x_wconf 79' lang='lat' dir='ltr'><strong>cart.</strong></span> <span class='ocrx_word' id='word_1_719' title='bbox 816 5502 857 5550; x_wconf 84' lang='grc'><strong>17.</strong></span> <span class='ocrx_word' id='word_1_720' title='bbox 875 5503 917 5552; x_wconf 76' lang='lat' dir='ltr'><strong>at.</strong></span> <span class='ocrx_word' id='word_1_721' title='bbox 936 5501 980 5551; x_wconf 79' lang='grc'><strong>11.</strong></span> <span class='ocrx_word' id='word_1_722' title='bbox 999 5486 1178 5567; x_wconf 62' lang='lat' dir='ltr'><strong>arjas-tt„</strong></span> <span class='ocrx_word' id='word_1_723' title='bbox 1196 5505 1256 5568; x_wconf 86' lang='lat' dir='ltr'><strong>opp.</strong></span> <span class='ocrx_word' id='word_1_724' title='bbox 1275 5505 1297 5555; x_wconf 87' lang='lat'><strong>1.</strong></span> <span class='ocrx_word' id='word_1_725' title='bbox 1316 5506 1356 5570; x_wconf 79' lang='grc'><strong>1,;</strong></span> <span class='ocrx_word' id='word_1_726' title='bbox 1382 5510 1452 5559; x_wconf 85' lang='lat' dir='ltr'><strong>cete·</strong></span> <span class='ocrx_word' id='word_1_727' title='bbox 1494 5507 1540 5572; x_wconf 75' lang='grc'><strong>15)</strong></span> <span class='ocrx_word' id='word_1_728' title='bbox 1559 5509 1734 5575; x_wconf 87' lang='lat' dir='ltr'><strong>novissimum]</strong></span> <span class='ocrx_word' id='word_1_729' title='bbox 1755 5512 1792 5564; x_wconf 84' lang='lat' dir='ltr'><strong>sic</strong></span> <span class='ocrx_word' id='word_1_730' title='bbox 1808 5511 1882 5564; x_wconf 79' lang='lat' dir='ltr'><strong>Edltt.</strong></span> <span class='ocrx_word' id='word_1_731' title='bbox 1904 5513 1975 5564; x_wconf 78' lang='grc'><strong>1-4.</strong></span> <span class='ocrx_word' id='word_1_732' title='bbox 1994 5514 2019 5563; x_wconf 80' lang='grc'><strong>6.</strong></span> <span class='ocrx_word' id='word_1_733' title='bbox 2038 5513 2062 5563; x_wconf 77' lang='lat' dir='ltr'><strong>t.</strong></span> <span class='ocrx_word' id='word_1_734' title='bbox 2081 5514 2105 5567; x_wconf 78' lang='grc'><strong>9.</strong></span> <span class='ocrx_word' id='word_1_735' title='bbox 2125 5518 2156 5565; x_wconf 78' lang='lat' dir='ltr'><strong>lt</strong></span> <span class='ocrx_word' id='word_1_736' title='bbox 2173 5531 2179 5544; x_wconf 93' lang='lat'><strong>·</strong></span> <span class='ocrx_word' id='word_1_737' title='bbox 2198 5521 2484 5585; x_wconf 64' lang='grc' dir='ltr'><strong>00101001ᾱῆ100·</strong></span> 
     </span>
     <span class='ocr_line' id='line_1_55' title="bbox 546 5567 1694 5629; baseline 0.01 -11"><span class='ocrx_word' id='word_1_738' title='bbox 546 5578 590 5619; x_wconf 84' lang='lat' dir='ltr'><strong>rae</strong></span> <span class='ocrx_word' id='word_1_739' title='bbox 609 5567 696 5621; x_wconf 71' lang='lat' dir='ltr'><strong>Edit:</strong></span> <span class='ocrx_word' id='word_1_740' title='bbox 716 5570 812 5622; x_wconf 83' lang='lat' dir='ltr'><strong>habent</strong></span> <span class='ocrx_word' id='word_1_741' title='bbox 1401 5608 1405 5615; x_wconf 83' lang='lat'>·</span> <span class='ocrx_word' id='word_1_742' title='bbox 1562 5577 1694 5629; x_wconf 81' lang='lat' dir='ltr'><strong>vissimum</strong></span> 
     </span>
    </p>
   </div>
   <div class='ocr_carea' id='block_1_4' title="bbox 0 0 2946 6724">
    <p class='ocr_par' dir='ltr' id='par_1_4' title="bbox 0 0 2946 6724">
     <span class='ocr_line' id='line_1_56' title="bbox 0 0 2946 6724; baseline 0 0"><span class='ocrx_word' id='word_1_743' title='bbox 0 0 2946 6724; x_wconf 95' lang='lat' dir='ltr'><strong> </strong></span> 
     </span>
    </p>
   </div>
  </div>
 </body>
</html>
