5859 6734
463 681 526 748 891
1063 682 1175 748 PlllL.
1197 682 1299 748 MEL.
1321 681 1506 749 SCRll'TA
1527 677 1802 748 nonnanes
2111 711 2118 722 ·
2396 681 2460 748 892

468 877 694 952 peccatorum,
728 879 760 929 et
781 863 984 1014 amplectitur
1000 871 1266 1013 promissionem,
1288 881 1324 932 ut
1344 867 1437 933 Rom.
1482 880 1550 931 turc
1589 865 1634 932 Ut
1665 869 1916 950 promissionem
1934 865 2074 952 Spiritus
2096 869 2298 954 accipimus
2321 887 2385 953 per
2411 868 2462 932 li·

469 953 500 1016 l.
525 957 590 1031 [vs.
615 950 680 1032 16.]
710 948 800 1014 clare
850 951 955 1015 ‘citur⁰
1030 973 1107 1017 orro
1130 953 1245 1031 Fides,
1274 973 1358 1037 quae
1387 972 1439 1016 as·
1482 952 1565 1015 dem.
1609 951 1688 1016 ltenr
1709 949 1805 1016 Rom.
1827 951 1859 1018 S.
1883 959 1947 1030 [νε.
1972 952 2035 1031 tn]
2080 955 2268 1037 Accepistis
2299 951 2462 1036 Spiritum

469 1037 607 1100 sentitur
627 1035 849 1119 promissioni,
873 1047 924 1098 est
946 1036 1067 1100 fiducia
1087 1037 1341 1101 misericordiae.
1482 1036 1666 1119 adoptionis
1689 1031 1837 1114 filiorum,
1859 1057 1924 1120 quo
1938 1034 2116 1102 clamamus
2127 1038 2226 1101 Abba
2236 1050 2345 1121 pater.
2377 1035 2462 1102 Gom

463 1197 466 1202 ⁴
553 1119 725 1184 Postremo
743 1121 776 1183 in
797 1118 850 1183 his
862 1122 1054 1185 testimoniis
1069 1117 1277 1185 conferamus
1295 1121 1440 1204 Aposto·
1483 1120 1567 1182 enim
1600 1118 1665 1184 fide
1692 1122 1890 1185 assentimur
1910 1122 2130 1204 promissioni,
2161 1123 2380 1206 agnoscimus
2405 1123 2463 1185 rni-

469 1203 575 1270 lorum
597 1215 630 1269 et
650 1202 890 1288 Prophetarum
912 1206 1009 1282 dicta,
1021 1215 1057 1269 ut
1068 1205 1237 1270 videamus
1247 1214 1441 1289 perpetuum
1485 1204 1698 1272 sericordiam
1719 1215 1752 1268 et
1769 1207 1987 1287 praesentiam
2009 1204 2074 1269 Dei
2092 1207 2318 1290 respicientis,
2343 1225 2461 1269 curan·

471 1308 669 1354 consensum
698 1292 875 1354 universae
895 1288 1068 1353 Ecclesiae
1094 1290 1170 1354 inde
1191 1310 1297 1376 usque
1318 1291 1360 1354 ab
1382 1290 1441 1352 ini·
1484 1290 1525 1351 tis
1549 1301 1582 1353 et
1603 1288 1790 1371 recipientis
1818 1309 1897 1366 nos,
1924 1300 1957 1353 et
1978 1291 2150 1373 incipimus
2172 1311 2246 1354 eum
2263 1309 2348 1354 vere
2370 1291 2461 1352 invn

471 1375 528 1437 tio.
571 1372 649 1438 Ideo
677 1385 709 1438 et
730 1368 853 1437 Paulus
878 1376 956 1436 citat
982 1396 1023 1437 ex
1044 1371 1187 1438 Psalmis
1210 1375 1387 1458 quaedam,
1409 1385 1443 1436 et
1485 1391 1562 1436 care
1584 1384 1617 1435 et
1638 1392 1700 1436 nos
1723 1373 1752 1436 ei
1774 1374 1953 1452 subiicere,
1980 1375 2095 1438 timere
2115 1395 2188 1439 eum
2209 1386 2242 1438 et
2260 1374 2400 1439 obedire
2416 1378 2457 1439 ei.

472 1456 625 1541 plurima,
651 1478 736 1543 quae
757 1457 833 1521 huic
856 1461 1041 1522 sententiae
1063 1458 1296 1544 suffragantur,
1318 1457 1442 1539 passim
1570 1457 1648 1521 ldeo
1679 1458 1714 1520 in
1736 1455 1898 1522 Zacharia
1926 1459 2010 1522 duae
2031 1456 2212 1542 particulae
2234 1458 2457 1522 eruditissime

472 1552 659 1606 occurrrmt.
681 1539 770 1606 Psal.
792 1541 844 1605 61.
868 1549 931 1620 [νε.
944 1543 990 1622 5.]
1013 1541 1101 1620 Dixi,
1124 1542 1308 1607 confitebor
1328 1542 1443 1604 adver-
1487 1541 1738 1625 coniunguntur,
1760 1539 1876 1606 Gratia
1897 1552 1930 1605 et
1951 1541 2118 1608 invocatio
2142 1543 2209 1620 [11,
2234 1541 2316 1620 10.]:
2350 1541 2458 1607 Edun-

472 1646 544 1692 sum
572 1646 624 1690 me
653 1626 842 1692 iniustitiam
870 1648 976 1691 meanr
998 1627 1159 1704 Domino,
1188 1637 1221 1689 et
1249 1637 1284 1689 tu
1305 1625 1442 1689 remittis
1487 1626 1562 1688 dam
1595 1643 1695 1708 super
1718 1623 1848 1690 domum
1870 1624 1980 1690 David
2007 1627 2156 1710 spiritum
2180 1629 2308 1712 gratiae
2333 1638 2369 1690 et
2386 1647 2460 1709 pre·

472 1697 671 1796 iniquitatem
698 1713 825 1794 peccati
853 1713 926 1774 mei.
974 1709 1065 1774 Psal.
1097 1711 1168 1774 141.
1199 1714 1262 1792 [νε.
1292 1710 1337 1788 1.]
1368 1708 1443 1773 Non
1488 1729 1571 1773 cum.
1615 1703 1751 1774 Scilicet
1771 1709 1909 1793 primum
1931 1709 2056 1792 Spiritu
2076 1722 2193 1774 sancto
2211 1730 2406 1787 movemur,
2427 1721 2459 1774 ut

472 1794 700 1860 iustificabitur
721 1797 754 1857 in
777 1808 957 1878 conspectu
979 1807 1035 1862 tuo
1053 1796 1158 1859 omnis
1181 1798 1307 1859 vivens.
1352 1790 1442 1857 Psal.
1487 1811 1708 1876 agnoscamus
1731 1804 1762 1856 at
1779 1804 1960 1858 stamarnus
1977 1813 2040 1858 rros
2057 1794 2368 1879 recipiingratiarn.
2401 1794 2459 1857 Est

473 1879 526 1942 51.
550 1885 613 1958 [vs.
636 1879 682 1957 6.]
705 1878 777 1943 Tibi
794 1889 919 1944 tantum
940 1898 1014 1944 sum
1035 1892 1203 1961 peccator,
1225 1890 1261 1942 ut
1288 1890 1323 1942 tu
1355 1877 1444 1942 iusti·
1487 1889 1596 1941 autem
1623 1877 1821 1961 praecipuus
1853 1875 1961 1942 cultus
1992 1877 2055 1943 Dei
2088 1890 2122 1942 et
2153 1877 2258 1943 solius
2286 1875 2459 1942 Ecclesiae

473 1961 583 2028 liceris
606 1965 639 2027 in
658 1963 865 2026 sermonibus
888 1965 962 2027 tuis.
1006 1962 1076 2028 Hae
1098 1964 1282 2028 sententiae
1305 1973 1337 2025 ct
1358 1963 1444 2025 sinri-
1489 1982 1572 2044 opus
1594 1979 1675 2027 vera
1698 1963 1881 2038 invocatio,
1899 1982 1985 2046 quae
2007 1965 2110 2028 oritur
2132 1983 2174 2026 ex
2192 1963 2366 2047 agnitione
2448 1998 2458 2009 -

474 2045 524 2116 les
552 2059 715 2118 testantur
742 2067 805 2111 nos
832 2047 1030 2112 accedentes
1056 2048 1099 2110 ad
1120 2046 1228 2112 Deum
1257 2066 1322 2110 non
1350 2043 1445 2110 affer·
1488 2049 1563 2110 tiae.
1606 2044 1690 2111 Nam
1723 2064 1815 2109 mens
1848 2048 1964 2152 ignaru
1985 2043 2262 2112 reconciliationis
2286 1983 2458 2132 nrgttffi

475 2149 512 2194 re
525 2132 571 2214 ⁰⁸)
604 2142 752 2195 nostram
773 2133 937 2211 iustitiam,
968 2152 1031 2196 nec
1051 2151 1155 2214 posse
1177 2149 1344 2216 opponere
1365 2131 1445 2194 iudi·
1489 2151 1553 2208 um,
1576 2149 1642 2194 non
1664 2131 1806 2194 invocat.
1849 2131 1917 2194 Sed
1939 2132 2060 2215 recepti
2082 2132 2115 2194 in
2136 2134 2276 2215 gratimn
2298 2131 2458 2194 accedunt

477 2217 527 2278 cio
559 2226 591 2278 et
623 2215 692 2279 irae
707 2216 774 2279 Dei
804 2227 920 2279 nostra
951 2218 1077 2294 merita,
1109 2217 1170 2282 sed
1192 2211 1445 2300 confugiendum
1490 2228 1522 2278 et
1542 2215 1710 2292 invocant,
1730 2227 1767 2279 ut
1786 2212 1881 2278 Rom.
1904 2220 1934 2279 5.
1958 2219 2021 2294 [vs.
2045 2215 2110 2293 la]
2128 2217 2262 2280 dicibrr:
2286 2214 2355 2279 Per
2377 2218 2457 2278 hunc

476 2319 553 2364 esse
586 2300 628 2363 ad
649 2297 863 2364 Mediatorem
885 2297 1052 2365 Christum
1084 2312 1116 2364 et
1138 2300 1344 2364 statuendum
1366 2318 1445 2361 vere
1488 2297 1649 2361 habemus
1678 2317 1853 2364 accessum
1886 2299 1961 2364 fide.
2014 2297 2099 2385 Eph.
2132 2299 2162 2363 S
2193 2305 2259 2379 [νε.
2296 2299 2367 2379 ln]
2399 2299 2459 2361 Per

474 2393 608 2466 propter
629 2384 736 2465 ipsum
758 2385 862 2469 gratis
879 2385 1009 2469 ignosci
1031 2385 1127 2447 nobis
1151 2397 1184 2448 et
1205 2405 1267 2447 nos
1289 2385 1389 2465 recipi
1412 2383 1445 2444 in
1489 2401 1585 2466 quem
1607 2381 1766 2446 habemus
1787 2381 1939 2448 fiduciam
1949 2388 1993 2452 ⁷⁸)
2011 2395 2044 2448 et
2060 2403 2231 2449 accessum
2255 2383 2459 2448 confidenter

476 2468 624 2553 gratiam.
1489 2487 1550 2549 per
1578 2467 1686 2530 fidem.
1730 2464 1904 2539 Quomodo
1937 2478 2045 2532 autem
2076 2467 2206 2552 placeat
2237 2488 2330 2532 nova
2354 2468 2458 2530 obedi·

562 2549 639 2614 ldeo
667 2562 774 2615 autem
807 2550 892 2615 lranc
924 2565 1051 2635 partem
1085 2555 1124 2616 de
1158 2553 1238 2615 Fide
1271 2553 1447 2616 omiserunt
1492 2553 1590 2627 entia,
1614 2571 1687 2614 cmn
1708 2549 1824 2635 procul
1846 2573 1865 2614 a
1887 2549 2090 2634 perfectione
2107 2552 2208 2636 Legis
2229 2554 2322 2616 absit
2342 2565 2375 2613 et
2392 2550 2459 2614 reli

475 2632 567 2700 multi
588 2635 771 2717 scriptores
778 2682 790 2712 ‚
846 2639 899 2700 uia
920 2639 1038 2700 iudicio
1061 2635 1222 2700 humanae
1244 2636 1381 2701 rationis
1402 2637 1447 2698 vi·
1492 2636 1588 2718 quiae
1620 2636 1749 2718 peccati
1769 2637 1801 2698 in
1823 2634 1887 2698 hac
1910 2638 1975 2699 vita
1997 2639 2030 2699 in
2052 2634 2276 2699 reconciliatis
2301 2649 2459 2709 maneant,

442 2751 445 2758 ¹
477 2721 571 2786 detur
591 2719 832 2796 absurditas,a
959 2741 988 2804 e,
1010 2723 1100 2804 qnod
1116 2720 1210 2785 Deus
1233 2721 1289 2784 tibi
1312 2720 1354 2782 sit
1374 2741 1449 2803 pro·
1493 2720 1614 2783 dietrun
1636 2733 1687 2782 est
1709 2740 1819 2801 supra.

476 2804 585 2888 pitius.
612 2801 860 2868 Discedendum
881 2816 934 2868 est
954 2815 1063 2869 autem
1084 2804 1190 2882 hic⁶⁹)
1213 2827 1235 2869 a
1255 2804 1374 2868 iudicio
1396 2825 1448 2868 ra·

478 2889 576 2951 tionis
605 2897 740 2950 nostrae
768 2898 800 2950 et
821 2889 1008 2973 quaerenda
1029 2887 1183 2954 voluntas
1206 2887 1270 2954 Dei
1286 2889 1320 2951 in
1343 2889 1447 2972 ipsius

477 2967 668 3054 Evangelio.
702 2969 783 3036 Cum
793 2969 933 3057 legimus
944 2973 1063 3036 Davidi
1074 2973 1297 3037 annuntiatam
1309 2991 1387 3037 essa
1398 2992 1447 3034 re·
1780 2971 1841 3036 DE
1859 2972 2169 3041 CONFESSlONE.

476 3056 665 3120 missionem
697 3052 855 3137 peculiari
885 3057 1038 3121 mandato
1071 3057 1147 3134 Dei,
1180 3059 1337 3122 miramur
1369 3054 1448 3122 illud

478 3136 646 3225 singulare
679 3139 890 3218 beneficium,
924 3153 955 3206 et
979 3143 1103 3228 cogitat
1125 3143 1264 3227 quisque
1285 3142 1330 3206 ita
1352 3162 1390 3205 se
1411 3138 1447 3203 li·
1576 3139 1754 3227 Diligentia
1777 3143 1878 3227 digna
1899 3156 1950 3206 est
1973 3147 2121 3222 eruditis,
2143 3145 2267 3224 videre,
2288 3166 2382 3230 quam
2402 3167 2460 3208 va-

477 3226 595 3287 hanter
627 3223 825 3290 crediturum
857 3244 945 3303 esse,
980 3227 1008 3289 si
1041 3226 1103 3292 sihi
1125 3224 1201 3290 talis
1223 3246 1288 3292 vox
1311 3245 1330 3289 e
1353 3222 1447 3289 coelo
1491 3227 1560 3290 rius
1593 3245 1675 3290 usus
1697 3227 1741 3289 sit
1763 3224 1915 3291 vocabuli
1933 3225 2170 3292 confessionis.
2217 3226 2340 3312 Vulgus
2360 3226 2457 3291 intel·

478 3306 659 3372 afferretur.
669 3310 715 3392 ⁷⁰)
760 3307 806 3372 At
834 3311 921 3373 scire
944 3311 1101 3375 debemus
1123 3311 1188 3375 iam
1215 3329 1293 3376 esse
1314 3308 1448 3374 allatum
1487 3307 1562 3395 ·ligit
1582 3330 1702 3375 nomen
1725 3307 1952 3375 confessionis
1973 3311 2164 3397 plerumque
2186 3313 2228 3376 de
2249 3314 2462 3376 numeratio-

477 3393 562 3456 hanc
595 3410 711 3455 vocem
744 3393 851 3456 nobis.
895 3393 976 3457 Tam
1009 3407 1098 3458 certo
1131 3396 1188 3461 tibi
1210 3395 1400 3472 remittitur,
1418 3395 1447 3456 si
1492 3416 1534 3457 ne
1556 3393 1760 3479 singulorum
1783 3391 1985 3474 delictorum,
2009 3417 2092 3480 quae
2113 3397 2150 3460 fit
2172 3418 2285 3461 coram
2307 3398 2463 3460 ministris

480 3475 588 3540 credis
609 3472 804 3560 Evangelio,
834 3497 932 3561 quam
949 3489 1039 3542 certo
1058 3478 1231 3552 Davidi⁷¹t
1265 3480 1448 3542 remitteba·
1491 3477 1674 3556 Ecclesiae,
1707 3500 1727 3543 a
1756 3480 1875 3562 quibus
1897 3479 2061 3544 absolutio
2083 3483 2220 3565 petitur,
2253 3493 2287 3544 et
2309 3477 2464 3544 fortassis

480 3572 543 3636 tur,
565 3571 598 3622 et
620 3571 684 3623 tarn
706 3579 727 3622 a
748 3569 780 3624 te
797 3557 992 3644 postulatur,
1009 3574 1044 3626 ut
1062 3564 1179 3627 credas
1203 3564 1276 3628 voci
1297 3563 1448 3646 Evange-
1493 3564 1583 3627 initio
1605 3585 1677 3626 mos
1700 3560 1754 3625 illc
1776 3566 2028 3628 enumerationis
2052 3563 2464 3648 singtdorurndelictorum

477 3640 512 3706 lii
541 3644 743 3708 annuntianti
774 3648 1010 3725 remissionem,
1043 3669 1140 3733 quam
1168 3645 1398 3732 postulabatur
1430 3668 1451 3710 a
1494 3660 1586 3711 ortus
1620 3660 1670 3711 est
1702 3649 1743 3710 ab
1767 3649 1817 3723 iis,
1851 3650 1905 3730 qui
1938 3647 2059 3713 delicta
2080 3645 2213 3731 publiea
2235 3669 2352 3712 coram
2375 3649 2465 3711 mini·

478 3727 617 3808 Davide,
640 3737 676 3792 ut
697 3730 771 3793 voci
791 3727 923 3795 Nathan
942 3733 1099 3796 crederet.
1494 3733 1572 3795 stris
1599 3744 1654 3795 aut
1677 3730 1830 3794 Ecclesia
1857 3730 2105 3798 confitebantur.
2150 3730 2248 3796 Tales
2277 3734 2366 3796 enim
2390 3729 2464 3794 olim

563 3813 733 3878 Hactenus
760 3812 802 3879 de
823 3813 1027 3880 contritione
1049 3828 1081 3880 et
1103 3815 1145 3878 de
1166 3815 1245 3880 Fide
1267 3816 1344 3880 dixi.
1387 3815 1450 3880 Ne·
1493 3835 1559 3879 non
1583 3818 1832 3900 recipiebantur,
1853 3815 1916 3878 nisi
1937 3836 2050 3880 coram
2071 3819 2227 3880 ministris
2244 3821 2289 3882 ⁷⁴)
2325 3814 2466 3899 professi

482 3917 578 3961 cesse
610 3909 663 3961 est
690 3909 801 3962 autern
823 3913 856 3963 et
875 3897 970 3964 simul
986 3898 1134 3963 inchoari
1156 3921 1275 3965 novam
1298 3900 1451 3963 obedien·
1495 3912 1610 3964 essent
1631 3919 1668 3963 se
1691 3897 1811 3964 delicta
1827 3918 2023 3986 agnoscere,
2046 3913 2159 3984 patere
2182 3903 2312 3964 veniam
2335 3915 2368 3965 et
2391 3921 2465 3983 pro

480 3983 567 4059 tium,
585 3993 622 4045 ut
641 3979 736 4044 Rom.
759 3981 791 4044 6.
808 3987 837 4026 ⁷²
889 3991 952 4060 [νε.
972 3984 1038 4063 12]
1062 3985 1195 4049 dicitur:
1239 3983 1315 4048 Non
1337 3996 1451 4068 regnet
1493 3985 1622 4048 mittere
1644 3986 1912 4048 emendationem.

504 4075 653 4130 cocetum
674 4067 707 4128 in
730 4085 803 4129 mor
850 4069 1024 4150 icorpore
1047 4079 1170 4132 vestro.
1214 4067 1310 4134 Rom.
1332 4069 1363 4132 8.
1388 4075 1450 4145 [νε.
1580 4067 1688 4150 Saepe
1726 4079 1835 4135 autem
1873 4070 2031 4152 repetitur
2064 4091 2182 4134 nomen
2222 4066 2466 4146 confessionis,

480 4089 525 4229 l]
550 4147 650 4214 Nulla
670 4169 758 4214 nune
781 4152 1008 4216 condeumatio
1027 4163 1080 4216 est
1100 4151 1170 4232 his,
1187 4154 1242 4236 qui
1263 4153 1295 4217 in
1319 4152 1451 4218 Christo
1495 4154 1592 4218 etiam
1624 4154 1711 4236 apud
1739 4153 1923 4237 Apostolos
1956 4152 2467 4238 et.1>r0pneras‚utntattn.u

481 4233 555 4300 lesu
577 4232 752 4300 ambulant.
795 4235 838 4300 Et
858 4235 996 4301 loannes
1018 4237 1123 4323 inquit
1144 4237 1237 4316 [Luc.
1259 4237 1292 4318 3,
1309 4239 1369 4317 8.]:
1390 4237 1452 4302 Fa·
1497 4244 1559 4313 [νε.
1572 4235 1616 4317 6.]
1639 4237 1895 4320 Baptizabantur
1915 4238 1948 4301 in
1970 4238 2111 4302 lordane
2131 4238 2326 4302 confitentes
2372 4257 2468 4302 ecca-

484 4323 547 4386 cite
568 4315 694 4385 fructus
717 4319 836 4406 dignos
856 4322 1094 4405 poenitentiae,
1116 4324 1149 4386 id
1171 4333 1234 4402 est,
1257 4325 1453 4389 convenien·
1496 4333 1530 4386 ta
1558 4341 1628 4386 sua.
1672 4322 1752 4387 ltem
1771 4320 1907 4385 Nehem.
1940 4321 1970 4386 9.
2006 4329 2087 4398 [vss.
2112 4324 2127 4385 l
2152 4327 2218 4406 sq.]
2251 4319 2325 4385 Filii
2348 4260 2466 4387 lsrael

484 4419 534 4470 tes
551 4405 777 4489 poenitentiae.
821 4407 914 4471 Haec
940 4428 1029 4473 nova
1051 4408 1234 4474 obedientia
1255 4410 1375 4474 usitate
1396 4431 1453 4473 νο·
1497 4408 1737 4472 conveniebant
1774 4407 1807 4469 in
1840 4407 1959 4470 ieiunio
1987 4419 2019 4470 et
2051 4407 2288 4472 confitebantur
2323 4419 2467 4490 peccata

485 4501 577 4553 catur
597 4489 727 4554 Bonum
748 4491 969 4575 propositum3
1008 4490 1135 4577 Estque
1156 4513 1234 4556 vere
1253 4506 1285 4557 et
1301 4495 1373 4558 sine
1394 4491 1453 4578 lry·
1497 4512 1567 4556 sua.
1622 4491 1664 4554 Et
1695 4491 1800 4556 Lavit.
1834 4489 1885 4553 16.
1920 4496 1982 4566 [νε.
2011 4491 2076 4569 11]
2121 4493 2233 4554 Aaron
2268 4489 2466 4555 confiteatur

483 4576 604 4658 poor-isi
626 4585 770 4640 statuere
792 4588 824 4639 et
846 4573 1014 4641 vellelleo
1037 4577 1225 4642 obedire-et
1245 4579 1385 4642 retinere
1407 4579 1453 4641 iu·
1498 4595 1610 4641 omnes
1643 4576 1829 4659 iniquitates
1858 4573 1998 4638 liliorum
2020 4574 2134 4639 lsrael.
2178 4575 2240 4638 Ubi
2264 4595 2338 4638 mos
2363 4574 2466 4658 publi·

485 4660 603 4722 stitiam
620 4660 728 4725 bonae
746 4661 978 4726 conscientiae.
1022 4662 1074 4726 Ac
1097 4674 1131 4727 ut
1155 4660 1290 4727 firmitas
1312 4664 1375 4727 ista
1397 4685 1453 4726 vo·
1498 4680 1556 4725 cus
1579 4661 1790 4737 describitur,
1817 4661 1850 4721 in
1872 4679 1937 4742 quo
1959 4679 2042 4723 voce
2063 4661 2180 4724 summi
2203 4659 2396 4723 Sacerdotis
2420 4671 2469 4722 to·

485 4741 619 4807 luntatis
637 4741 704 4821 liat,
722 4746 913 4811 adiuvamur·
934 4767 955 4808 a
976 4744 1099 4829 Spiritu
1120 4759 1251 4824 sancto,
1272 4749 1327 4832 qui
1349 4747 1453 4824 datur,
1497 4759 1531 4809 tc
1551 4743 1705 4809 Ecclesia
1732 4741 1893 4806 fatebatur
1925 4762 1963 4806 se
1995 4763 2085 4808 rearn
2115 4764 2202 4808 esse.
2247 4743 2282 4806 ln
2303 4741 2359 4807 his
2380 4741 2467 4807 locis

487 4847 560 4912 cum
582 4825 646 4889 lide
667 4847 729 4893 nos
752 4841 985 4908 sustentamus,
1003 4842 1039 4895 ut
1057 4827 1132 4894 Gal.
1155 4830 1185 4894 3.
1209 4835 1272 4908 [νε.
1292 4831 1358 4910 lc]
1376 4832 1454 4895 dici·
1482 4827 1672 4896 ,confessio
1694 4848 1759 4891 non
1782 4838 1907 4891 tanturn
1925 4829 2089 4911 significat
2099 4848 2253 4893 arcanam
2265 4829 2469 4912 agnitionem

1497 4912 1614 4998 culpae
1647 4932 1758 4976 coram
1782 4909 1873 4988 Deo,
1895 4914 1957 4975 sed
1977 4912 2259 5059 etiamprhlicam
2280 4911 2471 4995 professio·

1497 5016 1571 5061 nem
1591 4998 1624 5060 in
1641 5014 1762 5080 genere
1783 5015 1895 5060 coram
1916 4996 1990 5060 Deo
2018 5010 2051 5062 et
2121 4993 2223 5061 clesia
2243 4995 2471 5078 profitentium

488 5120 535 5185 co)
553 5117 659 5182 mem]
676 5118 748 5171 perp
765 5120 805 5170 ῃ,
823 5121 862 5169 24.
881 5123 1000 5183 2844„
1016 5123 1076 5184 ⁰1¹9·
1096 5123 1118 5174 ι,
1136 5123 1159 5170 2
1177 5121 1269 5175 „pem
1498 5101 1535 5145 se
1556 5101 1633 5146 reos
1654 5099 1730 5144 esse
1752 5092 1785 5183 et
1804 5081 1932 5183 yeniam
1954 5083 2140 5184 petentiupr.

489 5221 535 5282 39)
551 5221 593 5274 m
609 5221 747 5274 mm
759 5219 833 5273 mitt
851 5220 892 5271 „⁰
909 5222 950 5270 Ἀ
970 5221 1020 5282 ts„
1037 5223 1098 5285 opp.
1117 5223 1140 5269 ¹·
1159 5223 1182 5274 2·
1583 5167 1731 5250 Apparet
1769 5176 1866 5249 rgrtur
1897 5163 1983 5267 hane
2015 5164 2179 5247 publrcam
2211 5178 2243 5227 et
2275 5164 2474 5249 generalem

489 5323 537 5390 ’10)
553 5321 709 5388 ammon]
727 5321 800 5375 11111.
819 5321 860 5372 rt.
878 5321 920 5371 10.
939 5320 980 5371 11.
999 5323 1050 5386 iic,
1067 5321 1140 5386 corp.
1161 5323 1236 5372 1-8.
1254 5323 1389 5376 offerretur
1503 5340 1640 5349 ···-···
1652 5340 1696 5346 ···

488 5423 535 5488 71]
551 5421 649 5488 baviel]
668 5423 742 5506 bdltt.
758 5423 798 5473 11.
817 5423 857 5470 14.
877 5423 918 5471 18.
936 5422 978 5476 ee.
996 5420 1106 5474 at-aa
1122 5423 1201 5476 brvld
1499 5423 1545 5487 tn)
1563 5421 1691 5484 lidorum]
1708 5422 1780 5474 Editt.
1799 5421 1839 5468 11.
1859 5422 1900 5469 14.
1918 5422 1958 5469 18.
1979 5421 2019 5471 19.
2037 5420 2153 5482 ³1-33.‚
2171 5421 2231 5483 opp.
2252 5421 2273 5466 t.
2293 5419 2318 5467 1.
2337 5419 2424 5474 tidem

487 5525 534 5590 71)
553 5523 596 5590 6.],
607 5523 681 5588 sant
700 5525 798 5608 1114.
818 5524 944 5588 18.,οορ.
963 5527 983 5578 1,
1002 5524 1025 5576 1.
1042 5524 1125 5580 male:
1143 5523 1166 5573 5.
1500 5523 1546 5584 ’11)
1562 5522 1693 5587 ministris]
1713 5523 1785 5577 Edltt
1804 5525 1845 5571 10.
1863 5522 1915 5580 ab,
1934 5523 2004 5583 corp.
2025 5523 2097 5570 1-8.
2116 5522 2231 5574 ministro
