5859 6734
467 708 533 776 M
1093 704 1205 770 PHIL.
1225 700 1328 771 MEL·
1357 701 1544 770 SCRIPTA
1564 703 1838 774 boemanos.
1903 733 1906 738 ·
2420 704 2482 775 904

468 915 550 972 ram,
573 904 606 957 et
626 894 809 957 accedebat
828 890 915 956 falsa
935 893 1120 976 persuasio,
1142 889 1226 956 haec
1249 910 1353 974 opera
1372 910 1440 956 me·
1461 923 1464 934 ·
1486 890 1664 956 Christum.
1697 892 1739 957 Et
1762 894 1873 957 Oscae
1898 891 1947 956 13.
1971 899 2035 972 [vs.
2061 896 2124 974 lh]
2148 892 2216 960 Ero
2242 913 2341 959 mors
2368 906 2476 974 tuac

468 980 535 1046 nrt
555 978 780 1080 remissionem
802 987 1070 1126 peccatorumet
1091 979 1441 1080 compensationeses·
1461 937 1465 1066 l
1485 997 1588 1054 mors,
1620 988 1653 1041 et
1673 979 1777 1061 pestis
1799 990 1865 1082 tua,
1897 976 2036 1082 iufeme.
2079 979 2156 1044 ldeo
2178 980 2405 1084 sentiendum
2429 999 2476 1048 cst

469 1075 788 1213 usumin
820 1064 885 1212 ii?
908 1059 1441 1233 “titittittltthttt
1462 1117 1466 1242 ¹,
1484 1060 2148 1215 littitt‘ftslmsiittstt
2168 1060 2474 1234 {tristitiis

472 1236 694 1299 reruissionem
727 1243 860 1380 propter
893 1231 1067 1296 Christum.
1111 1232 1257 1296 Tandem
1285 1231 1441 1297 Canones
1463 1245 1466 1328 j
1487 1231 1546 1309 l.]:
1590 1231 1759 1297 iustificati
1792 1232 1859 1297 fide
1891 1255 2006 1318 pacem
2038 1234 2197 1299 habemus
2234 1256 2321 1320 erga
2353 1235 2469 1303 Deum.

470 1317 517 1383 illi
535 1339 609 1382 cum
631 1321 694 1381 iam
716 1319 783 1382 into
799 1316 941 1381 erabiles
965 1328 1085 1395 essent,
1118 1314 1223 1383 relicti
1245 1330 1278 1381 et
1300 1313 1442 1403 neglecti
1464 1333 1466 1340 ·
1485 1314 1607 1380 Christi
1630 1318 1789 1384 beneficia
1809 1318 1998 1384 haecsunt:
2021 1317 2153 1384 Tollere
2171 1318 2309 1404 culpam
2333 1333 2366 1385 et
2384 1344 2467 1387 mor·

470 1416 557 1481 sunt,
577 1422 695 1468 nomen
717 1405 836 1467 mansit
853 1415 884 1466 et
905 1405 1032 1480 umbra,
1054 1404 1096 1467 de
1116 1423 1183 1487 qua
1193 1403 1361 1487 disputant
1371 1401 1442 1466 Mo·
1485 1413 1550 1465 tem
1582 1415 1765 1482 adanam,
1794 1406 1916 1483 idest,
1943 1402 2077 1488 placare
2098 1407 2269 1489 ingentem
2291 1406 2373 1470 iram
2390 1405 2463 1473 Dei.

470 1489 570 1553 anchi
601 1501 634 1552 et
655 1485 773 1552 multas
792 1485 999 1570 corruptelas
1022 1485 1195 1572 Evangelii
1216 1486 1271 1552 hic
1293 1489 1441 1573 gignurrt,
1485 1486 1598 1559 Quare
1620 1487 1786 1553 Christum
1821 1490 2018 1555 contumelia
2050 1487 2163 1567 afficit,
2198 1491 2227 1554 si
2252 1492 2331 1574 quis
2354 1495 2463 1557 remis-

470 1575 650 1658 dequibus
675 1575 818 1638 breviter
840 1575 954 1638 dicam.
1485 1573 1612 1638 sionem
1644 1574 1759 1637 mortis
1792 1587 1948 1639 aeternae
1971 1573 2128 1639 transfert
2148 1576 2180 1637 in
2204 1586 2361 1640 nostram
2382 1596 2463 1643 corn·

555 1658 697 1722 Primum
718 1669 828 1722 autem
847 1660 1017 1723 sciendam
1039 1669 1103 1735 est,
1124 1655 1370 1723 satisfactiones
1387 1653 1442 1721 hic
1484 1661 1720 1740 pausationem.

470 1764 535 1809 non
556 1741 696 1829 intelligi
718 1741 831 1808 civiles
855 1742 1112 1821 satisfactiones,
1134 1755 1170 1808 at
1191 1743 1247 1827 qui
1268 1738 1442 1808 defrauda·
1570 1741 1736 1807 Secundo.
1780 1743 1975 1829 Quanquam
2009 1765 2075 1808 nou
2109 1742 2221 1808 divelli
2256 1745 2387 1811 dehent
2420 1767 2463 1812 re·

470 1830 518 1894 vit
549 1826 652 1907 alios,
684 1848 902 1911 compensare
924 1826 1046 1893 furtum
1080 1830 1188 1906 debet,
1221 1828 1277 1913 qui
1303 1823 1442 1892 cherum
1484 1828 1597 1892 missio
1630 1826 1748 1912 culpae
1780 1840 1813 1894 et
1845 1831 1994 1894 remissio
2026 1832 2141 1894 mortis
2162 1840 2334 1909 aetemae,
2358 1845 2461 1897 tamea

468 1916 585 1978 hriuria
605 1911 726 1990 affecit,
749 1916 804 1998 qui
823 1914 1027 1979 conviciatus
1050 1926 1100 1976 est
1128 1923 1184 1979 aut
1200 1914 1353 1978 iniustam
1373 1913 1442 1976 vio·
1483 1932 1626 1977 necesse
1658 1924 1710 1977 est
1744 1915 1886 1978 discerni
1917 1917 2139 1979 remissionem
2161 1912 2283 1997 culpae
2305 1935 2327 1981 a
2351 1919 2460 1982 remis

470 1998 603 2064 lentiam
636 2001 793 2076 exercuit,
824 1997 918 2064 laeso
947 1995 1140 2063 satisfacere
1166 1997 1265 2064 dehet
1285 2007 1318 2062 et
1338 2007 1441 2062 retra·
1484 1999 1577 2062 sione
1599 2017 1778 2082 poenarum
1800 1996 2026 2083 temporalium
2047 1999 2143 2064 huius
2166 2002 2266 2064 vitae.
2290 2000 2363 2066 lmo
2409 2025 2459 2067 uo

471 2096 562 2148 ctare
595 2085 745 2148 convicia
780 2105 821 2147 ac
852 2105 913 2168 pro
951 2082 1107 2148 violentia
1143 2101 1285 2167 poenam
1317 2081 1440 2159 subire,
1483 2084 1545 2147 ties
1579 2084 1621 2147 de
1642 2085 1841 2167 poenitentia
1864 2087 2062 2170 cogitamus,
2091 2085 2285 2169 magnitudo
2309 2088 2383 2150 irae
2435 2090 2459 2152 ei

470 2169 553 2232 haec
586 2180 663 2232 sunt
695 2190 714 2231 o
741 2189 797 2233 era
829 2170 939 2234 debita
970 2181 1004 2233 et
1031 2171 1074 2233 ad
1096 2169 1324 2234 contritionem
1344 2167 1440 2250 perti·
1485 2169 1712 2232 consideretur
1734 2170 1830 2233 etiam
1852 2170 1885 2232 in
1907 2172 2023 2253 poenis
2045 2166 2285 2253 temporalibus
2306 2169 2458 2237 huiusri·

470 2263 560 2330 nent,
581 2254 671 2318 iuxta
688 2189 787 2318 ullu:
830 2253 981 2319 Desinite
1012 2251 1222 2320 malefacere.
1266 2252 1330 2325 Qui
1361 2248 1441 2316 alte·
1484 2263 1547 2317 tae.
1591 2253 1663 2317 Etsi
1691 2254 1777 2317 enim
1798 2251 1918 2317 multae
1941 2275 2082 2319 caussae
2105 2265 2198 2331 sunt,
2222 2274 2285 2318 cur
2308 2255 2458 2322 Ecclesia

468 2340 537 2402 rius
568 2358 703 2403 uxorem
738 2351 864 2423 raptam
895 2341 1028 2415 detinet,
1057 2359 1123 2403 non
1145 2338 1246 2403 habet
1267 2337 1441 2402 Contritio·
1483 2338 1574 2403 cruci
1596 2338 1747 2403 subiecta
1768 2339 1822 2418 sit,
1845 2350 1952 2402 tamen
1974 2341 2153 2423 praecipua
2174 2358 2301 2403 caussa
2319 2340 2457 2406 estPec

368 2503 372 2510 ι
469 2443 562 2499 nem,
590 2424 695 2489 donec
730 2445 802 2488 eam
833 2425 961 2489 retinet.
1005 2423 1087 2488 Sunt
1109 2426 1208 2509 igitur
1230 2421 1345 2487 civiles
1365 2419 1441 2486 illae
1483 2436 1593 2487 catum
1623 2422 1765 2487 haerens
1797 2425 1830 2487 in
1858 2443 1967 2488 carne.
2011 2423 2128 2489 Totum
2151 2444 2260 2510 genus
2284 2424 2457 2491 humanum

469 2505 713 2573 satisfactiones
743 2530 850 2573 rerum
885 2523 917 2573 et
948 2507 1055 2574 fauiae
1088 2509 1316 2574 restitutiones
1339 2528 1442 2592 opera
1484 2528 1681 2593 oppressam
1713 2521 1766 2573 est
1798 2510 1984 2594 ingentibus
2019 2507 2258 2573 calauritatibus
2291 2523 2326 2575 et
2348 2524 2457 2588 morte,

470 2594 597 2669 debita,
629 2594 782 2658 mandata
813 2593 905 2680 Lege
933 2594 1014 2671 Dei,
1046 2596 1237 2660 necessaria
1265 2594 1308 2657 ad
1329 2613 1442 2657 veram
1484 2595 1543 2658 sed
1566 2595 1671 2680 magis
1694 2595 1790 2659 etiam
1812 2591 1974 2658 Ecclesia.
2020 2594 2106 2667 Quia
2128 2591 2196 2657 vult
2219 2594 2321 2659 Deus
2344 2598 2377 2660 in
2400 2596 2457 2661 Ec

470 2680 697 2743 contritionem
730 2691 763 2743 et
792 2681 913 2743 bonum
934 2682 1139 2764 propositum
1160 2700 1201 2742 ac
1223 2681 1343 2743 honam
1364 2697 1442 2742 con·
1484 2677 1586 2743 clesia
1606 2676 1743 2764 intelligi
1766 2681 1847 2744 iram
1870 2679 2033 2743 adversus
2050 2692 2237 2764 peccatum,
2259 2701 2363 2765 quam
2374 2701 2458 2745 mun·

472 2764 652 2827 scientiam.
989 2807 992 2811 ι
1484 2765 1546 2828 dus
1569 2766 1765 2838 contemnit;
1786 2763 1864 2829 ldco
1876 2762 2061 2829 Ecclesiam
2083 2765 2214 2829 dumore
2237 2768 2375 2830 sarcina
2385 2786 2459 2830 one·

555 2846 600 2911 At
621 2848 777 2912 Monachi
809 2846 865 2912 hic
887 2849 1045 2913 definiunt
1066 2846 1318 2912 satisfactiones
1342 2867 1442 2930 opera
1484 2860 1547 2927 rat,
1578 2858 1614 2911 ut
1646 2868 1867 2932 agnoscamus
1890 2868 1952 2914 nos
1975 2846 2189 2913 circumferre
2208 2869 2353 2933 poenae,
2387 2870 2458 2915 esse

469 2953 535 2996 non
554 2932 675 3011 debita,
697 2935 817 3018 quibus
840 2932 954 2999 volunt
975 2935 1088 2999 redimi
1109 2953 1235 3017 poenas
1257 2930 1442 3016 Purgatorii
1484 2953 1561 2998 reos
1585 2945 1618 2996 et
1638 2931 1748 2997 Deum
1770 2954 1849 2997 vere
1870 2935 1968 3000 irasci
1989 2944 2146 3017 peccato,
2169 2936 2230 2999 sed
2249 2947 2390 3019 propter
2411 2935 2458 3000 li-

470 3027 528 3083 aut
547 3027 637 3082 certa
655 3017 1097 3104 allaspoeuastemporalcs.
1131 3016 1188 3082 Sic
1206 3019 1291 3083 enim
1308 3018 1441 3094 docent,
1483 3017 1562 3082 lium
1595 3037 1659 3081 nos
1691 3019 1803 3165 recipi}
1847 3017 1954 3083 Adam
1987 3021 2048 3084 etsi
2080 3022 2217 3105 agnovit
2249 3041 2286 3083 se
2308 3022 2413 3104 recipi
2430 3024 2459 3084 in

470 3101 588 3180 Deum,
628 3123 701 3166 cum
735 3106 777 3167 sit
799 3106 1000 3182 misericorS,
1032 3106 1197 3168 remittere
1220 3101 1361 3184 culpam,
1382 3103 1442 3167 sed
1484 3104 1638 3189 gratiam,
1673 3104 1750 3188 quia
1798 3099 1873 3167 ilius
1894 3103 1958 3168 Dei
1990 3126 2051 3187 pro
2108 3124 2209 3169 encre
2240 3104 2385 3170 humano
2404 3106 2459 3169 de·

470 3207 544 3253 cum
566 3188 610 3251 sit
631 3188 728 3251 etiam
748 3189 856 3253 iustus
878 3201 912 3254 et
934 3190 1065 3265 vindex,
1087 3200 1216 3252 mutare
1236 3207 1442 3272 poenamae-
1484 3200 1639 3272 precatus
1662 3200 1732 3253 erat
1754 3199 1787 3252 et
1808 3185 1888 3253 illud
1910 3188 2059 3254 mirabile
2081 3126 2245 3254 lecretum
2262 3192 2302 3254 de
2325 3191 2457 3252 redem-

469 3284 595 3337 ternam
626 3274 895 3357 intemporalem
917 3274 1113 3360 purgatorii.
1156 3273 1286 3338 Deinde
1307 3274 1442 3350 addunt,
1484 3275 1596 3356 ptione
1628 3271 1761 3337 humani
1793 3276 1925 3358 generis
1957 3276 1990 3337 in
2024 3273 2161 3338 consilio
2190 3275 2308 3338 aeterni
2330 3272 2456 3351 Patris,

353 3355 361 3380 “
469 3368 595 3441 partem
616 3377 795 3441 poenarum
817 3361 937 3423 remitti
957 3371 1121 3443 potestate
1144 3357 1297 3436 clavium,
1315 3365 1442 3442 partem
1485 3356 1555 3422 Filii
1590 3370 1623 3422 et
1644 3358 1786 3440 Spiritus
1809 3361 1915 3421 sancti
1938 3354 2058 3424 factum
2082 3370 2170 3434 erat;
2215 3371 2323 3423 tamen
2345 3360 2457 3422 subie-

470 3442 691 3506 redimendam
724 3463 801 3507 esse
827 3441 1118 3510 satisfactionibus.
1162 3443 1254 3508 llaec
1276 3454 1328 3506 est
1355 3462 1442 3507 sum·
1482 3443 1644 3507 'ctusrest
1668 3441 1896 3527 corporalibus
1918 3447 2053 3528 poenis,
2084 3455 2120 3507 ut
2140 3456 2341 3529 agnosceret
2364 3464 2459 3508 suum

471 3546 523 3590 ma
552 3529 734 3592 commenti.
779 3527 882 3593 Recte
914 3542 1021 3594 autem
1043 3526 1201 3606 fatentur,
1234 3548 1302 3592 non
1324 3527 1442 3591 remitti
1483 3526 1625 3611 lapsum,
1658 3540 1691 3591 et
1724 3540 1859 3592 secutae
1886 3539 1963 3592 sunt
1983 3530 2190 3592 tristissimae
2213 3531 2460 3614 castigationes,

471 3608 600 3695 culpam
621 3625 757 3696 propter
777 3612 1048 3693 satisfactionem,
1071 3617 1131 3677 sed
1152 3627 1270 3697 postea
1291 3614 1333 3679 de
1355 3632 1442 3678 com·
1485 3615 1517 3676 in
1551 3613 1671 3697 quibus
1705 3614 1786 3677 vidit
1806 3613 1915 3676 Adam
1945 3634 2025 3677 vere
2058 3615 2120 3678 sibi
2143 3614 2342 3679 circumdari
2365 3617 2460 3701 signa

470 3698 664 3779 pensatione
696 3719 824 3782 poenae
851 3712 1006 3765 aeternae
1038 3698 1291 3763 hallucinantur.
1340 3697 1443 3762 Error
1484 3710 1608 3775 reatus,
1640 3709 1676 3761 at
1697 3699 1865 3784 ingentem
1886 3695 2008 3761 luctum
2031 3709 2164 3782 propter
2186 3697 2300 3765 scelus
2325 3697 2410 3764 Cain
2430 3711 2459 3761 et

470 3795 522 3845 est
544 3783 629 3847 enim
652 3786 787 3862 sentire,
808 3786 898 3869 quod
919 3798 1073 3850 aeternae
1094 3804 1222 3868 poenae
1240 3784 1443 3848 remittantur
1483 3803 1599 3847 necem
1621 3780 1720 3860 Abel,
1743 3792 1775 3846 et
1796 3780 1913 3846 similia
1934 3781 2046 3862 multa,
2079 3804 2162 3868 quae
2184 3794 2232 3847 tot
2254 3785 2354 3848 annis
2376 3784 2459 3849 vide·

469 3877 606 3950 propter
636 3879 783 3933 nostram
807 3872 1117 3954 compensationem,
1150 3878 1182 3931 et
1201 3865 1304 3933 multo
1327 3870 1442 3932 absur·
1484 3879 1560 3933 runt
1593 3867 1764 3931 miserrimi
1795 3879 1964 3951 parentes.
2005 3867 2182 3933 Praeterea
2215 3881 2354 3953 praeter
2377 3889 2459 3935 com·

470 3954 544 4015 dius
576 3964 639 4029 est,
671 3953 760 4038 quod
791 3954 920 4041 fingunt
952 3968 1088 4037 propter
1120 3972 1223 4035 opera
1244 3972 1310 4015 non
1333 3952 1442 4017 debita
1485 3972 1600 4017 munes
1622 3971 1797 4017 aerumnas
1820 3954 1926 4016 sancti
1948 3951 2170 4038 singularibus
2194 3956 2312 4037 poenis
2326 3967 2458 4041 propter

471 4038 604 4115 remitti,
637 4036 680 4101 de
706 4038 825 4121 quihus
849 4040 1059 4103 dictumest:
1099 4037 1236 4101 Frustra
1258 4035 1370 4101 colunt
1389 4056 1442 4100 me
1484 4040 1613 4122 privata
1635 4038 1794 4120 quaedam
1815 4050 1955 4121 peccata
1975 4042 2163 4121 puniuntur.
2196 4038 2309 4103 David
2328 4051 2458 4124 propter

470 4121 631 4186 mandatis
652 4118 830 4187 hominum.
1484 4120 1679 4186 adulterium
1712 4135 1851 4207 quantas
1885 4142 2057 4187 aerumnas
2080 4125 2232 4188 sustinuit
2253 4121 2363 4210 longo
2387 4140 2458 4190 tem·

556 4205 615 4271 Sic
636 4224 719 4292 ergo
740 4208 947 4272 sentiendum
967 4221 1036 4273 cst:
1059 4208 1269 4292 iungatur⁹⁰)
1292 4208 1441 4270 remissio
1484 4206 1583 4291 pore!
1625 4205 1769 4271 Primum
1803 4219 1953 4291 stuprata
1975 4221 2026 4271 est
2048 4206 2132 4284 filia,
2165 4220 2315 4290 stuprum
2341 4211 2458 4275 caedes

471 4290 589 4377 culpae
620 4303 654 4357 et
673 4294 790 4358 mortis
810 4305 975 4358 aeternae.
1019 4293 1056 4358 ld
1078 4295 1164 4356 enim
1181 4312 1280 4357 uuum
1303 4303 1336 4356 et
1356 4293 1442 4355 idem
1485 4291 1542 4356 filii
1575 4303 1689 4357 secuta
1722 4303 1783 4356 est.
1828 4291 1957 4357 Deinde
1990 4305 2078 4357 mota
2100 4294 2216 4357 seditio
2238 4314 2259 4357 a
2283 4291 2367 4374 filio,
2398 4307 2457 4359 stu·

471 4375 665 4442 beneficium
686 4387 737 4442 est
758 4375 881 4443 Christi
899 4380 1088 4465 gratuitum,
1110 4398 1150 4441 ac
1172 4375 1290 4442 tollere
1312 4375 1442 4459 culpam
1485 4387 1599 4462 pratae
1622 4379 1792 4481 coniugeS,
1824 4374 1984 4442 interfecti
2007 4381 2108 4457 cives,
2163 4389 2234 4442 ater
2255 4377 2379 4463 pulsus
2401 4391 2457 4455 est,

470 4475 522 4526 est
542 4459 780 4546 placareiram
802 4463 881 4542 Dei,
915 4484 977 4528 uec
997 4461 1086 4528 aliud
1109 4474 1160 4526 est
1181 4462 1275 4527 Mors
1296 4475 1442 4541 aeterna,
1485 4474 1518 4527 et
1550 4464 1655 4526 minus
1687 4459 1749 4527 furt
1769 4462 1930 4527 Davidem
1952 4483 2055 4548 regno
2078 4401 2229 4548 spossari,
2263 4486 2366 4549 quam
2388 4465 2457 4530 exui

471 4568 568 4632 quam
590 4549 712 4612 sentire
732 4547 932 4614 horrendam
955 4563 988 4612 et
1009 4546 1261 4614 inenarrabilem
1282 4550 1365 4615 iram
1377 4546 1441 4611 Dei
1484 4549 1607 4634 ingenti
1641 4544 1749 4633 gloria
1769 4548 1898 4612 virtutis
1921 4557 1952 4609 et
1973 4544 2098 4612 favoris
2116 4547 2189 4613 Dei.
2233 4547 2296 4615 llic
2319 4571 2361 4633 se
2384 4569 2457 4615 vere

472 4644 671 4711 manentem,
704 4635 790 4700 sicut
812 4633 951 4698 loannes
980 4633 1259 4719 inquisisset:
1304 4633 1356 4697 lra
1378 4634 1442 4698 Dei
1484 4634 1587 4697 sensit
1608 4633 1883 4698 excommunicari
1906 4643 1936 4695 et
1958 4633 2022 4697 sibi
2043 4632 2106 4697 has
2128 4644 2239 4697 tantas
2260 4636 2458 4701 miseriaset

470 4729 581 4780 manet
602 4728 702 4800 super
724 4739 808 4783 eam.
851 4717 1004 4784 Sciamus
1030 4720 1130 4804 igitur
1150 4717 1279 4803 culpam
1303 4730 1335 4781 et
1355 4739 1441 4782 mor·
1485 4716 1619 4782 dolores
1641 4729 1797 4800 tanquam
1819 4717 1916 4804 sigua
1937 4731 2050 4783 reatus
2074 4718 2287 4798 circumdari,
2319 4741 2392 4786 non
2418 4722 2458 4786 ab

470 4813 536 4864 torn
568 4815 734 4867 aeternam
766 4800 864 4868 simul
896 4802 967 4868 tolli
999 4815 1134 4888 propter
1167 4802 1346 4882 Christum,
1374 4822 1442 4867 non
1484 4802 1627 4881 homine,
1649 4803 1709 4865 sed
1731 4823 1749 4865 a
1773 4801 1860 4881 Deo,
1882 4815 1959 4867 uta
2008 4816 2138 4868 osceret
2160 4801 2267 4867 Deum
2292 4825 2375 4870 vere
2397 4807 2458 4871 ira·

493 4898 606 4970 ropter
627 4885 726 4952 ullam
748 4903 894 4953 nostram
915 4890 1224 4972 compensationem.
1269 4886 1442 4951 ldeoPau·
1484 4890 1533 4951 sci
1578 4898 1705 4963 eccato,
1728 4906 1804 4950 sese
1824 4888 1899 4952 Deo
1922 4907 1963 4952 su
1986 4889 2109 4966 iiceret,
2132 4909 2197 4952 non
2219 4904 2397 4975 arrogaret
2418 4892 2459 4954 si·

469 4907 647 5055 llrsinquit
670 4973 712 5047 il.
737 4973 813 5038 Cor.
838 4974 891 5051 lii,
912 4974 996 5053 asp
1020 4972 1166 5037 Aculeus
1188 4974 1303 5037 mortis
1324 4992 1442 5058 pecca·
1483 4974 1516 5037 bi
1549 4910 1680 5036 laudem
1702 4972 1856 5052 iustitiae,
1889 4994 1951 5037 nec
1985 4972 2115 5038 efferret
2138 4993 2175 5037 se
2198 4993 2298 5057 supra
2324 4988 2459 5041 ceteros

470 5071 535 5119 tum
556 5066 618 5133 est,
640 5054 713 5120 Deo
737 5072 843 5122 autem
868 5062 985 5143 gratia,
1008 5062 1060 5144 qui
1084 5061 1140 5122 dat
1156 5060 1252 5122 nobis
1270 5060 1441 5123 victoriam
1483 5069 1698 5140 peccatores,
1732 5056 1809 5120 ltem
1841 5071 1877 5122 ut
1898 5056 1952 5123 alii
1973 5057 2039 5121 hoc
2061 5056 2211 5142 exemplo
2234 5071 2459 5126 monerentur.

469 5161 529 5225 per
549 5140 725 5205 Dominum
759 5149 908 5207 nostrum
930 5144 1036 5207 lesum
1060 5142 1237 5208 Christum.
1281 5143 1324 5207 Et
1345 5141 1439 5208 Rom.
1484 5142 1540 5207 Sic
1562 5142 1663 5225 puniti
1686 5155 1761 5205 sunt
1782 5141 2001 5226 peculiaribus
2025 5142 2196 5228 suppliciis
2218 5143 2375 5224 Samson,
2399 5145 2460 5210 Sa·

469 5228 500 5292 tt.
535 5235 598 5303 irs.
620 5225 689 5306 Ἀ]
734 5225 866 5291 Donum
887 5228 949 5292 Dei
987 5231 1052 5293 vita
1085 5240 1219 5293 aeterna
1251 5249 1312 5312 per
1333 5227 1439 5294 lesum
1482 5223 1608 5302 lomon,
1635 5225 1742 5310 ¹Osias
1764 5247 1945 5310 percussus
1968 5226 2072 5313 lepra,
2094 5228 2211 5307 losias,
2233 5228 2460 5296 Nabuchodo

1482 5331 1600 5389 nosor,
1633 5323 1666 5374 et
1693 5309 1748 5375 alii
1780 5314 1885 5376 sancti
1918 5311 2170 5378 innumerabiles
2204 5314 2350 5397 quotidie
2373 5311 2463 5382 tales

1482 5393 1609 5480 aliquas
1640 5417 1767 5480 poenas
1800 5396 1985 5482 peculiares
2020 5400 2192 5463 sustinent.
2236 5397 2308 5464 Nec
2337 5399 2463 5486 loquor

470 5521 515 5584 ao)
535 5518 664 5585 rourum}
693 5520 765 5572 reru.
798 5518 884 5570 1-14.
913 5520 1016 5571 ra-ao.
1048 5517 1087 5566 ra
1115 5518 1233 5580 aa-ru
1262 5519 1334 5581 com.
1368 5519 1439 5571 με.
1482 5482 1523 5545 ‘¹⁶
1546 5481 1650 5584 lmljiss
1673 5493 1705 5545 ⁸1
1726 5479 2462 5587 ffie⁰fih‚q¹¹⁰¹'¹¹¹¹¹‚}⁰0¹0r⁸essqrmlflDm,

537 5589 675 5650 tangamur
1482 5587 1556 5632 cum
1587 5576 1631 5629 stt
1653 5578 1767 5630 custos
1788 5566 1941 5652 politicae
1959 5566 2105 5633 lusatiae
2129 5580 2161 5633 et
2181 5571 2374 5649 societatis,
2410 5593 2466 5638 re·
