<?xml version="1.0" encoding="UTF-8"?>
<!DOCTYPE html PUBLIC "-//W3C//DTD XHTML 1.0 Transitional//EN"
    "http://www.w3.org/TR/xhtml1/DTD/xhtml1-transitional.dtd">
<html xmlns="http://www.w3.org/1999/xhtml" xml:lang="en" lang="en">
 <head>
  <title>
</title>
<meta http-equiv="Content-Type" content="text/html;charset=utf-8" />
  <meta name='ocr-system' content='tesseract 3.04.00' />
  <meta name='ocr-capabilities' content='ocr_page ocr_carea ocr_par ocr_line ocrx_word'/>
</head>
<body>
  <div class='ocr_page' id='page_1' title='image "./philippimelanth08melagoog_0125.png"; bbox 0 0 5859 6734; ppageno 0'>
   <div class='ocr_carea' id='block_1_1' title="bbox 465 668 2461 760">
    <p class='ocr_par' dir='ltr' id='par_1_1' title="bbox 465 668 2461 760">
     <span class='ocr_line' id='line_1_1' title="bbox 465 668 2461 760; baseline -0.013 0"><span class='ocrx_word' id='word_1_1' title='bbox 465 684 536 760; x_wconf 72' lang='lat' dir='ltr'><strong>ssi</strong></span> <span class='ocrx_word' id='word_1_2' title='bbox 941 676 1446 749; x_wconf 73' lang='lat' dir='ltr'><strong>snoorruuonoerenn.</strong></span> <span class='ocrx_word' id='word_1_3' title='bbox 1468 671 1611 741; x_wconf 74' lang='lat' dir='ltr'><strong>rmus</strong></span> <span class='ocrx_word' id='word_1_4' title='bbox 1628 668 1966 741; x_wconf 77' lang='lat' dir='ltr'><strong>noenu-name.</strong></span> <span class='ocrx_word' id='word_1_5' title='bbox 2390 680 2461 751; x_wconf 65' lang='lat' dir='ltr'>n</span> 
     </span>
    </p>
   </div>
   <div class='ocr_carea' id='block_1_2' title="bbox 487 854 2434 3398">
    <p class='ocr_par' dir='ltr' id='par_1_2' title="bbox 487 854 2434 3398">
     <span class='ocr_line' id='line_1_2' title="bbox 528 854 2302 959; baseline -0.005 -21"><span class='ocrx_word' id='word_1_6' title='bbox 528 899 561 939; x_wconf 75' lang='lat' dir='ltr'><strong>eo</strong></span> <span class='ocrx_word' id='word_1_7' title='bbox 620 881 655 944; x_wconf 78' lang='lat' dir='ltr'><strong>tit</strong></span> <span class='ocrx_word' id='word_1_8' title='bbox 679 873 844 941; x_wconf 85' lang='lat' dir='ltr'><strong>condonat</strong></span> <span class='ocrx_word' id='word_1_9' title='bbox 867 886 996 934; x_wconf 78' lang='lat' dir='ltr'><strong>noxam</strong></span> <span class='ocrx_word' id='word_1_10' title='bbox 1037 866 1175 951; x_wconf 78' lang='lat' dir='ltr'><strong>Signum</strong></span> <span class='ocrx_word' id='word_1_11' title='bbox 1194 919 1198 946; x_wconf 85' lang='grc'>,</span> <span class='ocrx_word' id='word_1_12' title='bbox 1215 863 1438 949; x_wconf 83' lang='lat' dir='ltr'><strong>poenitentiae</strong></span> <span class='ocrx_word' id='word_1_13' title='bbox 1457 863 1460 887; x_wconf 83' lang='lat'><strong>¹</strong></span> <span class='ocrx_word' id='word_1_14' title='bbox 1479 860 1677 925; x_wconf 84' lang='lat' dir='ltr'><strong>nedieehant</strong></span> <span class='ocrx_word' id='word_1_15' title='bbox 1699 876 1859 959; x_wconf 41' lang='lat' dir='ltr'><strong>menne·</strong></span> <span class='ocrx_word' id='word_1_16' title='bbox 1889 854 2047 938; x_wconf 77' lang='lat' dir='ltr'><strong>Cimoni,</strong></span> <span class='ocrx_word' id='word_1_17' title='bbox 2075 863 2137 945; x_wconf 85' lang='lat' dir='ltr'><strong>qni·</strong></span> <span class='ocrx_word' id='word_1_18' title='bbox 2157 859 2302 929; x_wconf 87' lang='lat' dir='ltr'><strong>eleemo-</strong></span> 
     </span>
     <span class='ocr_line' id='line_1_3' title="bbox 620 942 2302 1038; baseline -0.009 -10"><span class='ocrx_word' id='word_1_19' title='bbox 620 961 710 1028; x_wconf 87' lang='lat' dir='ltr'><strong>alind</strong></span> <span class='ocrx_word' id='word_1_20' title='bbox 726 977 793 1024; x_wconf 93' lang='lat' dir='ltr'><strong>non</strong></span> <span class='ocrx_word' id='word_1_21' title='bbox 809 965 862 1019; x_wconf 87' lang='lat' dir='ltr'><strong>est</strong></span> <span class='ocrx_word' id='word_1_22' title='bbox 876 963 1009 1038; x_wconf 88' lang='lat' dir='ltr'><strong>praeter</strong></span> <span class='ocrx_word' id='word_1_23' title='bbox 1026 951 1232 1033; x_wconf 85' lang='lat' dir='ltr'><strong>baptismum.</strong></span> <span class='ocrx_word' id='word_1_24' title='bbox 1479 963 1584 1029; x_wconf 87' lang='lat' dir='ltr'><strong>synas</strong></span> <span class='ocrx_word' id='word_1_25' title='bbox 1599 942 1829 1027; x_wconf 82' lang='lat' dir='ltr'><strong>partiebantur</strong></span> <span class='ocrx_word' id='word_1_26' title='bbox 1844 953 1936 1007; x_wconf 81' lang='lat' dir='ltr'><strong>tuter</strong></span> <span class='ocrx_word' id='word_1_27' title='bbox 1951 944 2078 1029; x_wconf 87' lang='lat' dir='ltr'><strong>inopes.</strong></span> <span class='ocrx_word' id='word_1_28' title='bbox 2113 944 2230 1031; x_wconf 85' lang='lat' dir='ltr'><strong>Neque</strong></span> <span class='ocrx_word' id='word_1_29' title='bbox 2250 948 2302 1013; x_wconf 88' lang='lat' dir='ltr'><strong>sio</strong></span> 
     </span>
     <span class='ocr_line' id='line_1_4' title="bbox 499 1023 2418 1117; baseline 0 -21"><span class='ocrx_word' id='word_1_30' title='bbox 499 1062 501 1067; x_wconf 96' lang='lat'>·</span> <span class='ocrx_word' id='word_1_31' title='bbox 528 1056 530 1063; x_wconf 95' lang='lat'>·</span> <span class='ocrx_word' id='word_1_32' title='bbox 1480 1030 1644 1093; x_wconf 77' lang='lat' dir='ltr'><strong>discretae</strong></span> <span class='ocrx_word' id='word_1_33' title='bbox 1660 1025 1780 1093; x_wconf 87' lang='lat' dir='ltr'><strong>horum</strong></span> <span class='ocrx_word' id='word_1_34' title='bbox 1802 1026 1806 1051; x_wconf 88' lang='lat'>¹</span> <span class='ocrx_word' id='word_1_35' title='bbox 1823 1023 2011 1094; x_wconf 83' lang='lat' dir='ltr'><strong>functiones</strong></span> <span class='ocrx_word' id='word_1_36' title='bbox 2033 1041 2144 1108; x_wconf 82' lang='lat' dir='ltr'><strong>erant,</strong></span> <span class='ocrx_word' id='word_1_37' title='bbox 2175 1042 2213 1095; x_wconf 92' lang='lat' dir='ltr'><strong>ut</strong></span> <span class='ocrx_word' id='word_1_38' title='bbox 2240 1030 2300 1097; x_wconf 88' lang='lat' dir='ltr'><strong>Di·</strong></span> <span class='ocrx_word' id='word_1_39' title='bbox 2320 1053 2377 1117; x_wconf 68' lang='grc' dir='ltr'><strong>ιιι,</strong></span> <span class='ocrx_word' id='word_1_40' title='bbox 2393 1065 2418 1107; x_wconf 63' lang='lat'><strong>⁸,</strong></span> 
     </span>
     <span class='ocr_line' id='line_1_5' title="bbox 801 1106 2301 1203; baseline -0.007 -15"><span class='ocrx_word' id='word_1_41' title='bbox 801 1120 867 1189; x_wconf 75' lang='lat' dir='ltr'><strong>DE</strong></span> <span class='ocrx_word' id='word_1_42' title='bbox 884 1115 1250 1191; x_wconf 70' lang='lat' dir='ltr'><strong>Pnnrtclrnttorte</strong></span> <span class='ocrx_word' id='word_1_43' title='bbox 1479 1132 1587 1178; x_wconf 88' lang='lat' dir='ltr'><strong>acono</strong></span> <span class='ocrx_word' id='word_1_44' title='bbox 1614 1106 1783 1193; x_wconf 84' lang='lat' dir='ltr'><strong>piaculare</strong></span> <span class='ocrx_word' id='word_1_45' title='bbox 1821 1122 1913 1177; x_wconf 85' lang='lat' dir='ltr'><strong>esset</strong></span> <span class='ocrx_word' id='word_1_46' title='bbox 1951 1112 2088 1193; x_wconf 87' lang='lat' dir='ltr'><strong>docere,</strong></span> <span class='ocrx_word' id='word_1_47' title='bbox 2120 1115 2301 1203; x_wconf 65' lang='lat' dir='ltr'><strong>baptisare,</strong></span> 
     </span>
     <span class='ocr_line' id='line_1_6' title="bbox 875 1196 2405 1349; baseline 0.001 -2"><span class='ocrx_word' id='word_1_48' title='bbox 875 1234 1175 1301; x_wconf 56' lang='lat' dir='ltr'><strong>sennenn.</strong></span> <span class='ocrx_word' id='word_1_49' title='bbox 1480 1196 2301 1349; x_wconf 62' lang='lat' dir='ltr'><strong>titnitttttttlltthtmtti</strong></span> <span class='ocrx_word' id='word_1_50' title='bbox 2402 1268 2405 1273; x_wconf 91' lang='lat'>·</span> 
     </span>
     <span class='ocr_line' id='line_1_7' title="bbox 663 1361 2384 1465; baseline -0.006 -23"><span class='ocrx_word' id='word_1_51' title='bbox 663 1378 802 1465; x_wconf 70' lang='lat' dir='ltr'><strong>Signum</strong></span> <span class='ocrx_word' id='word_1_52' title='bbox 835 1375 963 1459; x_wconf 72' lang='lat' dir='ltr'><strong>gratiae</strong></span> <span class='ocrx_word' id='word_1_53' title='bbox 989 1381 1115 1434; x_wconf 88' lang='lat' dir='ltr'><strong>certum</strong></span> <span class='ocrx_word' id='word_1_54' title='bbox 1150 1378 1202 1432; x_wconf 86' lang='lat' dir='ltr'><strong>est</strong></span> <span class='ocrx_word' id='word_1_55' title='bbox 1233 1365 1440 1451; x_wconf 87' lang='lat' dir='ltr'><strong>participatio</strong></span> <span class='ocrx_word' id='word_1_56' title='bbox 1482 1362 1593 1429; x_wconf 82' lang='lat' dir='ltr'><strong>claves</strong></span> <span class='ocrx_word' id='word_1_57' title='bbox 1610 1361 1729 1428; x_wconf 75' lang='lat' dir='ltr'><strong>Metth.</strong></span> <span class='ocrx_word' id='word_1_58' title='bbox 1745 1362 1862 1431; x_wconf 77' lang='lat' dir='ltr'><strong>xvni</strong></span> <span class='ocrx_word' id='word_1_59' title='bbox 1880 1370 1947 1447; x_wconf 82' lang='lat' dir='ltr'><strong>[vs.</strong></span> <span class='ocrx_word' id='word_1_60' title='bbox 1969 1365 2050 1447; x_wconf 75' lang='lat' dir='ltr'><strong>leJ.</strong></span> <span class='ocrx_word' id='word_1_61' title='bbox 2063 1364 2143 1431; x_wconf 66' lang='lat' dir='ltr'><strong>‚Sed</strong></span> <span class='ocrx_word' id='word_1_62' title='bbox 2159 1369 2299 1432; x_wconf 85' lang='lat' dir='ltr'><strong>de&#39;rnnn·</strong></span> <span class='ocrx_word' id='word_1_63' title='bbox 2369 1373 2384 1415; x_wconf 82' lang='lat'><strong><em>⁶</em></strong></span> 
     </span>
     <span class='ocr_line' id='line_1_8' title="bbox 621 1449 2300 1601; baseline -0.01 -71"><span class='ocrx_word' id='word_1_64' title='bbox 621 1480 756 1534; x_wconf 86' lang='lat' dir='ltr'><strong>mensae</strong></span> <span class='ocrx_word' id='word_1_65' title='bbox 773 1459 906 1536; x_wconf 90' lang='lat' dir='ltr'><strong>domiui,</strong></span> <span class='ocrx_word' id='word_1_66' title='bbox 922 1454 988 1520; x_wconf 91' lang='lat' dir='ltr'><strong>hoc</strong></span> <span class='ocrx_word' id='word_1_67' title='bbox 1006 1466 1078 1530; x_wconf 89' lang='lat' dir='ltr'><strong>est,</strong></span> <span class='ocrx_word' id='word_1_68' title='bbox 1101 1452 1299 1519; x_wconf 83' lang='lat' dir='ltr'><strong>manducare</strong></span> <span class='ocrx_word' id='word_1_69' title='bbox 1316 1469 1440 1533; x_wconf 87' lang='lat' dir='ltr'><strong>corpus</strong></span> <span class='ocrx_word' id='word_1_70' title='bbox 1481 1449 1621 1513; x_wconf 88' lang='lat' dir='ltr'><strong>dabatur</strong></span> <span class='ocrx_word' id='word_1_71' title='bbox 1656 1464 1773 1550; x_wconf 77' lang='lat' dir='ltr'><strong>eorum</strong></span> <span class='ocrx_word' id='word_1_72' title='bbox 1801 1450 2231 1601; x_wconf 54' lang='lat' dir='ltr'><strong>procumibusdam,</strong></span> <span class='ocrx_word' id='word_1_73' title='bbox 2262 1462 2300 1517; x_wconf 84' lang='lat' dir='ltr'><strong>ut</strong></span> 
     </span>
     <span class='ocr_line' id='line_1_9' title="bbox 487 1530 2380 1634; baseline -0.006 -23"><span class='ocrx_word' id='word_1_74' title='bbox 487 1562 585 1634; x_wconf 65' lang='lat'><strong>1323&#39;..</strong></span> <span class='ocrx_word' id='word_1_75' title='bbox 621 1544 746 1615; x_wconf 84' lang='lat' dir='ltr'><strong>Christi</strong></span> <span class='ocrx_word' id='word_1_76' title='bbox 763 1556 796 1608; x_wconf 90' lang='lat' dir='ltr'><strong>et</strong></span> <span class='ocrx_word' id='word_1_77' title='bbox 814 1544 818 1569; x_wconf 89' lang='lat'><strong>¹</strong></span> <span class='ocrx_word' id='word_1_78' title='bbox 836 1544 949 1607; x_wconf 87' lang='lat' dir='ltr'><strong>bibere</strong></span> <span class='ocrx_word' id='word_1_79' title='bbox 967 1538 1168 1623; x_wconf 78' lang='lat' dir='ltr'><strong>sanguinem.</strong></span> <span class='ocrx_word' id='word_1_80' title='bbox 1212 1535 1270 1600; x_wconf 89' lang='lat' dir='ltr'><strong>Sic</strong></span> <span class='ocrx_word' id='word_1_81' title='bbox 1290 1536 1376 1598; x_wconf 93' lang='lat' dir='ltr'><strong>enim</strong></span> <span class='ocrx_word' id='word_1_82' title='bbox 1395 1535 1441 1599; x_wconf 91' lang='lat' dir='ltr'><strong>ait</strong></span> <span class='ocrx_word' id='word_1_83' title='bbox 1481 1542 1597 1597; x_wconf 88' lang='lat' dir='ltr'><strong>essent</strong></span> <span class='ocrx_word' id='word_1_84' title='bbox 1617 1553 1674 1616; x_wconf 88' lang='lat' dir='ltr'><strong>qm</strong></span> <span class='ocrx_word' id='word_1_85' title='bbox 1695 1533 1759 1598; x_wconf 88' lang='lat' dir='ltr'><strong>sibi</strong></span> <span class='ocrx_word' id='word_1_86' title='bbox 1774 1550 1845 1597; x_wconf 84' lang='lat' dir='ltr'><strong>rem</strong></span> <span class='ocrx_word' id='word_1_87' title='bbox 1861 1530 1934 1599; x_wconf 89' lang='lat' dir='ltr'><strong>acal</strong></span> <span class='ocrx_word' id='word_1_88' title='bbox 1972 1536 1984 1553; x_wconf 77' lang='lat'>⁸</span> <span class='ocrx_word' id='word_1_89' title='bbox 2047 1554 2124 1603; x_wconf 80' lang='lat' dir='ltr'><strong>carn</strong></span> <span class='ocrx_word' id='word_1_90' title='bbox 2141 1554 2299 1601; x_wconf 63' lang='lat' dir='ltr'><strong>neeesse</strong></span> <span class='ocrx_word' id='word_1_91' title='bbox 2377 1578 2380 1583; x_wconf 93' lang='lat'>-</span> 
     </span>
     <span class='ocr_line' id='line_1_10' title="bbox 623 1617 2300 1713; baseline -0.007 -17"><span class='ocrx_word' id='word_1_92' title='bbox 623 1633 719 1713; x_wconf 84' lang='lat' dir='ltr'><strong>[Luc.</strong></span> <span class='ocrx_word' id='word_1_93' title='bbox 737 1630 791 1707; x_wconf 74' lang='lat'><strong>22,</strong></span> <span class='ocrx_word' id='word_1_94' title='bbox 808 1628 887 1707; x_wconf 72' lang='lat'><strong>20.],</strong></span> <span class='ocrx_word' id='word_1_95' title='bbox 906 1624 969 1688; x_wconf 87' lang='lat' dir='ltr'><strong>llic</strong></span> <span class='ocrx_word' id='word_1_96' title='bbox 986 1635 1039 1696; x_wconf 83' lang='lat' dir='ltr'><strong>est</strong></span> <span class='ocrx_word' id='word_1_97' title='bbox 1056 1619 1142 1687; x_wconf 87' lang='lat' dir='ltr'><strong>calix</strong></span> <span class='ocrx_word' id='word_1_98' title='bbox 1159 1622 1237 1685; x_wconf 92' lang='lat' dir='ltr'><strong>novi</strong></span> <span class='ocrx_word' id='word_1_99' title='bbox 1254 1620 1441 1685; x_wconf 82' lang='lat' dir='ltr'><strong>testamenti</strong></span> <span class='ocrx_word' id='word_1_100' title='bbox 1481 1618 1532 1683; x_wconf 89' lang='lat' dir='ltr'><strong>rio</strong></span> <span class='ocrx_word' id='word_1_101' title='bbox 1553 1619 1678 1681; x_wconf 79' lang='lat' dir='ltr'><strong>scirent</strong></span> <span class='ocrx_word' id='word_1_102' title='bbox 1695 1617 1986 1683; x_wconf 67' lang='lat' dir='ltr'><strong>semiustam</strong></span> <span class='ocrx_word' id='word_1_103' title='bbox 2002 1638 2092 1699; x_wconf 86' lang='lat' dir='ltr'><strong>esse,</strong></span> <span class='ocrx_word' id='word_1_104' title='bbox 2108 1621 2196 1685; x_wconf 89' lang='lat' dir='ltr'><strong>etad</strong></span> <span class='ocrx_word' id='word_1_105' title='bbox 2213 1630 2300 1705; x_wconf 73' lang='lat' dir='ltr'><strong>quot</strong></span> 
     </span>
     <span class='ocr_line' id='line_1_11' title="bbox 622 1698 2213 1791; baseline -0.008 -11"><span class='ocrx_word' id='word_1_106' title='bbox 622 1726 685 1780; x_wconf 88' lang='lat' dir='ltr'><strong>etc.</strong></span> <span class='ocrx_word' id='word_1_107' title='bbox 728 1714 819 1777; x_wconf 84' lang='lat' dir='ltr'><strong>item.</strong></span> <span class='ocrx_word' id='word_1_108' title='bbox 839 1710 885 1791; x_wconf 90' lang='lat'><strong>[1.</strong></span> <span class='ocrx_word' id='word_1_109' title='bbox 904 1706 981 1774; x_wconf 89' lang='lat' dir='ltr'><strong>Cor.</strong></span> <span class='ocrx_word' id='word_1_110' title='bbox 1002 1706 1053 1785; x_wconf 90' lang='lat' dir='ltr'><strong>ll,</strong></span> <span class='ocrx_word' id='word_1_111' title='bbox 1070 1704 1153 1785; x_wconf 45' lang='lat'><strong>25⁴1,</strong></span> <span class='ocrx_word' id='word_1_112' title='bbox 1177 1704 1306 1789; x_wconf 73' lang='lat' dir='ltr'><strong>quoties</strong></span> <span class='ocrx_word' id='word_1_113' title='bbox 1322 1699 1440 1769; x_wconf 81' lang='lat' dir='ltr'><strong>ieceri-</strong></span> <span class='ocrx_word' id='word_1_114' title='bbox 1481 1702 1546 1767; x_wconf 86' lang='lat' dir='ltr'><strong>rite</strong></span> <span class='ocrx_word' id='word_1_115' title='bbox 1564 1698 1685 1767; x_wconf 84' lang='lat' dir='ltr'><strong>referri</strong></span> <span class='ocrx_word' id='word_1_116' title='bbox 1704 1712 1831 1785; x_wconf 85' lang='lat' dir='ltr'><strong>posset,</strong></span> <span class='ocrx_word' id='word_1_117' title='bbox 1852 1702 1984 1788; x_wconf 79' lang='lat' dir='ltr'><strong>siquid</strong></span> <span class='ocrx_word' id='word_1_118' title='bbox 2003 1704 2183 1769; x_wconf 74' lang='lat' dir='ltr'><strong>incidisset.</strong></span> <span class='ocrx_word' id='word_1_119' title='bbox 2208 1705 2213 1731; x_wconf 90' lang='lat'><em>¹</em></span> 
     </span>
     <span class='ocr_line' id='line_1_12' title="bbox 621 1782 2434 1878; baseline -0.006 -12"><span class='ocrx_word' id='word_1_120' title='bbox 621 1802 678 1878; x_wconf 85' lang='lat' dir='ltr'><strong>tis,</strong></span> <span class='ocrx_word' id='word_1_121' title='bbox 705 1795 805 1863; x_wconf 82' lang='lat' dir='ltr'><strong>iacite</strong></span> <span class='ocrx_word' id='word_1_122' title='bbox 830 1797 865 1859; x_wconf 92' lang='lat' dir='ltr'><strong>in</strong></span> <span class='ocrx_word' id='word_1_123' title='bbox 892 1793 1081 1857; x_wconf 81' lang='lat' dir='ltr'><strong>memoriam</strong></span> <span class='ocrx_word' id='word_1_124' title='bbox 1108 1790 1182 1853; x_wconf 86' lang='lat' dir='ltr'><strong>mei.</strong></span> <span class='ocrx_word' id='word_1_125' title='bbox 1224 1788 1262 1855; x_wconf 90' lang='lat' dir='ltr'><strong>ld</strong></span> <span class='ocrx_word' id='word_1_126' title='bbox 1279 1794 1349 1867; x_wconf 86' lang='lat' dir='ltr'><strong>e&#39;st,</strong></span> <span class='ocrx_word' id='word_1_127' title='bbox 1365 1806 1440 1853; x_wconf 81' lang='lat' dir='ltr'><strong>enm</strong></span> <span class='ocrx_word' id='word_1_128' title='bbox 1523 1784 1567 1850; x_wconf 82' lang='lat' dir='ltr'><strong>Et</strong></span> <span class='ocrx_word' id='word_1_129' title='bbox 1600 1797 1640 1853; x_wconf 81' lang='lat' dir='ltr'><strong>nt</strong></span> <span class='ocrx_word' id='word_1_130' title='bbox 1668 1782 1737 1851; x_wconf 92' lang='lat' dir='ltr'><strong>hoo</strong></span> <span class='ocrx_word' id='word_1_131' title='bbox 1769 1786 1876 1855; x_wconf 72' lang='lat' dir='ltr'><strong>obitm</strong></span> <span class='ocrx_word' id='word_1_132' title='bbox 1905 1806 2073 1866; x_wconf 84' lang='lat' dir='ltr'><strong>moneam,</strong></span> <span class='ocrx_word' id='word_1_133' title='bbox 2104 1786 2272 1855; x_wconf 84' lang='lat' dir='ltr'><strong>vocabulo</strong></span> <span class='ocrx_word' id='word_1_134' title='bbox 2294 1787 2299 1814; x_wconf 86' lang='lat'><strong>¹</strong></span> <span class='ocrx_word' id='word_1_135' title='bbox 2320 1790 2375 1857; x_wconf 76' lang='lat'><strong>(⁰⁹.</strong></span> <span class='ocrx_word' id='word_1_136' title='bbox 2393 1792 2434 1855; x_wconf 72' lang='lat' dir='ltr'><strong>b)</strong></span> 
     </span>
     <span class='ocr_line' id='line_1_13' title="bbox 622 1868 2387 1959; baseline -0.009 -10"><span class='ocrx_word' id='word_1_137' title='bbox 622 1882 733 1949; x_wconf 78' lang='lat' dir='ltr'><strong>facitis</strong></span> <span class='ocrx_word' id='word_1_138' title='bbox 755 1877 994 1945; x_wconf 87' lang='lat' dir='ltr'><strong>sdrnoneamini</strong></span> <span class='ocrx_word' id='word_1_139' title='bbox 1021 1871 1214 1959; x_wconf 71' lang='lat' dir='ltr'><strong>Evangelii,</strong></span> <span class='ocrx_word' id='word_1_140' title='bbox 1240 1892 1301 1939; x_wconf 83' lang='lat' dir='ltr'><strong>ssu</strong></span> <span class='ocrx_word' id='word_1_141' title='bbox 1323 1872 1440 1937; x_wconf 81' lang='lat' dir='ltr'><strong>remts·</strong></span> <span class='ocrx_word' id='word_1_142' title='bbox 1480 1868 1561 1955; x_wconf 81' lang='lat' dir='ltr'><strong>Epis</strong></span> <span class='ocrx_word' id='word_1_143' title='bbox 1643 1882 1741 1949; x_wconf 81' lang='lat' dir='ltr'><strong>,aut</strong></span> <span class='ocrx_word' id='word_1_144' title='bbox 1759 1872 1861 1955; x_wconf 82' lang='lat' dir='ltr'><strong>presb</strong></span> <span class='ocrx_word' id='word_1_145' title='bbox 1918 1873 1966 1949; x_wconf 79' lang='lat' dir='ltr'><strong>n,</strong></span> <span class='ocrx_word' id='word_1_146' title='bbox 1992 1882 2049 1937; x_wconf 85' lang='lat' dir='ltr'><strong>aut</strong></span> <span class='ocrx_word' id='word_1_147' title='bbox 2068 1872 2211 1951; x_wconf 69' lang='lat' dir='ltr'><strong>mmm,</strong></span> <span class='ocrx_word' id='word_1_148' title='bbox 2229 1884 2318 1938; x_wconf 83' lang='lat' dir='ltr'><strong>non.</strong></span> <span class='ocrx_word' id='word_1_149' title='bbox 2359 1893 2387 1933; x_wconf 83' lang='grc' dir='ltr'><strong>ιο</strong></span> 
     </span>
     <span class='ocr_line' id='line_1_14' title="bbox 542 1953 2299 2066; baseline -0.003 -38"><span class='ocrx_word' id='word_1_150' title='bbox 542 1988 557 2028; x_wconf 83' lang='lat' dir='ltr'><strong>a</strong></span> <span class='ocrx_word' id='word_1_151' title='bbox 622 1968 729 2033; x_wconf 89' lang='lat' dir='ltr'><strong>sionis</strong></span> <span class='ocrx_word' id='word_1_152' title='bbox 752 1966 996 2066; x_wconf 80' lang='lat' dir='ltr'><strong>&#39;peecatorum</strong></span> <span class='ocrx_word' id='word_1_153' title='bbox 1039 1959 1116 2024; x_wconf 89' lang='lat' dir='ltr'><strong>Non</strong></span> <span class='ocrx_word' id='word_1_154' title='bbox 1138 1970 1191 2023; x_wconf 88' lang='lat' dir='ltr'><strong>est</strong></span> <span class='ocrx_word' id='word_1_155' title='bbox 1213 1958 1315 2043; x_wconf 73' lang='lat' dir='ltr'><strong>igitur</strong></span> <span class='ocrx_word' id='word_1_156' title='bbox 1336 1956 1439 2023; x_wconf 82' lang='lat' dir='ltr'><strong>sacri·</strong></span> <span class='ocrx_word' id='word_1_157' title='bbox 1481 1974 1568 2021; x_wconf 80' lang='lat' dir='ltr'><strong>conr</strong></span> <span class='ocrx_word' id='word_1_158' title='bbox 1680 1974 1862 2057; x_wconf 56' lang='lat' dir='ltr'><strong>comesne</strong></span> <span class='ocrx_word' id='word_1_159' title='bbox 1883 1953 1941 2023; x_wconf 84' lang='lat' dir='ltr'><strong>ulo</strong></span> <span class='ocrx_word' id='word_1_160' title='bbox 1960 1957 2156 2023; x_wconf 84' lang='lat' dir='ltr'><strong>sacerdotis.</strong></span> <span class='ocrx_word' id='word_1_161' title='bbox 2177 1954 2299 2023; x_wconf 77' lang='lat' dir='ltr'><strong>Sacer·</strong></span> 
     </span>
     <span class='ocr_line' id='line_1_15' title="bbox 552 2038 2300 2131; baseline -0.003 -19"><span class='ocrx_word' id='word_1_162' title='bbox 552 2072 554 2077; x_wconf 94' lang='lat'>·</span> <span class='ocrx_word' id='word_1_163' title='bbox 621 2051 742 2127; x_wconf 66' lang='lat' dir='ltr'><strong>fidum,</strong></span> <span class='ocrx_word' id='word_1_164' title='bbox 761 2047 921 2131; x_wconf 77' lang='lat' dir='ltr'><strong>siquidem</strong></span> <span class='ocrx_word' id='word_1_165' title='bbox 936 2044 1046 2109; x_wconf 93' lang='lat' dir='ltr'><strong>inhoc</strong></span> <span class='ocrx_word' id='word_1_166' title='bbox 1057 2055 1110 2108; x_wconf 90' lang='lat' dir='ltr'><strong>est</strong></span> <span class='ocrx_word' id='word_1_167' title='bbox 1118 2043 1287 2119; x_wconf 86' lang='lat' dir='ltr'><strong>traditum,</strong></span> <span class='ocrx_word' id='word_1_168' title='bbox 1299 2051 1439 2106; x_wconf 87' lang='lat' dir='ltr'><strong>utcerto</strong></span> <span class='ocrx_word' id='word_1_169' title='bbox 1480 2040 1543 2105; x_wconf 85' lang='lat' dir='ltr'><strong>dos</strong></span> <span class='ocrx_word' id='word_1_170' title='bbox 1564 2040 1659 2105; x_wconf 85' lang='lat' dir='ltr'><strong>enirn-</strong></span> <span class='ocrx_word' id='word_1_171' title='bbox 1671 2058 1694 2105; x_wconf 84' lang='lat' dir='ltr'><strong>a</strong></span> <span class='ocrx_word' id='word_1_172' title='bbox 1714 2038 1932 2109; x_wconf 83' lang='lat' dir='ltr'><strong>sacriiicrcin</strong></span> <span class='ocrx_word' id='word_1_173' title='bbox 1952 2042 2127 2125; x_wconf 82' lang='lat' dir='ltr'><strong>scripturis</strong></span> <span class='ocrx_word' id='word_1_174' title='bbox 2147 2052 2182 2107; x_wconf 90' lang='lat' dir='ltr'><strong>et</strong></span> <span class='ocrx_word' id='word_1_175' title='bbox 2199 2042 2300 2107; x_wconf 81' lang='lat' dir='ltr'><strong>htter·</strong></span> 
     </span>
     <span class='ocr_line' id='line_1_16' title="bbox 620 2120 2300 2228; baseline -0.004 -29"><span class='ocrx_word' id='word_1_176' title='bbox 620 2136 795 2201; x_wconf 81' lang='lat' dir='ltr'><strong>admoneat</strong></span> <span class='ocrx_word' id='word_1_177' title='bbox 818 2141 953 2195; x_wconf 84' lang='lat' dir='ltr'><strong>tantum-</strong></span> <span class='ocrx_word' id='word_1_178' title='bbox 966 2129 1123 2214; x_wconf 83' lang='lat' dir='ltr'><strong>promissi</strong></span> <span class='ocrx_word' id='word_1_179' title='bbox 1143 2123 1325 2211; x_wconf 71' lang='lat' dir='ltr'><strong>Evangelii.</strong></span> <span class='ocrx_word' id='word_1_180' title='bbox 1367 2125 1440 2189; x_wconf 87' lang='lat' dir='ltr'><strong>Neo</strong></span> <span class='ocrx_word' id='word_1_181' title='bbox 1479 2120 1636 2209; x_wconf 83' lang='lat' dir='ltr'><strong>pallando</strong></span> <span class='ocrx_word' id='word_1_182' title='bbox 1679 2124 1808 2191; x_wconf 73' lang='lat' dir='ltr'><strong>duur.</strong></span> <span class='ocrx_word' id='word_1_183' title='bbox 1873 2122 2060 2228; x_wconf 74' lang='lat' dir='ltr'><strong>Smnuspue</strong></span> <span class='ocrx_word' id='word_1_184' title='bbox 2103 2126 2300 2193; x_wconf 76' lang='lat' dir='ltr'><strong>mcerdotes</strong></span> 
     </span>
     <span class='ocr_line' id='line_1_17' title="bbox 622 2206 2372 2359; baseline -0.006 -74"><span class='ocrx_word' id='word_1_185' title='bbox 622 2217 709 2285; x_wconf 78' lang='lat' dir='ltr'><strong>delet</strong></span> <span class='ocrx_word' id='word_1_186' title='bbox 742 2227 915 2301; x_wconf 83' lang='lat' dir='ltr'><strong>peccatum</strong></span> <span class='ocrx_word' id='word_1_187' title='bbox 951 2212 1159 2296; x_wconf 82' lang='lat' dir='ltr'><strong>participatio</strong></span> <span class='ocrx_word' id='word_1_188' title='bbox 1194 2229 1340 2289; x_wconf 86' lang='lat' dir='ltr'><strong>mensae,</strong></span> <span class='ocrx_word' id='word_1_189' title='bbox 1378 2210 1440 2285; x_wconf 83' lang='lat' dir='ltr'><strong>sed</strong></span> <span class='ocrx_word' id='word_1_190' title='bbox 1481 2226 1595 2273; x_wconf 89' lang='lat' dir='ltr'><strong>onmes</strong></span> <span class='ocrx_word' id='word_1_191' title='bbox 1611 2206 1801 2289; x_wconf 80' lang='lat' dir='ltr'><strong>Christiani,</strong></span> <span class='ocrx_word' id='word_1_192' title='bbox 1808 2208 2295 2359; x_wconf 52' lang='lat' dir='ltr'><strong>fflffldmliwflie&#39;</strong></span> <span class='ocrx_word' id='word_1_193' title='bbox 2361 2298 2372 2339; x_wconf 56' lang='grc' dir='ltr'>ι</span> 
     </span>
     <span class='ocr_line' id='line_1_18' title="bbox 487 2293 2299 2471; baseline -0.001 -24"><span class='ocrx_word' id='word_1_194' title='bbox 487 2324 605 2447; x_wconf 62' lang='lat' dir='ltr'><strong>‘ht&#39;’</strong></span> <span class='ocrx_word' id='word_1_195' title='bbox 620 2298 990 2471; x_wconf 57' lang='lat' dir='ltr'><strong>temnit</strong></span> <span class='ocrx_word' id='word_1_196' title='bbox 1003 2293 1439 2463; x_wconf 52' lang='lat' dir='ltr'><strong>lffidldinwlfflffl</strong></span> <span class='ocrx_word' id='word_1_197' title='bbox 1481 2304 2019 2445; x_wconf 50' lang='lat' dir='ltr'><strong>tetimonio„</strong></span> <span class='ocrx_word' id='word_1_198' title='bbox 2035 2295 2127 2445; x_wconf 45' lang='grc' dir='ltr'><strong>ἕῳ</strong></span> <span class='ocrx_word' id='word_1_199' title='bbox 2175 2392 2178 2399; x_wconf 93' lang='grc'>-</span> <span class='ocrx_word' id='word_1_200' title='bbox 2287 2398 2299 2457; x_wconf 55' lang='lat'><em>2</em></span> 
     </span>
     <span class='ocr_line' id='line_1_19' title="bbox 621 2458 2300 2547; baseline -0.002 -15"><span class='ocrx_word' id='word_1_201' title='bbox 621 2470 760 2547; x_wconf 81' lang='lat' dir='ltr'><strong>christi,</strong></span> <span class='ocrx_word' id='word_1_202' title='bbox 776 2488 851 2532; x_wconf 89' lang='lat' dir='ltr'><strong>cnm</strong></span> <span class='ocrx_word' id='word_1_203' title='bbox 866 2469 932 2530; x_wconf 88' lang='lat' dir='ltr'><strong>iam</strong></span> <span class='ocrx_word' id='word_1_204' title='bbox 948 2465 1119 2529; x_wconf 81' lang='lat' dir='ltr'><strong>necandus</strong></span> <span class='ocrx_word' id='word_1_205' title='bbox 1136 2475 1244 2541; x_wconf 86' lang='lat' dir='ltr'><strong>esset,</strong></span> <span class='ocrx_word' id='word_1_206' title='bbox 1263 2460 1439 2528; x_wconf 75' lang='lat' dir='ltr'><strong>sedidem</strong></span> <span class='ocrx_word' id='word_1_207' title='bbox 1480 2474 1521 2529; x_wconf 83' lang='lat' dir='ltr'><strong>et·</strong></span> <span class='ocrx_word' id='word_1_208' title='bbox 1538 2463 1591 2529; x_wconf 81' lang='lat' dir='ltr'><strong>tus</strong></span> <span class='ocrx_word' id='word_1_209' title='bbox 1615 2462 1778 2529; x_wconf 82' lang='lat' dir='ltr'><strong>hebemus</strong></span> <span class='ocrx_word' id='word_1_210' title='bbox 1802 2458 2034 2547; x_wconf 75' lang='lat' dir='ltr'><strong>interpellandi</strong></span> <span class='ocrx_word' id='word_1_211' title='bbox 2059 2464 2114 2529; x_wconf 83' lang='lat' dir='ltr'><strong>dei</strong></span> <span class='ocrx_word' id='word_1_212' title='bbox 2137 2464 2236 2530; x_wconf 86' lang='lat' dir='ltr'><strong>immo</strong></span> <span class='ocrx_word' id='word_1_213' title='bbox 2265 2474 2300 2529; x_wconf 85' lang='lat' dir='ltr'><strong>et</strong></span> 
     </span>
     <span class='ocr_line' id='line_1_20' title="bbox 621 2545 2380 2633; baseline -0.005 -14"><span class='ocrx_word' id='word_1_214' title='bbox 621 2558 695 2620; x_wconf 85' lang='lat' dir='ltr'><strong>eins</strong></span> <span class='ocrx_word' id='word_1_215' title='bbox 717 2550 951 2627; x_wconf 81' lang='lat' dir='ltr'><strong>continuabat,</strong></span> <span class='ocrx_word' id='word_1_216' title='bbox 969 2568 1035 2633; x_wconf 84' lang='lat' dir='ltr'><strong>qun</strong></span> <span class='ocrx_word' id='word_1_217' title='bbox 1050 2546 1291 2612; x_wconf 87' lang='lat' dir='ltr'><strong>iustificabatur</strong></span> <span class='ocrx_word' id='word_1_218' title='bbox 1307 2559 1341 2613; x_wconf 91' lang='lat' dir='ltr'><strong>et</strong></span> <span class='ocrx_word' id='word_1_219' title='bbox 1357 2549 1438 2613; x_wconf 83' lang='lat' dir='ltr'><strong>vivi·</strong></span> <span class='ocrx_word' id='word_1_220' title='bbox 1480 2545 1643 2631; x_wconf 81' lang='lat' dir='ltr'><strong>placandi.</strong></span> <span class='ocrx_word' id='word_1_221' title='bbox 1663 2546 1739 2612; x_wconf 87' lang='lat' dir='ltr'><strong>Huc</strong></span> <span class='ocrx_word' id='word_1_222' title='bbox 1758 2549 2084 2631; x_wconf 81' lang='lat' dir='ltr'><strong>pertinet:sententia</strong></span> <span class='ocrx_word' id='word_1_223' title='bbox 2099 2546 2201 2626; x_wconf 88' lang='lat' dir='ltr'><strong>Petri,</strong></span> <span class='ocrx_word' id='word_1_224' title='bbox 2214 2566 2298 2633; x_wconf 73' lang='lat' dir='ltr'><strong>pens</strong></span> <span class='ocrx_word' id='word_1_225' title='bbox 2376 2580 2380 2585; x_wconf 96' lang='lat'>·</span> 
     </span>
     <span class='ocr_line' id='line_1_21' title="bbox 620 2631 2299 2717; baseline -0.004 -13"><span class='ocrx_word' id='word_1_226' title='bbox 620 2638 794 2704; x_wconf 86' lang='lat' dir='ltr'><strong>flcahatnr.</strong></span> <span class='ocrx_word' id='word_1_227' title='bbox 827 2633 878 2699; x_wconf 86' lang='lat' dir='ltr'><strong>lta</strong></span> <span class='ocrx_word' id='word_1_228' title='bbox 892 2651 955 2699; x_wconf 88' lang='lat' dir='ltr'><strong>nec</strong></span> <span class='ocrx_word' id='word_1_229' title='bbox 972 2633 1178 2717; x_wconf 81' lang='lat' dir='ltr'><strong>participatio</strong></span> <span class='ocrx_word' id='word_1_230' title='bbox 1193 2650 1330 2697; x_wconf 89' lang='lat' dir='ltr'><strong>mensas</strong></span> <span class='ocrx_word' id='word_1_231' title='bbox 1345 2633 1438 2697; x_wconf 83' lang='lat' dir='ltr'><strong>iusti·</strong></span> <span class='ocrx_word' id='word_1_232' title='bbox 1481 2642 1614 2712; x_wconf 81' lang='lat' dir='ltr'><strong>sancta,</strong></span> <span class='ocrx_word' id='word_1_233' title='bbox 1642 2651 1781 2716; x_wconf 84' lang='lat' dir='ltr'><strong>regnum</strong></span> <span class='ocrx_word' id='word_1_234' title='bbox 1805 2631 2025 2697; x_wconf 78' lang='lat' dir='ltr'><strong>sacerdotale.</strong></span> <span class='ocrx_word' id='word_1_235' title='bbox 2149 2651 2187 2696; x_wconf 80' lang='lat' dir='ltr'><strong>es</strong></span> <span class='ocrx_word' id='word_1_236' title='bbox 2213 2633 2299 2697; x_wconf 88' lang='lat' dir='ltr'><strong>enirn</strong></span> 
     </span>
     <span class='ocr_line' id='line_1_22' title="bbox 619 2713 2396 2802; baseline -0.004 -14"><span class='ocrx_word' id='word_1_237' title='bbox 619 2723 709 2802; x_wconf 85' lang='lat' dir='ltr'><strong>fleat,</strong></span> <span class='ocrx_word' id='word_1_238' title='bbox 738 2718 799 2785; x_wconf 86' lang='lat' dir='ltr'><strong>aad</strong></span> <span class='ocrx_word' id='word_1_239' title='bbox 829 2718 929 2785; x_wconf 88' lang='lat' dir='ltr'><strong>iidem</strong></span> <span class='ocrx_word' id='word_1_240' title='bbox 957 2715 1139 2791; x_wconf 81' lang='lat' dir='ltr'><strong>confirmat,</strong></span> <span class='ocrx_word' id='word_1_241' title='bbox 1164 2727 1202 2781; x_wconf 85' lang='lat' dir='ltr'><strong>nt</strong></span> <span class='ocrx_word' id='word_1_242' title='bbox 1234 2735 1336 2800; x_wconf 89' lang='lat' dir='ltr'><strong>supra</strong></span> <span class='ocrx_word' id='word_1_243' title='bbox 1359 2717 1436 2781; x_wconf 78' lang='lat' dir='ltr'><strong>dixi.</strong></span> <span class='ocrx_word' id='word_1_244' title='bbox 1481 2736 1594 2782; x_wconf 88' lang='lat' dir='ltr'><strong>sumus</strong></span> <span class='ocrx_word' id='word_1_245' title='bbox 1608 2726 1612 2749; x_wconf 90' lang='lat'><strong>¹</strong></span> <span class='ocrx_word' id='word_1_246' title='bbox 1625 2714 1814 2795; x_wconf 80' lang='lat' dir='ltr'><strong>Christiani,</strong></span> <span class='ocrx_word' id='word_1_247' title='bbox 1835 2719 1914 2800; x_wconf 85' lang='lat' dir='ltr'><strong>quia</strong></span> <span class='ocrx_word' id='word_1_248' title='bbox 1932 2713 2028 2780; x_wconf 90' lang='lat' dir='ltr'><strong>liberi</strong></span> <span class='ocrx_word' id='word_1_249' title='bbox 2049 2737 2109 2800; x_wconf 87' lang='lat' dir='ltr'><strong>per</strong></span> <span class='ocrx_word' id='word_1_250' title='bbox 2158 2715 2299 2781; x_wconf 84' lang='lat' dir='ltr'><strong>hristum</strong></span> <span class='ocrx_word' id='word_1_251' title='bbox 2363 2718 2396 2759; x_wconf 79' lang='lat'><strong>²⁰</strong></span> 
     </span>
     <span class='ocr_line' id='line_1_23' title="bbox 538 2800 2297 2890; baseline -0.002 -23"><span class='ocrx_word' id='word_1_252' title='bbox 538 2827 565 2867; x_wconf 81' lang='lat' dir='ltr'><strong>rs</strong></span> <span class='ocrx_word' id='word_1_253' title='bbox 619 2808 704 2873; x_wconf 89' lang='lat' dir='ltr'><strong>Sunt</strong></span> <span class='ocrx_word' id='word_1_254' title='bbox 731 2806 830 2890; x_wconf 82' lang='lat' dir='ltr'><strong>igitur</strong></span> <span class='ocrx_word' id='word_1_255' title='bbox 857 2802 984 2885; x_wconf 73' lang='lat' dir='ltr'><strong>impiae</strong></span> <span class='ocrx_word' id='word_1_256' title='bbox 1012 2802 1137 2865; x_wconf 82' lang='lat' dir='ltr'><strong>missae</strong></span> <span class='ocrx_word' id='word_1_257' title='bbox 1164 2818 1278 2869; x_wconf 81' lang='lat' dir='ltr'><strong>orrrnes</strong></span> <span class='ocrx_word' id='word_1_258' title='bbox 1306 2812 1438 2885; x_wconf 80' lang='lat' dir='ltr'><strong>praeter</strong></span> <span class='ocrx_word' id='word_1_259' title='bbox 1481 2802 1623 2864; x_wconf 90' lang='lat' dir='ltr'><strong>omnium</strong></span> <span class='ocrx_word' id='word_1_260' title='bbox 1645 2812 1880 2881; x_wconf 85' lang='lat' dir='ltr'><strong>creaturarum,</strong></span> <span class='ocrx_word' id='word_1_261' title='bbox 1899 2801 1998 2880; x_wconf 86' lang='lat' dir='ltr'><strong>vitae,</strong></span> <span class='ocrx_word' id='word_1_262' title='bbox 2020 2800 2297 2884; x_wconf 60' lang='lat' dir='ltr'><strong>montispesati</strong></span> 
     </span>
     <span class='ocr_line' id='line_1_24' title="bbox 620 2880 2297 2976; baseline -0.005 -19"><span class='ocrx_word' id='word_1_263' title='bbox 620 2910 680 2957; x_wconf 83' lang='lat' dir='ltr'><strong>eas</strong></span> <span class='ocrx_word' id='word_1_264' title='bbox 709 2892 828 2976; x_wconf 85' lang='lat' dir='ltr'><strong>quibus</strong></span> <span class='ocrx_word' id='word_1_265' title='bbox 857 2886 1079 2954; x_wconf 84' lang='lat' dir='ltr'><strong>conscientiae</strong></span> <span class='ocrx_word' id='word_1_266' title='bbox 1111 2885 1155 2949; x_wconf 85' lang='lat' dir='ltr'><strong>ad</strong></span> <span class='ocrx_word' id='word_1_267' title='bbox 1180 2882 1438 2950; x_wconf 84' lang='lat' dir='ltr'><strong>confirmandam</strong></span> <span class='ocrx_word' id='word_1_268' title='bbox 1481 2886 1695 2963; x_wconf 85' lang='lat' dir='ltr'><strong>dominamur,</strong></span> <span class='ocrx_word' id='word_1_269' title='bbox 1716 2897 1754 2950; x_wconf 92' lang='lat' dir='ltr'><strong>ut</strong></span> <span class='ocrx_word' id='word_1_270' title='bbox 1837 2904 1877 2949; x_wconf 88' lang='lat' dir='ltr'><strong>ra</strong></span> <span class='ocrx_word' id='word_1_271' title='bbox 1899 2884 1976 2949; x_wconf 87' lang='lat' dir='ltr'><strong>dixi.</strong></span> <span class='ocrx_word' id='word_1_272' title='bbox 1999 2880 2198 2949; x_wconf 73' lang='lat' dir='ltr'><strong>Sacerdotes</strong></span> <span class='ocrx_word' id='word_1_273' title='bbox 2221 2885 2297 2968; x_wconf 85' lang='lat' dir='ltr'><strong>quia</strong></span> 
     </span>
     <span class='ocr_line' id='line_1_25' title="bbox 619 2965 2396 3058; baseline -0.005 -17"><span class='ocrx_word' id='word_1_274' title='bbox 619 2974 718 3041; x_wconf 86' lang='lat' dir='ltr'><strong>iidem</strong></span> <span class='ocrx_word' id='word_1_275' title='bbox 740 2974 920 3058; x_wconf 75' lang='lat' dir='ltr'><strong>eriguntur.</strong></span> <span class='ocrx_word' id='word_1_276' title='bbox 965 2970 1170 3037; x_wconf 79' lang='lat' dir='ltr'><strong>Secriflc&#39;nm</strong></span> <span class='ocrx_word' id='word_1_277' title='bbox 1195 2981 1259 3049; x_wconf 83' lang='lat' dir='ltr'><strong>est,</strong></span> <span class='ocrx_word' id='word_1_278' title='bbox 1281 2989 1356 3035; x_wconf 83' lang='lat' dir='ltr'><strong>cunr</strong></span> <span class='ocrx_word' id='word_1_279' title='bbox 1373 2988 1437 3035; x_wconf 91' lang='lat' dir='ltr'><strong>nos</strong></span> <span class='ocrx_word' id='word_1_280' title='bbox 1479 2970 1637 3053; x_wconf 72' lang='lat' dir='ltr'><strong>nosipsos</strong></span> <span class='ocrx_word' id='word_1_281' title='bbox 1682 2970 1745 3035; x_wconf 90' lang='lat' dir='ltr'><strong>deo</strong></span> <span class='ocrx_word' id='word_1_282' title='bbox 1774 2992 1796 3035; x_wconf 95' lang='lat' dir='ltr'><strong>o</strong></span> <span class='ocrx_word' id='word_1_283' title='bbox 1820 2970 1958 3048; x_wconf 86' lang='lat' dir='ltr'><strong>erimus,</strong></span> <span class='ocrx_word' id='word_1_284' title='bbox 1990 2980 2023 3034; x_wconf 91' lang='lat' dir='ltr'><strong>et</strong></span> <span class='ocrx_word' id='word_1_285' title='bbox 2049 2965 2298 3053; x_wconf 72' lang='lat' dir='ltr'><strong>interpellamus</strong></span> <span class='ocrx_word' id='word_1_286' title='bbox 2334 2994 2338 3005; x_wconf 94' lang='lat'>·</span> <span class='ocrx_word' id='word_1_287' title='bbox 2382 3006 2396 3023; x_wconf 65' lang='grc' dir='ltr'><strong>ι.</strong></span> 
     </span>
     <span class='ocr_line' id='line_1_26' title="bbox 619 3051 2301 3146; baseline -0.004 -21"><span class='ocrx_word' id='word_1_288' title='bbox 619 3056 744 3146; x_wconf 78' lang='lat' dir='ltr'><strong>aliquid</strong></span> <span class='ocrx_word' id='word_1_289' title='bbox 761 3058 824 3123; x_wconf 91' lang='lat' dir='ltr'><strong>deo</strong></span> <span class='ocrx_word' id='word_1_290' title='bbox 842 3056 1020 3136; x_wconf 82' lang='lat' dir='ltr'><strong>offerintus,</strong></span> <span class='ocrx_word' id='word_1_291' title='bbox 1037 3066 1073 3120; x_wconf 89' lang='lat' dir='ltr'><strong>at</strong></span> <span class='ocrx_word' id='word_1_292' title='bbox 1089 3052 1257 3121; x_wconf 78' lang='lat' dir='ltr'><strong>Christum</strong></span> <span class='ocrx_word' id='word_1_293' title='bbox 1274 3074 1342 3120; x_wconf 92' lang='lat' dir='ltr'><strong>non</strong></span> <span class='ocrx_word' id='word_1_294' title='bbox 1360 3054 1437 3119; x_wconf 81' lang='lat' dir='ltr'><strong>offe·</strong></span> <span class='ocrx_word' id='word_1_295' title='bbox 1502 3074 1542 3119; x_wconf 88' lang='lat' dir='ltr'><strong>ro</strong></span> <span class='ocrx_word' id='word_1_296' title='bbox 1579 3056 1728 3138; x_wconf 88' lang='lat' dir='ltr'><strong>peccatis</strong></span> <span class='ocrx_word' id='word_1_297' title='bbox 1756 3057 1893 3120; x_wconf 68' lang='lat' dir='ltr'><strong>nonum.</strong></span> <span class='ocrx_word' id='word_1_298' title='bbox 1949 3052 2057 3119; x_wconf 88' lang='lat' dir='ltr'><strong>llaec-</strong></span> <span class='ocrx_word' id='word_1_299' title='bbox 2075 3051 2178 3119; x_wconf 76' lang='lat' dir='ltr'><strong>latirus</strong></span> <span class='ocrx_word' id='word_1_300' title='bbox 2202 3052 2301 3119; x_wconf 82' lang='lat' dir='ltr'><strong>docet</strong></span> 
     </span>
     <span class='ocr_line' id='line_1_27' title="bbox 619 3076 2417 3226; baseline -0.002 -15"><span class='ocrx_word' id='word_1_301' title='bbox 619 3147 722 3211; x_wconf 86' lang='lat' dir='ltr'><strong>rimus</strong></span> <span class='ocrx_word' id='word_1_302' title='bbox 744 3143 819 3220; x_wconf 90' lang='lat' dir='ltr'><strong>deo,</strong></span> <span class='ocrx_word' id='word_1_303' title='bbox 837 3142 899 3208; x_wconf 85' lang='lat' dir='ltr'><strong>sed</strong></span> <span class='ocrx_word' id='word_1_304' title='bbox 915 3142 989 3226; x_wconf 90' lang='lat' dir='ltr'><strong>ipse</strong></span> <span class='ocrx_word' id='word_1_305' title='bbox 1006 3160 1044 3204; x_wconf 86' lang='lat' dir='ltr'><strong>se</strong></span> <span class='ocrx_word' id='word_1_306' title='bbox 1062 3138 1166 3203; x_wconf 89' lang='lat' dir='ltr'><strong>semel</strong></span> <span class='ocrx_word' id='word_1_307' title='bbox 1182 3135 1317 3216; x_wconf 88' lang='lat' dir='ltr'><strong>obtulit,</strong></span> <span class='ocrx_word' id='word_1_308' title='bbox 1335 3156 1438 3223; x_wconf 85' lang='lat' dir='ltr'><strong>quare</strong></span> <span class='ocrx_word' id='word_1_309' title='bbox 1479 3076 1631 3221; x_wconf 58' lang='lat' dir='ltr'><strong>lpistoln</strong></span> <span class='ocrx_word' id='word_1_310' title='bbox 1661 3140 1705 3204; x_wconf 87' lang='lat' dir='ltr'><strong>ed</strong></span> <span class='ocrx_word' id='word_1_311' title='bbox 1735 3138 1838 3206; x_wconf 85' lang='lat' dir='ltr'><strong>Hebr.</strong></span> <span class='ocrx_word' id='word_1_312' title='bbox 1862 3140 1867 3167; x_wconf 87' lang='lat'>¹</span> <span class='ocrx_word' id='word_1_313' title='bbox 1888 3137 2062 3222; x_wconf 86' lang='lat' dir='ltr'><strong>Episcopi,</strong></span> <span class='ocrx_word' id='word_1_314' title='bbox 2095 3135 2299 3221; x_wconf 69' lang='lat' dir='ltr'><strong>Presbyteri,</strong></span> <span class='ocrx_word' id='word_1_315' title='bbox 2318 3155 2375 3219; x_wconf 75' lang='lat' dir='ltr'><strong>tat,</strong></span> <span class='ocrx_word' id='word_1_316' title='bbox 2390 3154 2417 3208; x_wconf 80' lang='lat' dir='ltr'><strong>t.</strong></span> 
     </span>
     <span class='ocr_line' id='line_1_28' title="bbox 696 3220 2298 3367; baseline -0.006 -73"><span class='ocrx_word' id='word_1_317' title='bbox 696 3231 820 3294; x_wconf 79' lang='lat' dir='ltr'><strong>nrissas</strong></span> <span class='ocrx_word' id='word_1_318' title='bbox 842 3228 877 3291; x_wconf 92' lang='lat' dir='ltr'><strong>in</strong></span> <span class='ocrx_word' id='word_1_319' title='bbox 898 3223 964 3291; x_wconf 92' lang='lat' dir='ltr'><strong>hoc</strong></span> <span class='ocrx_word' id='word_1_320' title='bbox 982 3228 987 3255; x_wconf 88' lang='lat'><strong>¹</strong></span> <span class='ocrx_word' id='word_1_321' title='bbox 1004 3223 1145 3302; x_wconf 84' lang='lat' dir='ltr'><strong>iaciunt,</strong></span> <span class='ocrx_word' id='word_1_322' title='bbox 1167 3235 1206 3289; x_wconf 91' lang='lat' dir='ltr'><strong>nt</strong></span> <span class='ocrx_word' id='word_1_323' title='bbox 1228 3242 1290 3287; x_wconf 85' lang='lat' dir='ltr'><strong>ceu</strong></span> <span class='ocrx_word' id='word_1_324' title='bbox 1314 3227 1438 3289; x_wconf 92' lang='lat' dir='ltr'><strong>bonum</strong></span> <span class='ocrx_word' id='word_1_325' title='bbox 1479 3222 1637 3301; x_wconf 72' lang='lat' dir='ltr'><strong>nicoeni,</strong></span> <span class='ocrx_word' id='word_1_326' title='bbox 1664 3243 1733 3288; x_wconf 94' lang='lat' dir='ltr'><strong>non</strong></span> <span class='ocrx_word' id='word_1_327' title='bbox 1754 3235 1843 3303; x_wconf 87' lang='lat' dir='ltr'><strong>sunt,</strong></span> <span class='ocrx_word' id='word_1_328' title='bbox 1864 3222 1928 3287; x_wconf 88' lang='lat' dir='ltr'><strong>nisi</strong></span> <span class='ocrx_word' id='word_1_329' title='bbox 1948 3223 2006 3306; x_wconf 75' lang='lat' dir='ltr'><strong>qni</strong></span> <span class='ocrx_word' id='word_1_330' title='bbox 2026 3222 2165 3298; x_wconf 87' lang='lat' dir='ltr'><strong>docent,</strong></span> <span class='ocrx_word' id='word_1_331' title='bbox 2194 3220 2298 3367; x_wconf 47' lang='grc' dir='ltr'>Ιιιιὲζίἰ</span> 
     </span>
     <span class='ocr_line' id='line_1_29' title="bbox 654 3304 2262 3398; baseline -0.006 -18"><span class='ocrx_word' id='word_1_332' title='bbox 654 3316 755 3398; x_wconf 88' lang='lat' dir='ltr'><strong>&#39;quod</strong></span> <span class='ocrx_word' id='word_1_333' title='bbox 772 3330 860 3397; x_wconf 86' lang='lat' dir='ltr'><strong>opus</strong></span> <span class='ocrx_word' id='word_1_334' title='bbox 875 3308 1010 3389; x_wconf 82' lang='lat' dir='ltr'><strong>faciant,</strong></span> <span class='ocrx_word' id='word_1_335' title='bbox 1037 3320 1076 3373; x_wconf 86' lang='lat' dir='ltr'><strong>ut</strong></span> <span class='ocrx_word' id='word_1_336' title='bbox 1093 3308 1156 3374; x_wconf 88' lang='lat' dir='ltr'><strong>deo</strong></span> <span class='ocrx_word' id='word_1_337' title='bbox 1174 3306 1343 3374; x_wconf 80' lang='lat' dir='ltr'><strong>Christum</strong></span> <span class='ocrx_word' id='word_1_338' title='bbox 1360 3307 1438 3372; x_wconf 79' lang='lat' dir='ltr'><strong>offe</strong></span> <span class='ocrx_word' id='word_1_339' title='bbox 1480 3317 1576 3385; x_wconf 82' lang='lat' dir='ltr'><strong>aaut,</strong></span> <span class='ocrx_word' id='word_1_340' title='bbox 1594 3308 1790 3373; x_wconf 87' lang='lat' dir='ltr'><strong>benedicunt</strong></span> <span class='ocrx_word' id='word_1_341' title='bbox 1809 3324 1957 3384; x_wconf 83' lang='lat' dir='ltr'><strong>mensae,</strong></span> <span class='ocrx_word' id='word_1_342' title='bbox 1978 3304 2209 3390; x_wconf 69' lang='lat' dir='ltr'><strong>elemosynas</strong></span> <span class='ocrx_word' id='word_1_343' title='bbox 2254 3305 2262 3322; x_wconf 84' lang='lat'><strong><em>‘</em></strong></span> 
     </span>
    </p>
   </div>
   <div class='ocr_carea' id='block_1_3' title="bbox 2374 2297 2390 2340">
    <p class='ocr_par' dir='ltr' id='par_1_3' title="bbox 2374 2297 2390 2340">
     <span class='ocr_line' id='line_1_30' title="bbox 2374 2297 2390 2340; baseline 0 0"><span class='ocrx_word' id='word_1_344' title='bbox 2374 2297 2390 2340; x_wconf 77' lang='lat' dir='ltr'><strong>b</strong></span> 
     </span>
    </p>
   </div>
   <div class='ocr_carea' id='block_1_4' title="bbox 618 3384 2300 3557">
    <p class='ocr_par' dir='ltr' id='par_1_4' title="bbox 618 3384 2300 3557">
     <span class='ocr_line' id='line_1_31' title="bbox 618 3384 2300 3557; baseline -0.005 -94"><span class='ocrx_word' id='word_1_345' title='bbox 618 3400 704 3478; x_wconf 82' lang='lat' dir='ltr'><strong>rant,</strong></span> <span class='ocrx_word' id='word_1_346' title='bbox 731 3418 793 3481; x_wconf 91' lang='lat' dir='ltr'><strong>pro</strong></span> <span class='ocrx_word' id='word_1_347' title='bbox 817 3396 904 3461; x_wconf 86' lang='lat' dir='ltr'><strong>vivis</strong></span> <span class='ocrx_word' id='word_1_348' title='bbox 926 3395 1146 3472; x_wconf 73' lang='lat' dir='ltr'><strong>demortuis,</strong></span> <span class='ocrx_word' id='word_1_349' title='bbox 1167 3404 1205 3456; x_wconf 91' lang='lat' dir='ltr'><strong>nt</strong></span> <span class='ocrx_word' id='word_1_350' title='bbox 1278 3403 1348 3457; x_wconf 88' lang='lat' dir='ltr'><strong>tent</strong></span> <span class='ocrx_word' id='word_1_351' title='bbox 1371 3410 1438 3557; x_wconf 49' lang='grc' dir='ltr'><strong>Ἓξ</strong></span> <span class='ocrx_word' id='word_1_352' title='bbox 1479 3402 1633 3539; x_wconf 45' lang='lat' dir='ltr'><strong>mm·</strong></span> <span class='ocrx_word' id='word_1_353' title='bbox 1689 3390 1838 3457; x_wconf 74' lang='lat' dir='ltr'><strong>ltiissnffi</strong></span> <span class='ocrx_word' id='word_1_354' title='bbox 1878 3390 2074 3455; x_wconf 83' lang='lat' dir='ltr'><strong>sacerdotes</strong></span> <span class='ocrx_word' id='word_1_355' title='bbox 2094 3464 2098 3471; x_wconf 55' lang='grc'>,</span> <span class='ocrx_word' id='word_1_356' title='bbox 2117 3384 2300 3473; x_wconf 85' lang='lat' dir='ltr'><strong>prophetae</strong></span> 
     </span>
    </p>
   </div>
   <div class='ocr_carea' id='block_1_5' title="bbox 619 3472 2382 3567">
    <p class='ocr_par' dir='ltr' id='par_1_5' title="bbox 619 3472 2382 3567">
     <span class='ocr_line' id='line_1_32' title="bbox 619 3472 2382 3567; baseline -0.008 -20"><span class='ocrx_word' id='word_1_357' title='bbox 619 3484 780 3567; x_wconf 77' lang='lat' dir='ltr'><strong>saepius·</strong></span> <span class='ocrx_word' id='word_1_358' title='bbox 916 3490 1007 3554; x_wconf 84' lang='lat' dir='ltr'><strong>etur,</strong></span> <span class='ocrx_word' id='word_1_359' title='bbox 1030 3495 1070 3540; x_wconf 87' lang='lat' dir='ltr'><strong>eo</strong></span> <span class='ocrx_word' id='word_1_360' title='bbox 1094 3474 1211 3540; x_wconf 89' lang='lat' dir='ltr'><strong>melius</strong></span> <span class='ocrx_word' id='word_1_361' title='bbox 1252 3478 1321 3553; x_wconf 84' lang='lat' dir='ltr'><strong>eri,-</strong></span> <span class='ocrx_word' id='word_1_362' title='bbox 1340 3477 1384 3539; x_wconf 89' lang='lat' dir='ltr'><strong>hn</strong></span> <span class='ocrx_word' id='word_1_363' title='bbox 1556 3472 1651 3552; x_wconf 87' lang='lat' dir='ltr'><strong>belis,</strong></span> <span class='ocrx_word' id='word_1_364' title='bbox 1671 3473 1739 3541; x_wconf 92' lang='lat' dir='ltr'><strong>hoc</strong></span> <span class='ocrx_word' id='word_1_365' title='bbox 1760 3486 1823 3554; x_wconf 88' lang='lat' dir='ltr'><strong>est,</strong></span> <span class='ocrx_word' id='word_1_366' title='bbox 1843 3474 1970 3539; x_wconf 81' lang='lat' dir='ltr'><strong>Rornae</strong></span> <span class='ocrx_word' id='word_1_367' title='bbox 1991 3480 1997 3507; x_wconf 86' lang='lat'>¹</span> <span class='ocrx_word' id='word_1_368' title='bbox 2022 3482 2111 3540; x_wconf 74' lang='lat' dir='ltr'><strong>sunt</strong></span> <span class='ocrx_word' id='word_1_369' title='bbox 2367 3493 2382 3533; x_wconf 86' lang='lat' dir='ltr'><strong>s</strong></span> 
     </span>
    </p>
   </div>
   <div class='ocr_carea' id='block_1_6' title="bbox 524 3561 2411 5594">
    <p class='ocr_par' dir='ltr' id='par_1_6' title="bbox 619 3561 2091 3643">
     <span class='ocr_line' id='line_1_33' title="bbox 619 3561 1438 3643; baseline -0.002 -14"><span class='ocrx_word' id='word_1_370' title='bbox 619 3576 741 3630; x_wconf 87' lang='lat' dir='ltr'><strong>errant.</strong></span> <span class='ocrx_word' id='word_1_371' title='bbox 824 3576 837 3625; x_wconf 91' lang='lat' dir='ltr'><strong>t</strong></span> <span class='ocrx_word' id='word_1_372' title='bbox 864 3561 928 3625; x_wconf 95' lang='lat' dir='ltr'><strong>hos</strong></span> <span class='ocrx_word' id='word_1_373' title='bbox 957 3578 1089 3624; x_wconf 87' lang='lat' dir='ltr'><strong>errores</strong></span> <span class='ocrx_word' id='word_1_374' title='bbox 1121 3579 1242 3643; x_wconf 79' lang='lat' dir='ltr'><strong>magna</strong></span> <span class='ocrx_word' id='word_1_375' title='bbox 1274 3578 1315 3623; x_wconf 83' lang='lat' dir='ltr'><strong>ex</strong></span> <span class='ocrx_word' id='word_1_376' title='bbox 1342 3571 1438 3641; x_wconf 84' lang='lat' dir='ltr'><strong>perte</strong></span> 
     </span>
    </p>

    <p class='ocr_par' dir='ltr' id='par_1_7' title="bbox 534 3626 2298 3902">
     <span class='ocr_line' id='line_1_34' title="bbox 534 3626 2232 3733; baseline 0.002 -23"><span class='ocrx_word' id='word_1_377' title='bbox 534 3705 542 3731; x_wconf 76' lang='lat'>‚</span> <span class='ocrx_word' id='word_1_378' title='bbox 578 3700 585 3716; x_wconf 90' lang='lat'><strong>.</strong></span> <span class='ocrx_word' id='word_1_379' title='bbox 620 3650 738 3731; x_wconf 86' lang='lat' dir='ltr'><strong>opinor</strong></span> <span class='ocrx_word' id='word_1_380' title='bbox 758 3644 905 3709; x_wconf 73' lang='lat' dir='ltr'><strong>&#39;rhomae</strong></span> <span class='ocrx_word' id='word_1_381' title='bbox 926 3643 1137 3727; x_wconf 89' lang='lat' dir='ltr'><strong>imputandos</strong></span> <span class='ocrx_word' id='word_1_382' title='bbox 1156 3642 1161 3670; x_wconf 92' lang='lat'><strong>¹</strong></span> <span class='ocrx_word' id='word_1_383' title='bbox 1179 3660 1273 3721; x_wconf 87' lang='lat' dir='ltr'><strong>esse,</strong></span> <span class='ocrx_word' id='word_1_384' title='bbox 1301 3642 1437 3733; x_wconf 86' lang='lat' dir='ltr'><strong>quido·</strong></span> <span class='ocrx_word' id='word_1_385' title='bbox 1487 3684 1490 3689; x_wconf 92' lang='lat'><em>-</em></span> <span class='ocrx_word' id='word_1_386' title='bbox 1731 3639 1794 3708; x_wconf 83' lang='lat' dir='ltr'><strong>DE</strong></span> <span class='ocrx_word' id='word_1_387' title='bbox 1815 3626 2046 3711; x_wconf 66' lang='lat' dir='ltr'><strong>certunm</strong></span> <span class='ocrx_word' id='word_1_388' title='bbox 2229 3656 2232 3664; x_wconf 89' lang='lat'>&#39;</span> 
     </span>
     <span class='ocr_line' id='line_1_35' title="bbox 620 3725 2290 3813; baseline 0.001 -17"><span class='ocrx_word' id='word_1_389' title='bbox 620 3733 688 3796; x_wconf 86' lang='lat' dir='ltr'><strong>cuit</strong></span> <span class='ocrx_word' id='word_1_390' title='bbox 703 3731 840 3795; x_wconf 85' lang='lat' dir='ltr'><strong>missam</strong></span> <span class='ocrx_word' id='word_1_391' title='bbox 861 3729 1024 3813; x_wconf 78' lang='lat' dir='ltr'><strong>prodesse</strong></span> <span class='ocrx_word' id='word_1_392' title='bbox 1040 3725 1115 3791; x_wconf 87' lang='lat' dir='ltr'><strong>aliis</strong></span> <span class='ocrx_word' id='word_1_393' title='bbox 1131 3738 1264 3812; x_wconf 83' lang='lat' dir='ltr'><strong>praeter</strong></span> <span class='ocrx_word' id='word_1_394' title='bbox 1286 3746 1361 3793; x_wconf 87' lang='lat' dir='ltr'><strong>curn</strong></span> <span class='ocrx_word' id='word_1_395' title='bbox 1382 3729 1437 3812; x_wconf 85' lang='lat' dir='ltr'><strong>qui</strong></span> <span class='ocrx_word' id='word_1_396' title='bbox 2012 3756 2016 3771; x_wconf 93' lang='lat'>·</span> <span class='ocrx_word' id='word_1_397' title='bbox 2183 3770 2186 3775; x_wconf 94' lang='lat'>-</span> <span class='ocrx_word' id='word_1_398' title='bbox 2234 3774 2237 3779; x_wconf 94' lang='lat'>-</span> <span class='ocrx_word' id='word_1_399' title='bbox 2275 3768 2290 3797; x_wconf 89' lang='grc'><strong>-.</strong></span> 
     </span>
     <span class='ocr_line' id='line_1_36' title="bbox 619 3809 2298 3902; baseline 0.008 -21"><span class='ocrx_word' id='word_1_400' title='bbox 619 3816 807 3881; x_wconf 71' lang='lat' dir='ltr'><strong>omnnem</strong></span> <span class='ocrx_word' id='word_1_401' title='bbox 1174 3828 1179 3837; x_wconf 91' lang='lat'>·</span> <span class='ocrx_word' id='word_1_402' title='bbox 1521 3809 1995 3899; x_wconf 61' lang='lat' dir='ltr'><strong>Bomio-lemmatis</strong></span> <span class='ocrx_word' id='word_1_403' title='bbox 2007 3814 2298 3902; x_wconf 74' lang='lat' dir='ltr'><strong>vasoloede</strong></span> 
     </span>
    </p>

    <p class='ocr_par' dir='ltr' id='par_1_8' title="bbox 661 3893 2297 3985">
     <span class='ocr_line' id='line_1_37' title="bbox 661 3893 2297 3985; baseline 0.002 -21"><span class='ocrx_word' id='word_1_404' title='bbox 661 3898 725 3964; x_wconf 85' lang='lat' dir='ltr'><strong>Est</strong></span> <span class='ocrx_word' id='word_1_405' title='bbox 751 3908 861 3962; x_wconf 87' lang='lat' dir='ltr'><strong>autem</strong></span> <span class='ocrx_word' id='word_1_406' title='bbox 884 3893 1082 3979; x_wconf 75' lang='lat' dir='ltr'><strong>significatio</strong></span> <span class='ocrx_word' id='word_1_407' title='bbox 1102 3893 1200 3960; x_wconf 86' lang='lat' dir='ltr'><strong>huius</strong></span> <span class='ocrx_word' id='word_1_408' title='bbox 1228 3896 1438 3974; x_wconf 74' lang='lat' dir='ltr'><strong>sacrmenti,</strong></span> <span class='ocrx_word' id='word_1_409' title='bbox 1480 3916 1567 3982; x_wconf 84' lang='lat' dir='ltr'><strong>oque</strong></span> <span class='ocrx_word' id='word_1_410' title='bbox 1588 3908 1622 3963; x_wconf 89' lang='lat' dir='ltr'><strong>et</strong></span> <span class='ocrx_word' id='word_1_411' title='bbox 1642 3895 1875 3963; x_wconf 76' lang='lat' dir='ltr'><strong>iusdiicatione</strong></span> <span class='ocrx_word' id='word_1_412' title='bbox 1895 3896 2069 3977; x_wconf 84' lang='lat' dir='ltr'><strong>hactenus,</strong></span> <span class='ocrx_word' id='word_1_413' title='bbox 2091 3920 2297 3985; x_wconf 66' lang='lat' dir='ltr'><strong>quaequae</strong></span> 
     </span>
    </p>

    <p class='ocr_par' dir='ltr' id='par_1_9' title="bbox 618 3978 2395 4911">
     <span class='ocr_line' id='line_1_38' title="bbox 618 3978 2297 4066; baseline 0.005 -20"><span class='ocrx_word' id='word_1_414' title='bbox 618 3983 815 4051; x_wconf 85' lang='lat' dir='ltr'><strong>confirmare</strong></span> <span class='ocrx_word' id='word_1_415' title='bbox 847 3997 911 4044; x_wconf 89' lang='lat' dir='ltr'><strong>nos</strong></span> <span class='ocrx_word' id='word_1_416' title='bbox 949 3980 1064 4056; x_wconf 87' lang='lat' dir='ltr'><strong>toties,</strong></span> <span class='ocrx_word' id='word_1_417' title='bbox 1119 3983 1227 4046; x_wconf 87' lang='lat' dir='ltr'><strong>uoties</strong></span> <span class='ocrx_word' id='word_1_418' title='bbox 1256 3978 1438 4046; x_wconf 77' lang='lat' dir='ltr'><strong>labascunt</strong></span> <span class='ocrx_word' id='word_1_419' title='bbox 1479 3983 1546 4047; x_wconf 84' lang='lat' dir='ltr'><strong>atio</strong></span> <span class='ocrx_word' id='word_1_420' title='bbox 1580 3982 1725 4049; x_wconf 86' lang='lat' dir='ltr'><strong>omnium</strong></span> <span class='ocrx_word' id='word_1_421' title='bbox 1755 3980 1923 4048; x_wconf 87' lang='lat' dir='ltr'><strong>hominurn</strong></span> <span class='ocrx_word' id='word_1_422' title='bbox 1954 4000 2086 4066; x_wconf 84' lang='lat' dir='ltr'><strong>semper</strong></span> <span class='ocrx_word' id='word_1_423' title='bbox 2113 3987 2297 4055; x_wconf 77' lang='lat' dir='ltr'><strong>comannis</strong></span> 
     </span>
     <span class='ocr_line' id='line_1_39' title="bbox 621 4000 2392 4217; baseline -0.001 -85"><span class='ocrx_word' id='word_1_424' title='bbox 621 4066 867 4142; x_wconf 84' lang='lat' dir='ltr'><strong>cou&#39;scientiae,</strong></span> <span class='ocrx_word' id='word_1_425' title='bbox 890 4063 1022 4149; x_wconf 81' lang='lat' dir='ltr'><strong>quoties</strong></span> <span class='ocrx_word' id='word_1_426' title='bbox 1039 4000 1150 4128; x_wconf 76' lang='lat' dir='ltr'><strong>nelei</strong></span> <span class='ocrx_word' id='word_1_427' title='bbox 1171 4061 1341 4130; x_wconf 83' lang='lat' dir='ltr'><strong>voluntate</strong></span> <span class='ocrx_word' id='word_1_428' title='bbox 1357 4084 1439 4150; x_wconf 74' lang='lat' dir='ltr'><strong>erga</strong></span> <span class='ocrx_word' id='word_1_429' title='bbox 1478 4064 1559 4145; x_wconf 84' lang='lat' dir='ltr'><strong>init,</strong></span> <span class='ocrx_word' id='word_1_430' title='bbox 1592 4066 1851 4217; x_wconf 43' lang='lat' dir='ltr'><strong>simonidei</strong></span> <span class='ocrx_word' id='word_1_431' title='bbox 1876 4086 1955 4133; x_wconf 84' lang='lat' dir='ltr'><strong>nam</strong></span> <span class='ocrx_word' id='word_1_432' title='bbox 1992 4068 2177 4135; x_wconf 82' lang='lat' dir='ltr'><strong>iustificari.</strong></span> <span class='ocrx_word' id='word_1_433' title='bbox 2195 4068 2295 4151; x_wconf 74' lang='lat' dir='ltr'><strong>heure</strong></span> <span class='ocrx_word' id='word_1_434' title='bbox 2365 4090 2392 4131; x_wconf 81' lang='grc' dir='ltr'><strong>ιο</strong></span> 
     </span>
     <span class='ocr_line' id='line_1_40' title="bbox 619 4146 2297 4238; baseline 0.004 -22"><span class='ocrx_word' id='word_1_435' title='bbox 619 4172 683 4219; x_wconf 88' lang='lat' dir='ltr'><strong>nos</strong></span> <span class='ocrx_word' id='word_1_436' title='bbox 704 4152 900 4215; x_wconf 85' lang='lat' dir='ltr'><strong>dubitamus.</strong></span> <span class='ocrx_word' id='word_1_437' title='bbox 922 4147 960 4212; x_wconf 89' lang='lat' dir='ltr'><strong>ld</strong></span> <span class='ocrx_word' id='word_1_438' title='bbox 977 4168 1051 4214; x_wconf 86' lang='lat' dir='ltr'><strong>crun</strong></span> <span class='ocrx_word' id='word_1_439' title='bbox 1067 4146 1151 4212; x_wconf 78' lang='lat' dir='ltr'><strong>aliae</strong></span> <span class='ocrx_word' id='word_1_440' title='bbox 1168 4168 1270 4233; x_wconf 83' lang='lat' dir='ltr'><strong>saepe</strong></span> <span class='ocrx_word' id='word_1_441' title='bbox 1285 4160 1354 4215; x_wconf 78' lang='lat' dir='ltr'><strong>trun</strong></span> <span class='ocrx_word' id='word_1_442' title='bbox 1369 4168 1438 4214; x_wconf 85' lang='lat' dir='ltr'><strong>ma·</strong></span> <span class='ocrx_word' id='word_1_443' title='bbox 1544 4151 1598 4215; x_wconf 81' lang='lat' dir='ltr'><strong>sit.</strong></span> <span class='ocrx_word' id='word_1_444' title='bbox 1623 4160 1628 4187; x_wconf 88' lang='lat'>¹</span> <span class='ocrx_word' id='word_1_445' title='bbox 1706 4151 1715 4169; x_wconf 82' lang='lat'><em>⁰</em></span> <span class='ocrx_word' id='word_1_446' title='bbox 1792 4150 1850 4235; x_wconf 86' lang='lat' dir='ltr'><strong>phi</strong></span> <span class='ocrx_word' id='word_1_447' title='bbox 1861 4160 1905 4217; x_wconf 88' lang='lat' dir='ltr'><strong>.et</strong></span> <span class='ocrx_word' id='word_1_448' title='bbox 1923 4148 2100 4238; x_wconf 87' lang='lat' dir='ltr'><strong>pharisaei-</strong></span> <span class='ocrx_word' id='word_1_449' title='bbox 2112 4155 2297 4223; x_wconf 79' lang='lat' dir='ltr'><strong>docuerunt</strong></span> 
     </span>
     <span class='ocr_line' id='line_1_41' title="bbox 618 4231 2373 4307; baseline 0.003 -5"><span class='ocrx_word' id='word_1_450' title='bbox 618 4239 707 4303; x_wconf 86' lang='lat' dir='ltr'><strong>xime</strong></span> <span class='ocrx_word' id='word_1_451' title='bbox 735 4234 809 4299; x_wconf 83' lang='lat' dir='ltr'><strong>omn</strong></span> <span class='ocrx_word' id='word_1_452' title='bbox 832 4231 1036 4299; x_wconf 89' lang='lat' dir='ltr'><strong>moriendum</strong></span> <span class='ocrx_word' id='word_1_453' title='bbox 1058 4244 1111 4297; x_wconf 83' lang='lat' dir='ltr'><strong>est</strong></span> <span class='ocrx_word' id='word_1_454' title='bbox 1126 4234 1255 4298; x_wconf 85' lang='lat' dir='ltr'><strong>accidit.</strong></span> <span class='ocrx_word' id='word_1_455' title='bbox 1298 4233 1438 4299; x_wconf 86' lang='lat' dir='ltr'><strong>Potissi-</strong></span> <span class='ocrx_word' id='word_1_456' title='bbox 1504 4236 1645 4301; x_wconf 76' lang='lat' dir='ltr'><strong>ominen</strong></span> <span class='ocrx_word' id='word_1_457' title='bbox 1665 4237 1738 4301; x_wconf 74' lang='lat' dir='ltr'><strong>suia</strong></span> <span class='ocrx_word' id='word_1_458' title='bbox 1757 4235 1935 4303; x_wconf 83' lang='lat' dir='ltr'><strong>virtutihus</strong></span> <span class='ocrx_word' id='word_1_459' title='bbox 1955 4246 1990 4301; x_wconf 89' lang='lat' dir='ltr'><strong>et</strong></span> <span class='ocrx_word' id='word_1_460' title='bbox 2010 4237 2184 4305; x_wconf 75' lang='lat' dir='ltr'><strong>conatibus</strong></span> <span class='ocrx_word' id='word_1_461' title='bbox 2205 4238 2298 4307; x_wconf 67' lang='lat' dir='ltr'><strong>usn</strong></span> <span class='ocrx_word' id='word_1_462' title='bbox 2354 4256 2373 4281; x_wconf 74' lang='lat'><strong>&#39;²</strong></span> 
     </span>
     <span class='ocr_line' id='line_1_42' title="bbox 618 4316 2296 4405; baseline 0.002 -19"><span class='ocrx_word' id='word_1_463' title='bbox 618 4340 707 4386; x_wconf 83' lang='lat' dir='ltr'><strong>muru</strong></span> <span class='ocrx_word' id='word_1_464' title='bbox 730 4321 829 4405; x_wconf 77' lang='lat' dir='ltr'><strong>igitur</strong></span> <span class='ocrx_word' id='word_1_465' title='bbox 856 4338 896 4382; x_wconf 89' lang='lat' dir='ltr'><strong>eo</strong></span> <span class='ocrx_word' id='word_1_466' title='bbox 923 4318 1073 4383; x_wconf 88' lang='lat' dir='ltr'><strong>morituri</strong></span> <span class='ocrx_word' id='word_1_467' title='bbox 1107 4316 1320 4384; x_wconf 83' lang='lat' dir='ltr'><strong>confirmandi</strong></span> <span class='ocrx_word' id='word_1_468' title='bbox 1347 4330 1436 4384; x_wconf 79' lang='lat' dir='ltr'><strong>sunt.</strong></span> <span class='ocrx_word' id='word_1_469' title='bbox 1478 4319 1584 4385; x_wconf 83' lang='lat' dir='ltr'><strong>liceri.</strong></span> <span class='ocrx_word' id='word_1_470' title='bbox 1627 4320 1899 4387; x_wconf 81' lang='lat' dir='ltr'><strong>Nos-docuimus</strong></span> <span class='ocrx_word' id='word_1_471' title='bbox 1915 4318 2097 4391; x_wconf 75' lang='lat' dir='ltr'><strong>iustificari</strong></span> <span class='ocrx_word' id='word_1_472' title='bbox 2122 4320 2199 4389; x_wconf 88' lang='lat' dir='ltr'><strong>sola</strong></span> <span class='ocrx_word' id='word_1_473' title='bbox 2219 4322 2296 4401; x_wconf 83' lang='lat' dir='ltr'><strong>lida,</strong></span> 
     </span>
     <span class='ocr_line' id='line_1_43' title="bbox 618 4400 2330 4488; baseline 0.004 -20"><span class='ocrx_word' id='word_1_474' title='bbox 618 4405 735 4488; x_wconf 83' lang='lat' dir='ltr'><strong>Neque</strong></span> <span class='ocrx_word' id='word_1_475' title='bbox 752 4422 833 4469; x_wconf 88' lang='lat' dir='ltr'><strong>vero</strong></span> <span class='ocrx_word' id='word_1_476' title='bbox 848 4403 917 4467; x_wconf 79' lang='lat' dir='ltr'><strong>vita</strong></span> <span class='ocrx_word' id='word_1_477' title='bbox 935 4400 1124 4467; x_wconf 82' lang='lat' dir='ltr'><strong>Christiana</strong></span> <span class='ocrx_word' id='word_1_478' title='bbox 1140 4414 1203 4482; x_wconf 88' lang='lat' dir='ltr'><strong>est,</strong></span> <span class='ocrx_word' id='word_1_479' title='bbox 1219 4404 1284 4467; x_wconf 87' lang='lat' dir='ltr'><strong>nisi</strong></span> <span class='ocrx_word' id='word_1_480' title='bbox 1300 4403 1436 4469; x_wconf 75' lang='lat' dir='ltr'><strong>assidm</strong></span> <span class='ocrx_word' id='word_1_481' title='bbox 1477 4403 1545 4471; x_wconf 93' lang='lat' dir='ltr'><strong>hoc</strong></span> <span class='ocrx_word' id='word_1_482' title='bbox 1565 4417 1629 4484; x_wconf 85' lang='lat' dir='ltr'><strong>est,</strong></span> <span class='ocrx_word' id='word_1_483' title='bbox 1651 4403 1777 4472; x_wconf 79' lang='lat' dir='ltr'><strong>Christi</strong></span> <span class='ocrx_word' id='word_1_484' title='bbox 1795 4406 1953 4473; x_wconf 72' lang='lat' dir='ltr'><strong>tradem</strong></span> <span class='ocrx_word' id='word_1_485' title='bbox 1971 4419 2120 4474; x_wconf 84' lang='lat' dir='ltr'><strong>nostram</strong></span> <span class='ocrx_word' id='word_1_486' title='bbox 2140 4406 2296 4475; x_wconf 63' lang='lat' dir='ltr'><strong>initiam</strong></span> <span class='ocrx_word' id='word_1_487' title='bbox 2327 4448 2330 4453; x_wconf 94' lang='lat'>-</span> 
     </span>
     <span class='ocr_line' id='line_1_44' title="bbox 620 4485 2296 4575; baseline 0.004 -23"><span class='ocrx_word' id='word_1_488' title='bbox 620 4490 814 4554; x_wconf 85' lang='lat' dir='ltr'><strong>mo&#39;riamur.</strong></span> <span class='ocrx_word' id='word_1_489' title='bbox 846 4485 1145 4566; x_wconf 86' lang='lat' dir='ltr'><strong>Continuationem,</strong></span> <span class='ocrx_word' id='word_1_490' title='bbox 1156 4489 1286 4571; x_wconf 89' lang='lat' dir='ltr'><strong>opinor,</strong></span> <span class='ocrx_word' id='word_1_491' title='bbox 1303 4490 1436 4574; x_wconf 89' lang='lat' dir='ltr'><strong>imposi-</strong></span> <span class='ocrx_word' id='word_1_492' title='bbox 1479 4508 1557 4555; x_wconf 83' lang='lat' dir='ltr'><strong>esse</strong></span> <span class='ocrx_word' id='word_1_493' title='bbox 1575 4510 1637 4575; x_wconf 81' lang='lat' dir='ltr'><strong>per</strong></span> <span class='ocrx_word' id='word_1_494' title='bbox 1657 4488 1774 4572; x_wconf 85' lang='lat' dir='ltr'><strong>tidem,</strong></span> <span class='ocrx_word' id='word_1_495' title='bbox 1794 4508 1898 4575; x_wconf 83' lang='lat' dir='ltr'><strong>opera</strong></span> <span class='ocrx_word' id='word_1_496' title='bbox 1916 4502 2051 4571; x_wconf 70' lang='lat' dir='ltr'><strong>nemra,</strong></span> <span class='ocrx_word' id='word_1_497' title='bbox 2076 4502 2217 4557; x_wconf 72' lang='lat' dir='ltr'><strong>conam</strong></span> <span class='ocrx_word' id='word_1_498' title='bbox 2236 4510 2296 4559; x_wconf 87' lang='lat' dir='ltr'><strong>no·</strong></span> 
     </span>
     <span class='ocr_line' id='line_1_45' title="bbox 618 4568 2395 4661; baseline 0.004 -24"><span class='ocrx_word' id='word_1_499' title='bbox 618 4575 741 4638; x_wconf 90' lang='lat' dir='ltr'><strong>tionem</strong></span> <span class='ocrx_word' id='word_1_500' title='bbox 772 4590 926 4636; x_wconf 87' lang='lat' dir='ltr'><strong>mannum</strong></span> <span class='ocrx_word' id='word_1_501' title='bbox 953 4591 1039 4637; x_wconf 86' lang='lat' dir='ltr'><strong>esse</strong></span> <span class='ocrx_word' id='word_1_502' title='bbox 1084 4572 1279 4637; x_wconf 86' lang='lat' dir='ltr'><strong>Unctionem</strong></span> <span class='ocrx_word' id='word_1_503' title='bbox 1296 4576 1438 4638; x_wconf 74' lang='lat' dir='ltr'><strong>arbitror</strong></span> <span class='ocrx_word' id='word_1_504' title='bbox 1480 4586 1570 4639; x_wconf 88' lang='lat' dir='ltr'><strong>stros</strong></span> <span class='ocrx_word' id='word_1_505' title='bbox 1599 4572 1682 4639; x_wconf 90' lang='lat' dir='ltr'><strong>nihil</strong></span> <span class='ocrx_word' id='word_1_506' title='bbox 1708 4577 1773 4642; x_wconf 91' lang='lat' dir='ltr'><strong>nisi</strong></span> <span class='ocrx_word' id='word_1_507' title='bbox 1793 4572 1975 4661; x_wconf 83' lang='lat' dir='ltr'><strong>peo&#39;entnnn</strong></span> <span class='ocrx_word' id='word_1_508' title='bbox 1995 4596 2083 4642; x_wconf 87' lang='lat' dir='ltr'><strong>esse.</strong></span> <span class='ocrx_word' id='word_1_509' title='bbox 2127 4568 2221 4643; x_wconf 82' lang='lat' dir='ltr'><strong>Haec</strong></span> <span class='ocrx_word' id='word_1_510' title='bbox 2235 4579 2297 4661; x_wconf 81' lang='lat' dir='ltr'><strong>-qui</strong></span> <span class='ocrx_word' id='word_1_511' title='bbox 2367 4595 2395 4635; x_wconf 66' lang='grc' dir='ltr'><strong>ιι</strong></span> 
     </span>
     <span class='ocr_line' id='line_1_46' title="bbox 620 4655 2297 4745; baseline 0.004 -23"><span class='ocrx_word' id='word_1_512' title='bbox 620 4672 702 4722; x_wconf 86' lang='lat' dir='ltr'><strong>esse</strong></span> <span class='ocrx_word' id='word_1_513' title='bbox 723 4676 796 4721; x_wconf 90' lang='lat' dir='ltr'><strong>eam</strong></span> <span class='ocrx_word' id='word_1_514' title='bbox 818 4657 860 4719; x_wconf 90' lang='lat' dir='ltr'><strong>de</strong></span> <span class='ocrx_word' id='word_1_515' title='bbox 875 4676 942 4740; x_wconf 80' lang='lat' dir='ltr'><strong>qua</strong></span> <span class='ocrx_word' id='word_1_516' title='bbox 961 4656 1066 4721; x_wconf 86' lang='lat' dir='ltr'><strong>Marci</strong></span> <span class='ocrx_word' id='word_1_517' title='bbox 1084 4656 1141 4719; x_wconf 83' lang='lat' dir='ltr'><strong>Vl.</strong></span> <span class='ocrx_word' id='word_1_518' title='bbox 1161 4662 1226 4737; x_wconf 86' lang='lat' dir='ltr'><strong>[vs.</strong></span> <span class='ocrx_word' id='word_1_519' title='bbox 1245 4655 1323 4735; x_wconf 58' lang='lat'><strong>134.</strong></span> <span class='ocrx_word' id='word_1_520' title='bbox 1367 4658 1436 4722; x_wconf 85' lang='lat' dir='ltr'><strong>Sed</strong></span> <span class='ocrx_word' id='word_1_521' title='bbox 1478 4668 1583 4737; x_wconf 84' lang='lat' dir='ltr'><strong>tenet,</strong></span> <span class='ocrx_word' id='word_1_522' title='bbox 1616 4680 1776 4725; x_wconf 76' lang='lat' dir='ltr'><strong>emmam</strong></span> <span class='ocrx_word' id='word_1_523' title='bbox 1796 4661 1982 4745; x_wconf 79' lang='lat' dir='ltr'><strong>scripturae</strong></span> <span class='ocrx_word' id='word_1_524' title='bbox 2008 4672 2115 4738; x_wconf 86' lang='lat' dir='ltr'><strong>tenet,</strong></span> <span class='ocrx_word' id='word_1_525' title='bbox 2144 4658 2297 4731; x_wconf 81' lang='lat' dir='ltr'><strong>videlicet</strong></span> 
     </span>
     <span class='ocr_line' id='line_1_47' title="bbox 620 4740 2295 4827; baseline 0.002 -22"><span class='ocrx_word' id='word_1_526' title='bbox 620 4760 661 4806; x_wconf 87' lang='lat' dir='ltr'><strong>ea</strong></span> <span class='ocrx_word' id='word_1_527' title='bbox 689 4743 786 4824; x_wconf 79' lang='lat' dir='ltr'><strong>signa</strong></span> <span class='ocrx_word' id='word_1_528' title='bbox 812 4758 889 4804; x_wconf 89' lang='lat' dir='ltr'><strong>esse</strong></span> <span class='ocrx_word' id='word_1_529' title='bbox 916 4742 1046 4819; x_wconf 89' lang='lat' dir='ltr'><strong>tradita,</strong></span> <span class='ocrx_word' id='word_1_530' title='bbox 1074 4753 1112 4805; x_wconf 89' lang='lat' dir='ltr'><strong>ut</strong></span> <span class='ocrx_word' id='word_1_531' title='bbox 1133 4753 1226 4806; x_wconf 90' lang='lat' dir='ltr'><strong>certo</strong></span> <span class='ocrx_word' id='word_1_532' title='bbox 1251 4740 1436 4827; x_wconf 72' lang='lat' dir='ltr'><strong>significent</strong></span> <span class='ocrx_word' id='word_1_533' title='bbox 1479 4742 1651 4809; x_wconf 86' lang='lat' dir='ltr'><strong>iustificari</strong></span> <span class='ocrx_word' id='word_1_534' title='bbox 1684 4746 1857 4810; x_wconf 88' lang='lat' dir='ltr'><strong>eredentes</strong></span> <span class='ocrx_word' id='word_1_535' title='bbox 1885 4742 2204 4810; x_wconf 83' lang='lat' dir='ltr'><strong>MISERICORDIA</strong></span> <span class='ocrx_word' id='word_1_536' title='bbox 2229 4745 2295 4813; x_wconf 84' lang='lat' dir='ltr'><strong>dai.</strong></span> 
     </span>
     <span class='ocr_line' id='line_1_48' title="bbox 620 4825 2296 4911; baseline 0.004 -23"><span class='ocrx_word' id='word_1_537' title='bbox 620 4826 761 4911; x_wconf 75' lang='lat' dir='ltr'><strong>gratiam</strong></span> <span class='ocrx_word' id='word_1_538' title='bbox 781 4844 849 4888; x_wconf 93' lang='lat' dir='ltr'><strong>uon</strong></span> <span class='ocrx_word' id='word_1_539' title='bbox 865 4825 973 4889; x_wconf 87' lang='lat' dir='ltr'><strong>video.</strong></span> <span class='ocrx_word' id='word_1_540' title='bbox 1016 4826 1259 4892; x_wconf 86' lang='lat' dir='ltr'><strong>Matrimonium</strong></span> <span class='ocrx_word' id='word_1_541' title='bbox 1275 4846 1342 4892; x_wconf 92' lang='lat' dir='ltr'><strong>non</strong></span> <span class='ocrx_word' id='word_1_542' title='bbox 1360 4846 1436 4891; x_wconf 83' lang='lat' dir='ltr'><strong>esse</strong></span> <span class='ocrx_word' id='word_1_543' title='bbox 1477 4828 1652 4895; x_wconf 89' lang='lat' dir='ltr'><strong>Postremo</strong></span> <span class='ocrx_word' id='word_1_544' title='bbox 1674 4849 1731 4893; x_wconf 86' lang='lat' dir='ltr'><strong>res</strong></span> <span class='ocrx_word' id='word_1_545' title='bbox 1751 4826 1897 4911; x_wconf 83' lang='lat' dir='ltr'><strong>postulat</strong></span> <span class='ocrx_word' id='word_1_546' title='bbox 1921 4840 1959 4893; x_wconf 91' lang='lat' dir='ltr'><strong>ut</strong></span> <span class='ocrx_word' id='word_1_547' title='bbox 1986 4829 2028 4894; x_wconf 90' lang='lat' dir='ltr'><strong>de</strong></span> <span class='ocrx_word' id='word_1_548' title='bbox 2050 4831 2187 4897; x_wconf 82' lang='lat' dir='ltr'><strong>caritate</strong></span> <span class='ocrx_word' id='word_1_549' title='bbox 2207 4831 2296 4897; x_wconf 86' lang='lat' dir='ltr'><strong>dica·</strong></span> 
     </span>
    </p>

    <p class='ocr_par' dir='ltr' id='par_1_10' title="bbox 538 4908 2394 5082">
     <span class='ocr_line' id='line_1_49' title="bbox 538 4908 2295 4997; baseline 0.004 -23"><span class='ocrx_word' id='word_1_550' title='bbox 538 4947 566 4987; x_wconf 59' lang='lat'><strong>,5</strong></span> <span class='ocrx_word' id='word_1_551' title='bbox 619 4911 802 4974; x_wconf 87' lang='lat' dir='ltr'><strong>institutum</strong></span> <span class='ocrx_word' id='word_1_552' title='bbox 813 4910 873 4973; x_wconf 88' lang='lat' dir='ltr'><strong>ad&#39;</strong></span> <span class='ocrx_word' id='word_1_553' title='bbox 892 4908 1140 4994; x_wconf 76' lang='lat' dir='ltr'><strong>significandam</strong></span> <span class='ocrx_word' id='word_1_554' title='bbox 1152 4913 1292 4997; x_wconf 80' lang='lat' dir='ltr'><strong>gratiam</strong></span> <span class='ocrx_word' id='word_1_555' title='bbox 1302 4930 1370 4975; x_wconf 93' lang='lat' dir='ltr'><strong>non</strong></span> <span class='ocrx_word' id='word_1_556' title='bbox 1385 4924 1436 4977; x_wconf 88' lang='lat' dir='ltr'><strong>est</strong></span> <span class='ocrx_word' id='word_1_557' title='bbox 1477 4934 1562 4979; x_wconf 84' lang='lat' dir='ltr'><strong>mus.</strong></span> <span class='ocrx_word' id='word_1_558' title='bbox 1607 4913 1715 4996; x_wconf 88' lang='lat' dir='ltr'><strong>Supra</strong></span> <span class='ocrx_word' id='word_1_559' title='bbox 1740 4916 1852 4979; x_wconf 91' lang='lat' dir='ltr'><strong>monui</strong></span> <span class='ocrx_word' id='word_1_560' title='bbox 1879 4924 2024 4980; x_wconf 81' lang='lat' dir='ltr'><strong>amorem</strong></span> <span class='ocrx_word' id='word_1_561' title='bbox 2051 4915 2105 4981; x_wconf 89' lang='lat' dir='ltr'><strong>dei</strong></span> <span class='ocrx_word' id='word_1_562' title='bbox 2130 4932 2208 4981; x_wconf 82' lang='lat' dir='ltr'><strong>esse</strong></span> <span class='ocrx_word' id='word_1_563' title='bbox 2228 4913 2295 4981; x_wconf 83' lang='lat' dir='ltr'><strong>fru-</strong></span> 
     </span>
     <span class='ocr_line' id='line_1_50' title="bbox 621 4994 2394 5082; baseline 0.002 -24"><span class='ocrx_word' id='word_1_564' title='bbox 621 4994 711 5081; x_wconf 84' lang='lat' dir='ltr'><strong>quod</strong></span> <span class='ocrx_word' id='word_1_565' title='bbox 743 4994 937 5058; x_wconf 84' lang='lat' dir='ltr'><strong>dubitemus.</strong></span> <span class='ocrx_word' id='word_1_566' title='bbox 985 4995 1072 5067; x_wconf 87' lang='lat' dir='ltr'><strong>Quid</strong></span> <span class='ocrx_word' id='word_1_567' title='bbox 1098 5009 1208 5061; x_wconf 88' lang='lat' dir='ltr'><strong>autem</strong></span> <span class='ocrx_word' id='word_1_568' title='bbox 1235 4999 1268 5060; x_wconf 93' lang='lat' dir='ltr'><strong>in</strong></span> <span class='ocrx_word' id='word_1_569' title='bbox 1296 5008 1436 5061; x_wconf 88' lang='lat' dir='ltr'><strong>mentem</strong></span> <span class='ocrx_word' id='word_1_570' title='bbox 1479 5010 1568 5063; x_wconf 85' lang='lat' dir='ltr'><strong>ctum</strong></span> <span class='ocrx_word' id='word_1_571' title='bbox 1588 4998 1675 5063; x_wconf 85' lang='lat' dir='ltr'><strong>fidei.</strong></span> <span class='ocrx_word' id='word_1_572' title='bbox 1718 4998 1796 5064; x_wconf 90' lang='lat' dir='ltr'><strong>Non</strong></span> <span class='ocrx_word' id='word_1_573' title='bbox 1815 5010 1927 5082; x_wconf 84' lang='lat' dir='ltr'><strong>potest</strong></span> <span class='ocrx_word' id='word_1_574' title='bbox 1947 5001 2035 5063; x_wconf 90' lang='lat' dir='ltr'><strong>enim</strong></span> <span class='ocrx_word' id='word_1_575' title='bbox 2049 5000 2135 5065; x_wconf 86' lang='lat' dir='ltr'><strong>&#39;non</strong></span> <span class='ocrx_word' id='word_1_576' title='bbox 2148 5002 2295 5069; x_wconf 77' lang='lat' dir='ltr'><strong>redama·</strong></span> <span class='ocrx_word' id='word_1_577' title='bbox 2362 5020 2394 5062; x_wconf 78' lang='lat' dir='ltr'><strong>so</strong></span> 
     </span>
    </p>

    <p class='ocr_par' dir='ltr' id='par_1_11' title="bbox 540 5079 2295 5338">
     <span class='ocr_line' id='line_1_51' title="bbox 540 5079 2295 5169; baseline 0.004 -27"><span class='ocrx_word' id='word_1_578' title='bbox 540 5114 542 5121; x_wconf 94' lang='lat'>·</span> <span class='ocrx_word' id='word_1_579' title='bbox 619 5081 710 5143; x_wconf 81' lang='lat' dir='ltr'><strong>venit</strong></span> <span class='ocrx_word' id='word_1_580' title='bbox 725 5080 766 5142; x_wconf 90' lang='lat' dir='ltr'><strong>iis</strong></span> <span class='ocrx_word' id='word_1_581' title='bbox 806 5080 840 5143; x_wconf 93' lang='lat' dir='ltr'><strong>ui</strong></span> <span class='ocrx_word' id='word_1_582' title='bbox 860 5080 946 5142; x_wconf 86' lang='lat' dir='ltr'><strong>inter</strong></span> <span class='ocrx_word' id='word_1_583' title='bbox 962 5079 1195 5167; x_wconf 73' lang='lat' dir='ltr'><strong>signagratiae</strong></span> <span class='ocrx_word' id='word_1_584' title='bbox 1206 5080 1361 5145; x_wconf 87' lang='lat' dir='ltr'><strong>Ordinem</strong></span> <span class='ocrx_word' id='word_1_585' title='bbox 1378 5102 1436 5146; x_wconf 89' lang='lat' dir='ltr'><strong>nu·</strong></span> <span class='ocrx_word' id='word_1_586' title='bbox 1478 5102 1516 5146; x_wconf 87' lang='lat' dir='ltr'><strong>re</strong></span> <span class='ocrx_word' id='word_1_587' title='bbox 1544 5084 1658 5162; x_wconf 90' lang='lat' dir='ltr'><strong>deum,</strong></span> <span class='ocrx_word' id='word_1_588' title='bbox 1691 5085 1748 5167; x_wconf 83' lang='lat' dir='ltr'><strong>qui</strong></span> <span class='ocrx_word' id='word_1_589' title='bbox 1772 5083 1838 5148; x_wconf 90' lang='lat' dir='ltr'><strong>fide</strong></span> <span class='ocrx_word' id='word_1_590' title='bbox 1869 5085 2128 5151; x_wconf 87' lang='lat' dir='ltr'><strong>misericordiam</strong></span> <span class='ocrx_word' id='word_1_591' title='bbox 2150 5104 2295 5169; x_wconf 90' lang='lat' dir='ltr'><strong>compre-</strong></span> 
     </span>
     <span class='ocr_line' id='line_1_52' title="bbox 621 5099 2293 5253; baseline 0.002 -26"><span class='ocrx_word' id='word_1_592' title='bbox 621 5099 810 5227; x_wconf 64' lang='lat' dir='ltr'><strong>meremmtl</strong></span> <span class='ocrx_word' id='word_1_593' title='bbox 849 5182 923 5227; x_wconf 87' lang='lat' dir='ltr'><strong>oum</strong></span> <span class='ocrx_word' id='word_1_594' title='bbox 949 5182 1018 5229; x_wconf 91' lang='lat' dir='ltr'><strong>non</strong></span> <span class='ocrx_word' id='word_1_595' title='bbox 1040 5162 1129 5229; x_wconf 87' lang='lat' dir='ltr'><strong>eliud</strong></span> <span class='ocrx_word' id='word_1_596' title='bbox 1151 5168 1194 5230; x_wconf 88' lang='lat' dir='ltr'><strong>sit</strong></span> <span class='ocrx_word' id='word_1_597' title='bbox 1218 5167 1316 5245; x_wconf 88' lang='lat' dir='ltr'><strong>ordo,</strong></span> <span class='ocrx_word' id='word_1_598' title='bbox 1338 5186 1437 5250; x_wconf 86' lang='lat' dir='ltr'><strong>quam</strong></span> <span class='ocrx_word' id='word_1_599' title='bbox 1477 5164 1600 5232; x_wconf 86' lang='lat' dir='ltr'><strong>hendit.</strong></span> <span class='ocrx_word' id='word_1_600' title='bbox 1622 5168 1773 5253; x_wconf 82' lang='lat' dir='ltr'><strong>adeoque</strong></span> <span class='ocrx_word' id='word_1_601' title='bbox 1793 5188 1887 5232; x_wconf 88' lang='lat' dir='ltr'><strong>amor</strong></span> <span class='ocrx_word' id='word_1_602' title='bbox 1909 5168 1973 5248; x_wconf 89' lang='lat' dir='ltr'><strong>dei,</strong></span> <span class='ocrx_word' id='word_1_603' title='bbox 1995 5169 2071 5235; x_wconf 85' lang='lat' dir='ltr'><strong>fidei</strong></span> <span class='ocrx_word' id='word_1_604' title='bbox 2092 5167 2220 5234; x_wconf 83' lang='lat' dir='ltr'><strong>fluctus</strong></span> <span class='ocrx_word' id='word_1_605' title='bbox 2232 5182 2293 5235; x_wconf 86' lang='lat' dir='ltr'><strong>est.</strong></span> 
     </span>
     <span class='ocr_line' id='line_1_53' title="bbox 622 5245 2294 5338; baseline 0.005 -27"><span class='ocrx_word' id='word_1_606' title='bbox 622 5245 720 5333; x_wconf 82' lang='lat' dir='ltr'><strong>deligi</strong></span> <span class='ocrx_word' id='word_1_607' title='bbox 745 5269 787 5313; x_wconf 82' lang='lat' dir='ltr'><strong>ex</strong></span> <span class='ocrx_word' id='word_1_608' title='bbox 812 5245 967 5313; x_wconf 86' lang='lat' dir='ltr'><strong>Ecclesia</strong></span> <span class='ocrx_word' id='word_1_609' title='bbox 987 5251 1124 5333; x_wconf 88' lang='lat' dir='ltr'><strong>eosqui</strong></span> <span class='ocrx_word' id='word_1_610' title='bbox 1152 5251 1310 5329; x_wconf 77' lang='lat' dir='ltr'><strong>doceant,</strong></span> <span class='ocrx_word' id='word_1_611' title='bbox 1333 5252 1437 5334; x_wconf 87' lang='lat' dir='ltr'><strong>bapti·</strong></span> <span class='ocrx_word' id='word_1_612' title='bbox 1477 5249 1530 5315; x_wconf 87' lang='lat' dir='ltr'><strong>Ex</strong></span> <span class='ocrx_word' id='word_1_613' title='bbox 1557 5274 1671 5317; x_wconf 86' lang='lat' dir='ltr'><strong>amore</strong></span> <span class='ocrx_word' id='word_1_614' title='bbox 1699 5255 1752 5317; x_wconf 91' lang='lat' dir='ltr'><strong>dei</strong></span> <span class='ocrx_word' id='word_1_615' title='bbox 1781 5255 1929 5317; x_wconf 86' lang='lat' dir='ltr'><strong>nascitur</strong></span> <span class='ocrx_word' id='word_1_616' title='bbox 1953 5267 1993 5336; x_wconf 85' lang='lat' dir='ltr'><strong>¹et</strong></span> <span class='ocrx_word' id='word_1_617' title='bbox 2018 5255 2156 5338; x_wconf 82' lang='lat' dir='ltr'><strong>proximi</strong></span> <span class='ocrx_word' id='word_1_618' title='bbox 2189 5268 2294 5333; x_wconf 74' lang='lat' dir='ltr'><strong>enter,</strong></span> 
     </span>
    </p>

    <p class='ocr_par' dir='ltr' id='par_1_12' title="bbox 524 5333 2411 5594">
     <span class='ocr_line' id='line_1_54' title="bbox 524 5333 2294 5420; baseline 0.005 -26"><span class='ocrx_word' id='word_1_619' title='bbox 524 5333 567 5383; x_wconf 68' lang='lat'><strong>2²⁰</strong></span> <span class='ocrx_word' id='word_1_620' title='bbox 622 5346 714 5408; x_wconf 81' lang='lat' dir='ltr'><strong>nent,</strong></span> <span class='ocrx_word' id='word_1_621' title='bbox 741 5337 881 5396; x_wconf 85' lang='lat' dir='ltr'><strong>men&#39;sae</strong></span> <span class='ocrx_word' id='word_1_622' title='bbox 907 5334 1113 5411; x_wconf 87' lang='lat' dir='ltr'><strong>benedicent,</strong></span> <span class='ocrx_word' id='word_1_623' title='bbox 1143 5347 1176 5398; x_wconf 89' lang='lat' dir='ltr'><strong>et</strong></span> <span class='ocrx_word' id='word_1_624' title='bbox 1206 5333 1436 5420; x_wconf 84' lang='lat' dir='ltr'><strong>eleemosynas</strong></span> <span class='ocrx_word' id='word_1_625' title='bbox 1480 5356 1554 5400; x_wconf 90' lang='lat' dir='ltr'><strong>cnm</strong></span> <span class='ocrx_word' id='word_1_626' title='bbox 1580 5339 1642 5403; x_wconf 90' lang='lat' dir='ltr'><strong>deo</strong></span> <span class='ocrx_word' id='word_1_627' title='bbox 1670 5338 1704 5401; x_wconf 91' lang='lat' dir='ltr'><strong>in</strong></span> <span class='ocrx_word' id='word_1_628' title='bbox 1729 5340 1882 5403; x_wconf 90' lang='lat' dir='ltr'><strong>omnibus</strong></span> <span class='ocrx_word' id='word_1_629' title='bbox 1904 5342 2064 5405; x_wconf 85' lang='lat' dir='ltr'><strong>creaturis</strong></span> <span class='ocrx_word' id='word_1_630' title='bbox 2091 5339 2218 5403; x_wconf 87' lang='lat' dir='ltr'><strong>servire</strong></span> <span class='ocrx_word' id='word_1_631' title='bbox 2239 5360 2294 5402; x_wconf 89' lang='lat' dir='ltr'><strong>eu-</strong></span> 
     </span>
     <span class='ocr_line' id='line_1_55' title="bbox 622 5416 2295 5508; baseline 0.004 -31"><span class='ocrx_word' id='word_1_632' title='bbox 622 5416 803 5498; x_wconf 87' lang='lat' dir='ltr'><strong>partiantur</strong></span> <span class='ocrx_word' id='word_1_633' title='bbox 824 5420 947 5502; x_wconf 84' lang='lat' dir='ltr'><strong>egenis.</strong></span> <span class='ocrx_word' id='word_1_634' title='bbox 997 5416 1153 5501; x_wconf 87' lang='lat' dir='ltr'><strong>Episcopi</strong></span> <span class='ocrx_word' id='word_1_635' title='bbox 1174 5438 1234 5481; x_wconf 90' lang='lat' dir='ltr'><strong>ssu</strong></span> <span class='ocrx_word' id='word_1_636' title='bbox 1251 5422 1437 5504; x_wconf 87' lang='lat' dir='ltr'><strong>presbyteri</strong></span> <span class='ocrx_word' id='word_1_637' title='bbox 1501 5424 1595 5487; x_wconf 87' lang='lat' dir='ltr'><strong>imus.</strong></span> <span class='ocrx_word' id='word_1_638' title='bbox 1638 5422 1682 5486; x_wconf 88' lang='lat' dir='ltr'><strong>Et</strong></span> <span class='ocrx_word' id='word_1_639' title='bbox 1711 5421 1810 5488; x_wconf 86' lang='lat' dir='ltr'><strong>huius</strong></span> <span class='ocrx_word' id='word_1_640' title='bbox 1838 5425 1969 5508; x_wconf 91' lang='lat' dir='ltr'><strong>quidam</strong></span> <span class='ocrx_word' id='word_1_641' title='bbox 1995 5424 2118 5489; x_wconf 80' lang='lat' dir='ltr'><strong>cruoris</strong></span> <span class='ocrx_word' id='word_1_642' title='bbox 2139 5442 2203 5507; x_wconf 77' lang='lat' dir='ltr'><strong>ego</strong></span> <span class='ocrx_word' id='word_1_643' title='bbox 2225 5419 2295 5486; x_wconf 89' lang='lat' dir='ltr'><strong>nul-</strong></span> 
     </span>
     <span class='ocr_line' id='line_1_56' title="bbox 623 5499 2411 5594; baseline 0.006 -34"><span class='ocrx_word' id='word_1_644' title='bbox 623 5499 830 5580; x_wconf 88' lang='lat' dir='ltr'><strong>dicehantur,</strong></span> <span class='ocrx_word' id='word_1_645' title='bbox 848 5504 903 5586; x_wconf 88' lang='lat' dir='ltr'><strong>qui</strong></span> <span class='ocrx_word' id='word_1_646' title='bbox 925 5503 1106 5580; x_wconf 87' lang='lat' dir='ltr'><strong>docebant,</strong></span> <span class='ocrx_word' id='word_1_647' title='bbox 1134 5500 1309 5583; x_wconf 84' lang='lat' dir='ltr'><strong>lavabant,</strong></span> <span class='ocrx_word' id='word_1_648' title='bbox 1330 5517 1363 5569; x_wconf 89' lang='lat' dir='ltr'><strong>et</strong></span> <span class='ocrx_word' id='word_1_649' title='bbox 1382 5507 1437 5570; x_wconf 92' lang='lat' dir='ltr'><strong>be·</strong></span> <span class='ocrx_word' id='word_1_650' title='bbox 1567 5531 1572 5559; x_wconf 81' lang='grc' dir='ltr'>ι</span> <span class='ocrx_word' id='word_1_651' title='bbox 1593 5505 1742 5594; x_wconf 73' lang='lat' dir='ltr'><strong>regulam</strong></span> <span class='ocrx_word' id='word_1_652' title='bbox 1763 5510 1949 5575; x_wconf 88' lang='lat' dir='ltr'><strong>breviorem</strong></span> <span class='ocrx_word' id='word_1_653' title='bbox 1968 5520 2027 5575; x_wconf 85' lang='lat' dir='ltr'><strong>aut</strong></span> <span class='ocrx_word' id='word_1_654' title='bbox 2046 5507 2205 5592; x_wconf 89' lang='lat' dir='ltr'><strong>aptiorem</strong></span> <span class='ocrx_word' id='word_1_655' title='bbox 2217 5525 2294 5588; x_wconf 90' lang='lat' dir='ltr'><strong>pos·</strong></span> <span class='ocrx_word' id='word_1_656' title='bbox 2314 5524 2370 5585; x_wconf 74' lang='lat' dir='ltr'><strong>tan,</strong></span> <span class='ocrx_word' id='word_1_657' title='bbox 2387 5534 2411 5574; x_wconf 83' lang='grc' dir='ltr'><strong>ι.</strong></span> 
     </span>
    </p>
   </div>
   <div class='ocr_carea' id='block_1_7' title="bbox 0 0 2936 6724">
    <p class='ocr_par' dir='ltr' id='par_1_13' title="bbox 0 0 2936 6724">
     <span class='ocr_line' id='line_1_57' title="bbox 0 0 2936 6724; baseline 0 0"><span class='ocrx_word' id='word_1_658' title='bbox 0 0 2936 6724; x_wconf 95' lang='lat' dir='ltr'><strong> </strong></span> 
     </span>
    </p>
   </div>
  </div>
 </body>
</html>
