5859 6734
537 683 603 756 aas
1165 682 1907 754 rumimuscmrmnocrnnmcn
2470 699 2537 767 w,

540 871 748 938 conscimtiis
771 868 946 936 inliciendi·
959 870 1008 954 ⁴⁸)
1052 867 1231 937 Praeterea
1251 872 1338 938 baec
1358 872 1514 938 candus
1559 892 1657 957 quarn
1678 890 1752 936 com
1796 871 1917 948 matio,
1940 872 2001 936 sed
2022 882 2156 956 propter
2177 876 2431 956 promissionem
2451 883 2533 949 divi-
2580 897 2594 934 ·.

539 957 662 1020 debant
688 974 766 1020 esse
797 965 973 1039 papante,
1004 972 1074 1018 non
1103 965 1230 1020 tantm
1261 958 1343 1022 certi
1375 955 1514 1022 alicuius
1558 976 1634 1020 narn
1666 955 1749 1037 [Zac
1774 999 1783 1018 .
1808 957 1839 1033 l,
1861 954 1924 1036 3.]=
1957 953 2191 1021 Convenerunt
2222 960 2266 1023 ad
2298 981 2368 1041 me,
2401 979 2435 1031 et
2467 988 2530 1056 ego

539 1040 714 1126 morin
729 1039 871 1124 ideoque
887 1042 928 1104 dc
945 1039 994 1103 eis
1011 1041 1171 1123 praecipit
1180 1039 1336 1107 Ecclesia
1351 1054 1512 1126 perpetuo
1558 1051 1735 1107 convertar
1762 1042 1806 1105 ad
1835 1060 1908 1105 vos.
1951 1040 2019 1106 Sed
2044 1040 2129 1105 haec
2152 1040 2343 1126 sophistica
2367 1049 2446 1116 nolo
2475 1073 2531 1119 co-

539 1125 572 1188 in
583 1124 819 1190 sandonibus.
1555 1127 1682 1209 piosius
1702 1127 1870 1210 persequi,
1892 1134 2016 1190 tantum
2034 1128 2211 1190 admonere
2232 1130 2404 1197 studiosos
2426 1136 2530 1215 volui,

622 1207 710 1273 Fieri
731 1218 765 1271 et
783 1206 850 1273 hoc
866 1218 986 1290 potest,
1008 1217 1044 1271 ut
1061 1204 1178 1312 nliqnis
1196 1210 1272 1293 pius
1288 1206 1391 1276 faciat
1408 1230 1512 1295 opera
1555 1221 1732 1356 propterea
1760 1209 1851 1294 quod
1878 1207 1943 1274 luae
1968 1229 2057 1274 nova
2084 1210 2292 1277 cavillatione
2320 1219 2452 1300 qnidam
2473 1223 2530 1286 da-

538 1313 607 1360 noa
633 1291 761 1371 debita,
793 1291 859 1357 hoc
880 1303 947 1369 est,
979 1303 1015 1357 ut
1036 1289 1213 1379 largiatrtr,
1245 1296 1303 1359 ubi
1331 1297 1404 1361 sine
1432 1314 1511 1361 con·
1570 1296 1693 1359 endunt
1704 1289 1974 1360 smsucuonenc
2002 1294 2109 1358 Habet
2121 1298 2206 1360 enim
2215 1296 2402 1381 hypocrisis
2421 1303 2530 1370 multi·

538 1379 696 1444 sustuna
717 1375 896 1441 offensione
916 1386 1046 1459 poterat
1067 1397 1135 1443 non
1156 1376 1280 1465 largiri.
1314 1377 1409 1445 Sicut
1425 1381 1511 1446 Pau·
1556 1376 1633 1463 plex
1653 1377 1835 1444 artificium.
1867 1375 1952 1443 lllud
1968 1381 2055 1442 ma‘
2091 1380 2180 1461 mum
2197 1393 2247 1445 ast
2269 1401 2310 1446 ac
2331 1385 2527 1467 simplicius,

538 1459 592 1530 lus
611 1463 717 1548 gratis
730 1461 956 1564 ⁸praedicabat
978 1460 1212 1567 Evangelinm3
1239 1483 1315 1529 cum
1344 1462 1511 1568 alliceret
1555 1483 1621 1568 nen
1643 1473 1838 1564 arroganter
1866 1465 2001 1566 sentire·
2039 1468 2427 1568 enostraupcenitcntia,
2463 1492 2529 1574 nec

537 1542 1235 1716 imbibistis?
1256 1547 1511 1718 iiiiii&
1554 1549 1699 1716 iiiii
1709 1551 2528 1715 18)ξὲἶὶῗὲἳέἳὲξὲΡὲἓῗέἑῖἢῗῖἓῗΐὲἶ

644 1715 753 1780 ninus
795 1725 956 1780 vocentur
998 1735 1101 1796 opera
1136 1719 1446 1804 supererogationis.
1460 1719 1508 1804 ⁴⁷)
1555 1718 1623 1782 bita
1645 1717 1848 1795 obedientia,
1881 1729 1915 1782 et
1940 1719 2021 1782 satis
2044 1730 2113 1794 est,
2143 1737 2298 1784 caussam
2323 1724 2527 1790 remissionis

538 1733 670 1864 κείω
696 1809 806 1862 tamen
834 1797 984 1884 intelligit
1011 1799 1152 1879 Paulus,
1180 1822 1220 1866 se
1246 1801 1356 1868 adbuc
1385 1803 1510 1887 alioqui
1555 1820 1616 1866 seu
1632 1803 1842 1885 mitigationis
1858 1821 2040 1885 poenarum
2057 1800 2255 1867 conierrain
2269 1805 2529 1872 misericordiam

537 1877 657 1964 proed
681 1883 802 1948 abesse
823 1903 845 1948 a
864 1881 1068 1966 perfectione
1089 1883 1192 1970 legis,
1220 1889 1298 1970 quia
1317 1886 1454 1951 haerent
1476 1889 1509 1950 in
1554 1897 1589 1950 et
1609 1887 1861 1971 promissionem
1881 1885 1955 1950 Dei.
2512 1921 2514 1926 ,

540 1983 640 2032 carne
659 1965 840 2052 ignoratio,
869 1969 1153 2051 concupiscentia,
1174 1990 1260 2056 qaae
1281 1973 1450 2035 retardant
1470 1973 1509 2036 ti·
1639 1967 1695 2034 All
1783 1979 1852 2035 tet
1873 1969 2034 2054 exempla.
2070 1970 2180 2035 David
2201 1983 2279 2056 post
2300 1974 2530 2041 remissionem

538 2050 663 2114 moran
684 2061 718 2116 et
737 2049 845 2116 iidem.
1555 2052 1674 2138 culpae
1702 2056 1856 2137 pectitur
1883 2052 1980 2119 exilio
2008 2066 2041 2118 et
2067 2052 2156 2118 bello
2179 2055 2278 2120 civili.
2321 2055 2430 2122 Adam

623 2129 731 2200 olant
769 2137 811 2199 de
842 2133 1125 2202 satisfactionibus
1158 2137 1225 2203 hoc
1257 2140 1380 2204 dictum
1413 2138 1509 2204 Pauli
1555 2140 1782 2203 remissionem
1814 2136 1933 2220 culpae
1964 2140 2135 2204 subiicitur
2166 2142 2262 2204 morti
2295 2160 2398 2225 corpo
2494 2157 2527 2208 et

538 2226 581 2304 [1.
603 2221 681 2290 cnr.
704 2220 757 2297 ll,
778 2219 864 2299 31.]=
892 2219 929 2284 Si
951 2240 1015 2285 nos
1036 2223 1254 2288 indicaremus
1275 2225 1350 2307 ipsi,
1370 2243 1440 2288 non
1460 2226 1509 2289 iu-
1555 2224 1697 2287 caeteris
1730 2224 1894 2287 aerumnis
1923 2222 2021 2287 huius
2048 2225 2145 2288 vitae.
2200 2221 2253 2289 De
2285 2224 2338 2289 his
2367 2223 2527 2311 exmplis

536 2311 721 2376 mmmmm
758 2324 780 2368 a
810 2303 972 2381 Domino;
1015 2307 1114 2391 idque
1152 2309 1202 2371 sic
1233 2310 1507 2392 interpretantur:
1554 2328 1572 2372 s
1618 2328 1657 2371 ra
1678 2309 1800 2372 dictum
1817 2318 1881 2384 est,
1903 2327 2004 2390 saepe
2016 2310 2062 2384 ⁴⁹)
2085 2308 2240 2372 divinitus
2262 2307 2368 2393 infligi
2387 2329 2526 2392 poam

536 2393 573 2460 st
600 2411 663 2458 nos
689 2392 879 2476 puniremus
906 2391 988 2472 ipsi,
1016 2411 1083 2455 non
1104 2394 1293 2475 puniremur
1313 2413 1335 2458 a
1355 2392 1508 2457 Domino.
1635 2390 1699 2455 hae
1720 2389 1801 2456 nihil
1821 2394 1865 2457 ad
1887 2390 2001 2457 claves
2065 2392 2202 2466 rtiuent3
2229 2411 2293 2457 nec
2315 2395 2464 2478 sequitur
2486 2416 2528 2460 ex

535 2476 617 2542 inde
631 2477 879 2551 ratiocinantur,
897 2476 1022 2539 nostris
1040 2478 1157 2559 poenis
1177 2474 1247 2541 tolli
1263 2497 1404 2562 poenas,
1423 2496 1508 2562 quas
1552 2474 1607 2539 his
1640 2474 1818 2559 exemplis,
1855 2495 1980 2560 poenas
2018 2477 2026 2494 ’
2126 2473 2198 2540 tolli
2228 2497 2288 2559 per
2320 2481 2527 2546 ceremonias

536 2559 630 2628 Deua
650 2564 799 2628 minatur.
1554 2557 1831 2636 satisfactionum,
1853 2561 1932 2635 sed,
1952 2572 1989 2625 ut
2010 2560 2132 2624 dictum
2155 2572 2223 2638 est,
2245 2561 2436 2647 mitigantur
2456 2575 2528 2628 tots

621 2648 676 2711 Ad
701 2646 767 2712 hoc
789 2665 844 2712 res
867 2647 992 2711 ondeo=
1019 2644 1159 2711 Paulum
1178 2666 1247 2710 non
1269 2665 1371 2730 posse
1391 2643 1508 2711 intelli·
1553 2647 1767 2730 poenitentia.
1810 2644 1853 2710 Et
1878 2665 1981 2727 supra
2000 2645 2171 2722 admonui,
2205 2664 2273 2708 non
2294 2664 2427 2727 semper
2447 2665 2529 2714 essa

537 2733 639 2819 gido
666 2727 732 2794 illis
760 2668 1039 2833 satislsctionibus
1069 2732 1240 2833 indebitis3
1278 2732 1339 2835 sed
1353 2750 1508 2835 ‘necesse
1552 2748 1678 2832 ponas
1706 2741 1872 2833 certorum
1898 2725 2094 2794 delictorum
2121 2747 2179 2793 cas
2202 2725 2413 2807 afflictiones,
2440 2749 2526 2816 quas

537 2815 1197 2970 ⁰“llilzltnvaeerlillltdclxuilliulll,lldnallllllllle
1223 2813 1508 2982 ssqqqquuqqehqio-
1553 2823 1867 2969 sanchJqqqruqqq
1888 2908 2018 2961 veteres
2041 2897 2221 2978 scriptores
2242 2895 2471 2963 Ecclesiastici
2493 2913 2526 2963 et

559 2987 627 3050 tin
649 2987 846 3052 contritione
868 2998 901 3050 et
921 2996 993 3049 tota
1059 2985 1224 3048 enitentia.
1257 2982 1365 3047 Porro
1386 2983 1508 3047 dictum
1554 2979 1702 3046 Goncilia
1722 2982 1921 3047 mentionem
1941 2978 2066 3045 faciunt
2087 2978 2366 3061 Satisfactionum,
2387 2982 2526 3067 loquun-

535 3081 587 3140 cst
606 3083 721 3158 supra,
742 3071 810 3135 miti
834 3072 883 3135 ari
904 3081 962 3134 aut
982 3081 1017 3133 to
1042 3069 1050 3088 '
1073 3087 1200 3151 poenas
1222 3064 1421 3152 temporales
1439 3078 1510 3131 tota
1554 3078 1608 3131 tur
1629 3067 1670 3129 de
1692 3067 1757 3130 ritu
1777 3085 1819 3130 ac
1840 3063 2034 3148 spectaculo
2057 3067 2108 3129 sui
2130 3066 2297 3148 temporis,
2321 3086 2384 3129 nec
2406 3069 2526 3133 sentie-

535 3160 734 3246 poanitentia
760 3167 794 3222 et
810 3093 935 3220 liebitis
956 3154 1128 3236 operibus3
1171 3154 1205 3217 id
1251 3152 1429 3234 eprodest
1451 3153 1509 3216 do·
1553 3154 1634 3215 bant
1659 3149 1809 3214 homines
1837 3169 1877 3214 eo
1906 3149 1971 3213 ritu
1999 3149 2117 3212 mereri
2149 3150 2372 3214 remissionem
2405 3149 2527 3232 culpae

534 3263 621 3312 οπο.
663 3243 759 3308 Sicut
786 3251 820 3304 et
840 3237 958 3303 Esaias
988 3240 1085 3304 docet
1106 3173 1253 3321 oaptill
1275 3242 1340 3315 [vs.
1362 3236 1408 3314 4.]
1451 3237 1509 3301 ubi
1555 3245 1612 3301 aut
1632 3254 1823 3337 poenarum,
1842 3234 2023 3317 purgatorii
2041 3243 2098 3298 aut
2118 3229 2270 3307 aliarum
2291 3234 2352 3298 sed
2373 3234 2526 3297 sciebant

532 3341 570 3395 et
600 3330 764 3412 vituperat
790 3323 983 3389 traditiones
1016 3335 1050 3387 et
1081 3323 1215 3406 requirit
1247 3321 1356 3385 debita
1388 3337 1507 3468 qqnera:
1554 3317 1721 3402 politroum
1742 3337 1864 3382 rnorem
1887 3315 2060 3382 Ecclesiae
2082 3335 2160 3381 esse
2179 3316 2360 3382 institutum
2379 3316 2525 3382 humana

535 3413 625 3478 lione
644 3412 688 3475 ad
708 3407 785 3473 lites
802 3419 835 3473 et
856 3408 1084 3471 contentiones
1108 3407 1260 3471 ieiunatis
1282 3417 1346 3470 etc.
1421 3423 1508 3468 onne
1554 3404 1748 3468 auctoritate
1770 3421 1862 3465 exem
1885 3399 1909 3464 li
1929 3421 2049 3465 caussa
2071 3402 2113 3465 ad
2131 3412 2281 3466 caeteros
2298 3400 2523 3466 dehortandos

523 3495 601 3560 'ltoc
637 3493 788 3559 ieiunium
823 3493 928 3577 magis
962 3488 993 3555 el
1037 3490 1128 3572 ‘2⁴0)
1181 3490 1313 3595 Frange
1351 3490 1509 3553 esurienti
1553 3508 1575 3553 a
1595 3485 1729 3591 lingitiis
1751 3499 1809 3551 aut
1890 3484 2114 3590 euplorandos
2136 3482 2525 3590 eos,quiadEcclesiam

534 3587 852 3729 mutati
882 3574 1309 3741 iiiiiiiiiw
1353 3571 1507 3741 iiiiii
1553 3573 1843 3739 diffiniit?
1861 3569 2526 3732 tiiiti’titdiiiifflit

535 3746 633 3812 llicit.
651 3745 683 3809 6.
707 3751 771 3825 [νει.
789 3745 836 3823 7.]
876 3745 952 3810 Nun
975 3744 1032 3809 uid
1053 3740 1180 3827 placari
1199 3752 1311 3826 potest
1333 3742 1428 3805 Deus
1448 3743 1507 3804 mi·
1551 3739 1684 3823 publica
1711 3741 1910 3823 poenitentia
1937 3738 2004 3803 fiat.
2053 3739 2181 3811 Quibus
2210 3741 2322 3804 verbis
2349 3739 2525 3826 significat,

535 3830 622 3896 libus
648 3831 786 3894 arietum
807 3839 870 3891 etc.
913 3765 1069 3890 inlicabo
1096 3826 1173 3901 tibi,
1207 3825 1286 3909 quid
1312 3827 1356 3890 sit
1382 3827 1507 3888 bonum
1552 3843 1620 3889 non
1641 3825 1763 3906 requiri
1782 3822 1859 3886 illas
1870 3821 2121 3888 Satisiactioues
2140 3825 2182 3887 ad
2204 3825 2431 3890 remissionem
2448 3845 2525 3909 pec·

537 3913 666 3996 etquid
687 3914 833 3996 requirat
853 3911 966 3975 Deus:
989 3909 1114 3974 Facere
1136 3910 1291 3973 iustitiam
1313 3920 1346 3973 et
1369 3906 1507 3994 diligere
1553 3919 1715 3984 catorum,
1732 3904 1854 3991 alioqui
1871 3907 1970 3972 toties
1986 3908 2139 3972 iussisset
2156 3909 2269 3991 repeti,
2291 3911 2418 3994 quoties
2438 3930 2524 3993 opus

535 3997 791 4064 misericordiam
808 4006 841 4060 et
858 3997 892 4058 in
905 3996 1022 4058 timore
1036 3989 1207 4058 ambulare
1224 4013 1335 4057 coram
1346 3992 1421 4058 Deo
1437 4002 1506 4057 tuo.
1553 4003 1605 4057 est
1625 3992 1835 4077 poenitentia.

621 4083 690 4149 Sed
701 4081 872 4146 obiiciunt:
895 4077 1038 4142 Peccata
1048 4088 1214 4141 merentur
1225 4097 1364 4163 poenas,
1382 4074 1508 4140 nullum
1638 4075 1681 4139 Et
1702 4095 1744 4139 ax
1765 4073 1822 4139 illc
1843 4077 1947 4140 veteri
1968 4095 2061 4141 more
2083 4089 2176 4142 ortae
2191 4088 2269 4142 sunt
2290 4075 2525 4161 indulgentiae,

538 4170 637 4256 igitur
655 4165 827 4231 remittitur
848 4171 1032 4247 peccatum,
1053 4163 1118 4225 nisi
1139 4159 1270 4245 aliquae
1290 4181 1419 4244 poenae
1440 4156 1507 4223 sol·
1575 4179 1637 4225 uas
1654 4161 1704 4224 sic
1718 4171 1851 4237 vocant,
1868 4181 1955 4245 quae
1969 4159 2050 4225 nihil
2060 4159 2440 4238 aliudsuntscfuerunt,
2456 4163 2523 4225 nisi

537 4263 672 4326 rantum
794 4293 804 4326 ‚
840 4267 914 4312 cum
945 4265 1005 4329 per
1036 4246 1268 4327 poenitentiam
1300 4247 1507 4310 remittuntur
1551 4182 1681 4310 licium
1691 4243 1897 4328 publicarum
1907 4265 2086 4328 poenarum
2098 4247 2369 4312 condonationes.
2398 4243 2525 4310 Postea

537 4346 690 4424 peccam,
704 4269 812 4398 ebrffiet
831 4333 905 4413 ipsa
924 4332 1124 4416 poenitentia
1144 4332 1304 4395 rationem
1324 4348 1454 4412 poenae
1474 4339 1507 4392 et
1552 4329 1701 4395 homines
1730 4328 1854 4394 indocti
1879 4331 2055 4394 autetiam
2078 4332 2216 4414 improbi
2237 4331 2454 4396 vendiderunt
2475 4331 2524 4393 in·

538 4417 987 4570 imtmiiibiitti
1006 4411 1506 4563 iiliiitisiiitii
1552 4412 2342 4565 strennuissimus
2344 4427 2399 4479 ‘¹¹‘
2422 4434 2524 4562 titi

538 4548 722 4652 lanienam.
763 4584 831 4649 Sed
850 4595 991 4668 unaque
1005 4519 1247 4667 {Quem
1267 4584 1422 4669 neganda
1443 4594 1505 4646 est.
1551 4582 1745 4649 delictorum
1767 4593 1799 4645 et
1819 4600 2010 4666 poenarum,
2032 4593 2065 4645 et
2081 4581 2278 4650 aiiinxerunt
2299 4519 2523 4648 sslnlnglndui·

504 4701 507 4708 ·
538 4671 614 4737 Non
645 4682 699 4737 est
728 4670 814 4736 enin
842 4688 973 4734 remma
1004 4664 1097 4731 nulla
1124 4680 1264 4750 peccata
1288 4669 1360 4731 sine
1388 4667 1505 4750 poenis
1594 4671 1670 4732 ntiis
1690 4668 1854 4749 impertire
1885 4662 1959 4730 aliis
1986 4667 2153 4748 superflua
2178 4670 2293 4734 merita
2319 4678 2522 4732 sanctmuru

539 4757 673 4830 remitti3
692 4757 759 4820 imo
775 4773 877 4838 saepe
893 4753 1049 4836 promittit
1059 4749 1154 4816 Deus
1170 4753 1397 4816 remissionem
1408 4753 1506 4816 etiam
1566 4765 1600 4818 ta
1627 4751 1729 4816 multa
1755 4761 1848 4814 eram
1873 4752 2018 4815 absurda
2045 4753 2077 4815 in
2105 4751 2170 4817 illis
2199 4754 2405 4836 imposturis,
2457 4771 2523 4816 uae

540 4838 767 4921 temporalium
788 4857 967 4922 poenarum
987 4835 1052 4911 his,
1073 4837 1129 4919 qui
1146 4849 1248 4921 agtrnt
1264 4837 1504 4921 poenitentium.
1550 4834 1650 4901 facile
1671 4836 1805 4900 iudicari
1820 4846 1962 4917 possunt
1978 4857 1999 4899 a
2016 4838 2079 4919 piis
2099 4849 2132 4901 et
2148 4839 2356 4902 mediocriter
2372 4773 2522 4900 aralius

540 4921 583 4987 lit
603 4933 655 4988 est
674 4934 789 4987 notum
810 4917 997 5004 exemplum
1019 4920 1163 4984 Ninives.
1197 4920 1375 4986 Praeterea
1394 4919 1505 5003 poeni·
1551 4919 1632 4985 (lum
1665 4921 1750 4985 enim
1781 4917 2002 5004 indulgentiae
2041 4931 2164 4987 tantam
2196 4924 2263 4988 sint
2295 4919 2523 4986 relaxationes

541 5009 641 5073 tantia
662 5007 872 5090 consequitur
893 5003 1116 5069 remissionem
1138 5023 1327 5087 poenarum,
1348 5023 1416 5068 non
1436 5014 1506 5068 tan·
1551 5019 1698 5070 veterum
1727 5023 1904 5080 canonum,
1935 5024 2002 5069 unu
2031 5025 2106 5070 cum
2134 5004 2198 5069 illis
2225 5007 2407 5074 canonibus
2438 5006 2524 5068 anti·

1550 5100 1668 5173 quatae
1690 5101 1767 5153 sunt
1788 5100 1821 5152 et
1840 5091 1933 5172 ipsae
1954 5087 2183 5176 indulgentiae.
2216 5091 2319 5154 Erant
2339 5099 2449 5153 autem
2472 5087 2522 5153 illi

1247 5202 1250 5206 ·
1551 5194 1695 5239 canones
1717 5194 1758 5238 ac
1779 5193 1889 5238 mores
1911 5174 2073 5238 humanae
2096 5176 2296 5252 traditiones,
2319 5186 2352 5239 et
2373 5170 2455 5237 nibil
2476 5175 2523 5240 ad

542 5263 589 5324 ⁴⁸)
612 5259 757 5322 mendi]
773 5260 815 5312 ai.
836 5261 855 5311 ¹·
872 5265 921 5322 ito·
940 5271 1041 5312 emrffl
1059 5259 1228 5323 inminenti.
1550 5259 1774 5325 remissionem
1798 5256 1913 5342 culpae
1935 5270 1991 5322 aut
2011 5278 2190 5339 poenarum
2215 5279 2325 5323 coram
2347 5255 2421 5321 Deo
2442 5278 2522 5405 ffir-

2503 5361 2524 5404 e

542 5363 590 5424 tn
610 5359 856 5481 mmmm]
875 5360 948 5413 sue
968 5361 991 5412 t.
1009 5364 1034 5413 a.
1058 5360 1126 5413 mue
1144 5361 1302 5415 minum:
1321 5372 1399 5424 snper
1416 5371 1507 5423 em·-
1524 5385 1529 5470 Ξ
1548 5345 1710 5473 tinebqnt
1726 5341 1868 5475 ‘Quare
1904 5339 2004 5406 multo
2043 5344 2149 5406 minus
2188 5341 2410 5428 indulgmtae

543 5531 590 5590 ib)
613 5527 708 5592 enni]
723 5528 760 5581 sio
775 5525 849 5579 titt.
868 5528 893 5579 9.·
909 5527 984 5576 ο-ο,
1006 5528 1113 5580 ιι-ιο
1129 5530 1158 5580 et
1173 5529 1247 5590 (tm
1265 5529 1308 5580 si.
1328 5532 1348 5580 1.
1365 5529 1452 5590 stega
1526 5579 1528 5584 ,
1551 5529 1598 5590 itt
1621 5529 1711 5592 saepe]
1727 5528 1771 5582 ti.
1792 5530 1813 5577 1.
1831 5534 1881 5590 typ.
1901 5539 2002 5579 errore:
2020 5540 2098 5590 sepse
