5859 6734
1086 756 1199 826 rma.
1219 754 1323 824 ΜΗ.
1343 754 1530 823 suarm
1550 752 1824 821 noemma
2400 753 2463 820 tat

767 1019 770 1024 ,
1477 939 1643 1027 publicae,
1664 941 1729 1005 iuro
1740 938 1892 1026 iutelligit
1913 941 2009 1004 etiam
2019 935 2128 1004 Deum
2145 957 2222 1003 esse
2241 957 2460 1090 rrnurueppppn

679 1031 740 1097 DE
767 1029 908 1095 PRlMA
929 1025 1219 1103 Quaestione.
1479 1027 1555 1091 dam
1576 1036 1742 1091 aeternam
1765 1036 1923 1103 mentem,
1946 1043 2102 1089 caussam
2124 1023 2220 1101 boui,
2249 1038 2287 1088 ut
2311 1024 2336 1088 d
2407 1026 2415 1043 ⁸
2440 1028 2447 1045 ¹

1479 1108 1586 1188 Plato,
1609 1122 1641 1173 et
1663 1108 1840 1173 sirrrulacra
1861 1106 1930 1186 illo,
1953 1127 2038 1192 quae
2060 1105 2180 1194 vulgus
2203 1105 2358 1188 colebat,
2380 1108 2459 1176 nibil

1480 1196 1604 1259 habere
1625 1194 1776 1257 numinis
1821 1192 1887 1256 Sed
1910 1204 2019 1256 tanren
2040 1204 2159 1277 postea
2181 1193 2222 1258 de
2246 1196 2458 1275 providentia

1480 1280 1629 1344 obruitur
1650 1297 1744 1342 meus
1765 1276 1936 1343 Ciceronis
1970 1278 2184 1353 dubitatione,
2211 1278 2292 1361 quia
2324 1280 2456 1364 ignorat

552 1370 613 1451 Ea,
645 1389 729 1455 quae
760 1368 855 1431 nobis
884 1378 1063 1450 praecepta
1090 1377 1168 1429 sunt
1191 1366 1223 1429 in
1239 1365 1343 1429 verbo
1361 1361 1437 1441 Dei,
1479 1364 1718 1449 promissiones
1750 1362 1831 1440 Dei,
1875 1363 2002 1428 dubitat
2044 1381 2082 1425 se
2115 1374 2147 1426 et
2177 1359 2265 1425 alios
2307 1365 2455 1430 exaudiri

468 1470 502 1524 et
525 1476 653 1522 summa
675 1451 915 1537 comprehensa
936 1452 1043 1516 estin
1064 1447 1258 1536 Decalogoz
1296 1447 1350 1512 De
1395 1466 1436 1511 uo
1481 1452 1568 1526 et⁷¹)
1589 1448 1694 1511 iuvari
1716 1448 1835 1524 abeo,
1866 1447 2059 1532 praesertim
2080 1448 2113 1510 in
2136 1443 2390 1527 calamitatibus,
2416 1452 2454 1515 in

470 1541 638 1608 sciendum
659 1548 722 1617 est,
749 1558 816 1602 non
848 1546 974 1600 tautum
996 1546 1132 1600 extenra
1154 1553 1256 1617 opera
1275 1531 1330 1596 De
1385 1532 1439 1635 ⁰5¹
1505 1532 1600 1597 uibus
1624 1532 1721 1596 etiam
1742 1532 1896 1595 irascitur
1918 1531 1992 1595 Deo
2015 1533 2190 1596 deserenti.
2233 1530 2330 1597 Talis
2351 1545 2400 1598 est
2420 1546 2453 1599 et

468 1623 620 1691 socienda
651 1641 745 1700 esse,
778 1639 864 1706 quae
892 1620 989 1685 etiam
1016 1620 1060 1683 ab
1082 1619 1188 1703 impiis
1209 1629 1375 1701 utcunque
1397 1636 1440 1680 sr-
1616 1616 1757 1680 lutercst
1777 1617 1876 1701 igitur
1896 1617 1982 1680 inter
2004 1613 2198 1681 Ciceronem
2220 1629 2255 1681 et
2277 1616 2456 1684 lereurisrn.

468 1706 585 1776 ruulari
617 1719 770 1792 possunt,
801 1707 862 1769 sed
893 1703 1114 1768 inchoandam
1146 1722 1224 1768 esse
1254 1703 1441 1767 interiorem
1481 1701 1637 1767 ieremias
1670 1701 1773 1765 servit
1804 1719 1887 1766 suae
1909 1698 2138 1785 Reipublicae,
2160 1702 2222 1765 sed
2254 1697 2337 1767 huic
2370 1706 2459 1789 operi

470 1794 698 1860 obedientiam.
741 1791 827 1856 Sunt
848 1800 956 1855 autem
977 1807 1080 1871 opera
1099 1788 1269 1866 interiora,
1312 1807 1377 1854 uae
1397 1785 1441 1851 ad
1481 1783 1653 1872 praelucet
1684 1784 1788 1861 fidesr
1832 1784 1952 1850 Statuit
1984 1786 2138 1851 Ieremias
2165 1804 2203 1849 se
2224 1784 2304 1850 Deo
2326 1785 2459 1870 placem

492 1880 608 1943 rimam
629 1885 842 1959 praeceptum
869 1875 1052 1958 pertinent:
1074 1872 1221 1938 Credere
1242 1892 1264 1936 v
1324 1870 1442 1949 oDei,
1483 1884 1516 1936 et
1538 1871 1684 1937 exaudiri
1706 1889 1747 1935 ac
1769 1872 1939 1935 servaris
1959 1870 2052 1948 Deo,
2084 1871 2210 1935 etiamsi
2236 1871 2331 1936 videt
2355 1891 2395 1936 se
2416 1874 2460 1938 iu-

543 1980 599 2028 ere
619 1961 744 2038 Deum,
778 1957 955 2024 Confidere
976 1956 1062 2023 Deo.
1105 1956 1218 2022 Timor
1239 1956 1443 2042 conspicitur
1478 1951 1571 2021 'enti
1593 1954 1681 2020 mole
1702 1953 1920 2020 calauritatum
1943 1957 2049 2033 obrui,
2071 1954 2172 2019 deleri
2193 1958 2350 2038 patriam,
2373 1960 2460 2022 cives

471 2048 505 2112 in
526 2047 740 2119 contritione3
762 2042 862 2107 Fides
884 2043 991 2128 magis
1012 2043 1227 2126 conspicitur,
1249 2061 1324 2107 curu
1344 2061 1365 2106 e
1385 2043 1393 2063 ⁹
1418 2041 1443 2104 ‘t
1483 1977 1653 2125 lissipart,
1686 2039 1810 2106 multos
1832 2037 2006 2105 manifesto
2028 2039 2187 2105 beneficio
2211 2041 2327 2105 divino
2349 2061 2463 2107 serra

471 2128 738 2216 perterrefactos.
785 2126 852 2193 Sed
867 2126 947 2194 „hac
979 2128 1117 2193 virtutes
1150 2129 1182 2192 in
1204 2140 1275 2192 tota
1296 2128 1365 2192 rita
1409 2148 1443 2189 u·
1484 2137 1538 2191 tos
1560 2124 1702 2190 deficere
1722 2144 1745 2189 a
1764 2125 1857 2204 Deo,
1879 2126 2026 2211 grassari
2064 2125 2147 2188 inter·
2169 2145 2207 2188 se
2230 2130 2357 2191 mutuis
2393 2148 2463 2193 cae·

472 2234 547 2281 rare
580 2228 614 2279 et
645 2213 793 2279 exerceri
819 2214 949 2278 debent.
992 2210 1035 2276 Et
1062 2211 1177 2292 Fides,
1210 2231 1295 2296 quae
1328 2212 1443 2276 statuit
1486 2212 1594 2293 dibus,
1614 2221 1785 2295 postremo
1810 2222 1843 2275 et
1864 2229 1941 2275 sese
1961 2210 2109 2274 nractari.
2152 2206 2245 2274 Talia
2266 2210 2462 2294 spectacula

471 2302 534 2366 iam
552 2320 615 2364 nos
638 2320 659 2363 a
678 2298 754 2363 Deo
776 2309 928 2382 receptos
951 2316 1040 2376 esse,
1072 2300 1150 2382 quia
1170 2297 1325 2384 agnoscit
1351 2295 1443 2361 boui·
1487 2294 1639 2361 Ciceroni
1661 2295 1792 2360 obiecta
1813 2314 1952 2380 prorsus
1972 2306 2156 2359 merserunt
2172 2296 2462 2361 eumintenebras

472 2395 573 2450 tatem
604 2383 669 2449 Dei
701 2402 782 2468 erga
809 2403 890 2461 nos,
921 2383 1007 2466 parit
1039 2380 1247 2448 dilectionem
1267 2380 1349 2461 Dei,
1379 2400 1445 2465 qua
1486 2391 1520 2445 et
1539 2378 1696 2444 infinitam
1719 2379 1966 2445 dubitationem.
1998 2379 2069 2444 Nec
2091 2390 2201 2463 potest
2210 2377 2464 2446 huurananreus

473 2468 663 2534 subiiciruus
692 2487 754 2532 nos
787 2465 947 2532 voluntati
978 2465 1053 2532 Dei.
1102 2466 1231 2532 Deinde
1261 2476 1445 2552 sequuntur
1487 2467 1559 2530 siue
1580 2463 1646 2529 lide
1668 2461 1757 2529 aliud
1779 2466 1936 2551 cogitare,
1955 2484 2053 2550 quam
2074 2464 2161 2548 quod
2179 2463 2267 2548 apud
2290 2464 2464 2533 Lucanam

475 2564 586 2620 cetera
606 2555 695 2619 bona
717 2571 819 2655 opera
836 2552 926 2615 iuxta
947 2554 1056 2616 omnia
1076 2563 1264 2637 praecepta.
1489 2546 1654 2630 [Pharsal.
1676 2547 1717 2627 ll,
1742 2550 1782 2612 ts
1803 2554 1870 2634 sq.]
1894 2549 2029 2614 dicitur:

558 2636 751 2703 Adversarii
794 2636 898 2700 videri
938 2633 1052 2701 volunt
1089 2637 1271 2701 doctrinam
1311 2655 1446 2720 operum

474 2720 645 2808 praeclare
667 2723 810 2799 tradere,
832 2740 905 2786 curu
949 2718 1118 2804 letumque
1139 2731 1265 2785 tantum
1286 2721 1447 2785 deexter-
1488 2720 1586 2785 Anne
1607 2717 1688 2783 nihil
1753 2721 1851 2784 situm
1873 2719 1947 2784 esti
1968 2720 2028 2785 sed
2049 2739 2125 2786 sors
2143 2722 2268 2785 incerta
2290 2736 2448 2807 vagatur,

476 2829 519 2872 na
529 2807 699 2894 hypocrisi
721 2806 831 2871 dicant
851 2817 908 2869 aut
919 2742 961 2869 tle
971 2804 1122 2869 huruanis
1135 2806 1337 2869 ceremoniis.
1361 2803 1447 2887 Ope·
1489 2805 1633 2888 Fertque
1654 2823 1692 2867 re
1706 2816 1821 2889 ertque
1843 2806 1944 2882 vices,
1966 2817 1998 2869 et
2018 2802 2141 2870 babent
2162 2803 2316 2872 mortalia
2340 2827 2464 2873 casum·

476 2912 515 2956 ra
537 2912 619 2958 vero
640 2892 765 2976 primae
787 2888 919 2955 tabulae
949 2901 982 2954 et
1003 2886 1128 2954 iontem
1140 2891 1299 2954 bonorum
1311 2907 1447 2973 operum
1712 2933 1714 2936 -

477 2978 487 3040 i
535 2987 631 3041 orant
648 2986 682 3040 et
703 2976 862 3040 obruunt:
885 2973 975 3038 Nihil
997 2975 1110 3039 dicunt
1127 2975 1169 3039 de
1190 2973 1267 3051 fide,
1313 2993 1374 3038 uae
1396 2983 1448 3036 cst
1576 2972 1643 3040 Sed
1676 2971 1760 3038 tales
1792 2975 2012 3039 dubitationes
2047 2976 2123 3041 vicit
2156 2975 2332 3058 Ieremias,
2366 2989 2401 3041 et
2421 2979 2467 3041 iu

502 3062 596 3126 ducis
628 3059 871 3124 misericordiae
902 3070 933 3122 et
965 3060 1127 3143 grataritae
1160 2995 1448 3129 reconciliationis,
1492 3059 1580 3146 genti
1603 3059 1789 3123 constantia
1811 3060 1915 3122 sensit
1936 3079 1974 3123 se
1996 3058 2070 3123 Deo
2091 3057 2236 3142 plaeere,
2259 3071 2292 3124 et
2312 3059 2380 3124 hac
2401 3060 2468 3126 lide

477 3146 665 3211 necessaria
686 3145 719 3208 iu
741 3144 828 3208 omui
844 3145 1064 3209 invocatione.
1096 3142 1236 3209 Sublata
1257 3155 1364 3208 autem
1384 3141 1449 3206 hac
1489 3145 1581 3229 petiit
1603 3154 1635 3208 et
1657 3145 1841 3226 expectavit
1865 3145 1971 3208 bonos
1993 3155 2130 3209 eventus
2152 3163 2233 3208 suae
2249 3146 2466 3230 gubernatio-

478 3229 556 3309 fidc,
588 3231 690 3294 vincit
722 3227 891 3306 dubitatio,
923 3249 1009 3313 quae
1041 3240 1097 3293 aut
1130 3229 1307 3293 contemnit
1327 3226 1449 3304 Deum,
1491 3229 1554 3307 nis,
1593 3228 1628 3292 ui
1671 3240 1726 3291 ost
1746 3249 1853 3292 annos
1875 3230 2084 3313 septuaginta
2105 3230 2211 3293 secuti
2231 3239 2312 3294 sunt.

478 3326 535 3379 aut
556 3310 640 3400 fugit
659 3315 788 3390 iratum,
810 3324 843 3375 et
864 3332 931 3376 non
953 3333 1031 3378 vere
1054 3314 1199 3378 invocat.
1234 3311 1340 3376 Porro
1362 3310 1450 3376 hauc
1572 3249 1629 3377 lie
1686 3334 1727 3378 oc
1759 3314 1913 3378 interiore
1946 3312 2036 3380 cultu
2061 3315 2221 3398 praecipit
2240 3310 2392 3378 Christus
2414 3314 2465 3376 in·

696 1167 789 1241 Quae
811 1186 914 1250 opera
935 1176 1011 1229 sunt
1033 1160 1205 1227 iacienda?

480 3400 712 3463 dubitationem
734 3395 927 3481 hypocritae
948 3409 982 3462 et
998 3400 1184 3481 approbant
1200 3395 1451 3474 etconiinuant,
1491 3399 1610 3546 paiens
1643 3396 1780 3476 [10h.l‚
1811 3397 1895 3480 2342
1938 3397 2018 3461 Veri
2050 3399 2246 3463 adoratores
2278 3399 2465 3463 adorabunt

479 3493 604 3570 negant
623 3481 721 3586 tidem
741 3478 985 3587 intelligendam
1006 3501 1084 3587 esse
1104 3481 1256 3586 fiduciam
1265 3482 1450 3632 misenffi
1520 3493 1625 3583 atrem
1657 3484 1690 3546 iu
1713 3482 1834 3587 Spiritu
1857 3494 1899 3587 ‘et
1917 3484 2128 3586 ventate,·id
2149 3492 2218 3586 est,
2234 3480 2466 3632 fispiritualibus

480 3564 1310 3731 ppoipphggpsranlppseppmppppdppropp:
1330 3588 1375 3716 al
1397 3651 1451 3716 aa
1493 3570 1983 3729 ti.tt.1¹'.;'⁰.t¹.lt⁵rrr”.¹.¹3⁰'tt
2027 3578 2238 3718 rfrirlllrllr’m
2261 3582 2364 3717 vicli
2377 3587 2463 3717 'ill

480 3738 614 3822 pravan’
636 3737 818 3801 doctrinam
837 3734 1076 3821 Prophetarum
1100 3748 1132 3800 et
1142 3733 1389 3820 Apostolorum,
1410 3756 1452 3800 ac
1492 3734 1547 3801 lus
1564 3733 1771 3815 rationalem,
1806 3737 1937 3820 λογικὸν,
1968 3735 2138 3817 videlicet,
2159 3737 2193 3801 in
2214 3758 2281 3821 quo
2304 3758 2402 3802 mens
2422 3739 2464 3802 iu

480 3822 592 3906 potius
612 3822 816 3886 acerbissimi
838 3825 1004 3885 cruciatus
1049 3819 1212 3885 eriereudi
1233 3831 1321 3898 suut,
1356 3840 1452 3903 quam
1494 3819 1615 3906 telligit
1625 3819 1746 3898 Deum,
1769 3823 1922 3907 agnoscit
1942 3823 2024 3887 iram
2046 3820 2122 3905 Dei,
2145 3833 2177 3887 et
2199 3841 2318 3887 rursus
2341 3821 2411 3889 fide
2430 3841 2465 3886 se

483 3906 729 3971 concedendurn
760 3905 794 3968 in
822 3904 875 3970 his
909 3906 1004 3969 dictis
1040 3905 1139 3969 'idem
1172 3924 1240 3969 non
1262 3906 1291 3967 si
1317 3903 1453 3968 nificare
1495 3915 1677 3985 sustentat,
1710 3919 1744 3969 ct
1775 3907 1906 3990 quidem
1927 3906 2010 3972 fides
2033 3907 2175 3971 intuetur
2197 3901 2300 3972 filium
2321 3906 2404 3983 Dei,
2435 3917 2464 3970 et

483 3989 634 4056 fiduciam
655 3988 900 4053 misericordiae
922 3988 1073 4068 [Roma
1093 3988 1156 4068 3.]ε
1178 3989 1326 4054 Credidit
1345 3986 1453 4052 Abra·
1495 3990 1649 4076 agnoseit
1680 4009 1742 4054 nos
1774 4003 1910 4077 propter
1937 3989 2102 4057 Christum
2123 3991 2340 4057 Merliotorem
2368 3992 2465 4075 recipi

482 4072 558 4139 ham
578 4071 652 4138 Deo
681 4083 744 4138 etc.
788 4071 866 4138 item
890 4071 1000 4152 [Rom.
1022 4073 1059 4151 5,
1089 4074 1151 4153 l.]:
1195 4072 1366 4138 iustificati
1387 4072 1453 4137 fide
1495 4096 1517 4138 a
1537 4073 1622 4138 Deo.
1665 4072 1719 4140 Dc
1746 4075 1812 4141 hoc
1845 4075 1937 4143 cultu
1958 4077 2111 4141 interiore
2133 4088 2166 4140 et
2187 4075 2314 4140 lesaias
2338 4078 2465 4142 concio·

526 4177 596 4223 cem
617 4155 789 4222 habemus.
833 4157 912 4221 ltem
936 4159 1026 4236 [ibid.
1036 4179 1088 4222 vs.
1110 4158 1174 4235 21:
1197 4157 1263 4222 Per
1285 4155 1454 4223 Christum
1494 4172 1590 4223 natur
1612 4171 1730 4224 taxans
1753 4160 1963 4245 hypocritam,
1986 4162 2040 4245 qui
2062 4161 2221 4245 putabant
2243 4159 2372 4226 cultum
2393 4181 2466 4264 espe

481 4179 641 4309 llbemus
663 4261 836 4307 accessum
857 4241 931 4305 fide.
970 4242 1055 4318 item
1077 4240 1333 4323 identatur:
1356 4242 1454 4306 Nunc
1496 4255 1664 4308 externam
1695 4245 1777 4309 disci
1800 4246 1900 4309 liuam
1932 4257 1965 4309 et
1997 4246 2199 4312 ceremonias
2232 4244 2358 4331 templi.
2413 4245 2466 4311 Src

483 4340 593 4395 autem
614 4328 691 4392 vivo
712 4326 833 4392 iulide
854 4324 912 4390 filii
934 4328 1008 4392 Dei.
1046 4328 1122 4392 Nou
1143 4329 1289 4392 sinamus
1312 4324 1400 4393 eludi
1421 4337 1454 4391 et
1495 4328 1594 4432 igitur
1611 4329 1729 4414 inquit:
1762 4266 1800 4393 ll

483 4413 656 4498 depravari
676 4409 761 4477 haec
784 4413 882 4490 dicta,
904 4413 965 4475 sed
987 4424 1079 4477 certo
1101 4414 1246 4478 sciamus
1268 4411 1454 4478 eaconcio·
1496 4412 1600 4478 oram?
1620 4413 1675 4478 Ad
1697 4411 1856 4480 afflictum
1879 4423 1913 4477 et
1933 4414 2108 4480 contritum
2128 4416 2256 4500 spiritu,
2278 4427 2314 4479 et
2331 4429 2468 4482 tremen-

483 4499 554 4562 nari
576 4498 672 4562 nobis
695 4498 738 4560 de
761 4496 882 4563 fiducia
902 4498 1163 4576 misericordiae,
1190 4510 1223 4563 et
1243 4500 1277 4564 iu
1297 4498 1385 4563 omni
1407 4499 1455 4561 iu·
1495 4509 1561 4562 tem
1594 4517 1765 4564 sermones
1785 4518 1889 4563 meos.
1932 4498 1981 4563 lta
1998 4508 2031 4563 et
2050 4498 2204 4565 Psalmus
2224 4498 2278 4566 49.
2300 4513 2394 4566 tum
2415 4521 2468 4564 su·

484 4584 657 4646 vocatione
695 4581 861 4646 discamus
901 4582 944 4647 ad
975 4581 1086 4648 Deum
1122 4583 1345 4650 accedendum
1377 4602 1454 4648 esse
1494 4584 1722 4666 perstitionem
1744 4595 1951 4649 extentorum
1972 4581 2136 4662 cultuum,
2162 4596 2195 4649 et
2226 4583 2357 4670 flagitat
2391 4588 2468 4649 inte

484 4664 604 4730 fiducia
635 4664 691 4730 filii
712 4667 826 4748 ipsius,
859 4684 921 4730 nec
943 4668 1044 4750 recipi
1064 4687 1127 4730 nos
1149 4679 1286 4750 propter
1305 4679 1454 4732 nostram
1497 4669 1602 4733 riores
1624 4666 1733 4733 culus
1756 4681 1789 4734 et
1811 4688 1922 4733 veram
1943 4670 2183 4735 invocationem
2206 4676 2272 4750 [vs
2297 4669 2379 4749 154:
2421 4670 2469 4734 ln·

485 4750 684 4835 dignitatem.
1496 4773 1582 4818 voca
1603 4773 1656 4817 mc
1677 4753 1711 4816 in
1732 4754 1784 4818 die
1806 4750 2023 4819 tribulationis
2045 4766 2109 4820 etc.

570 4833 632 4898 Est
658 4835 667 4896 i
693 4836 756 4898 itur
788 4837 999 4920 praecipuum
1026 4855 1110 4921 opus
1131 4838 1253 4902 bonum
1273 4836 1358 4902 haec
1381 4839 1455 4922 ipsa
1582 4836 1674 4901 llaec
1706 4839 1787 4903 satis
1819 4839 1863 4902 sit
1898 4839 2041 4904 breviter
2072 4841 2240 4904 monuisse
2277 4840 2321 4903 de
2365 4841 2470 4925 prim

485 4915 568 4983 fides
590 4857 792 4984 sculdasio
814 4920 1069 5000 misericordiae,
1091 4922 1276 4986 exercenda
1297 4923 1330 4986 in
1353 4922 1456 4986 omui·
1497 4922 1707 5006 quaestione,
1740 4933 1774 4988 et
1806 4925 1848 4989 de
1870 4924 2024 4989 interiore
2046 4922 2147 4989 cultu.
2190 4923 2258 4988 lam
2280 4945 2357 4988 cum
2378 4937 2472 4990 tanta

486 5003 548 5066 bus
581 5004 669 5066 vitae
689 5001 843 5087 periculis
865 5017 898 5069 et
919 5006 953 5069 in
974 5007 1062 5070 omni
1082 5007 1302 5072 invocatione.
1345 5004 1456 5072 David
1498 5006 1542 5070 sit
1562 5003 1733 5070 inlinuitas
1753 5006 1915 5074 humanae
1936 5010 2064 5087 mentis,
2085 5020 2178 5074 tauta
2197 5009 2371 5090 dubitatio,
2395 5031 2471 5076 curu

486 5087 698 5152 dimicaturus
731 5089 835 5152 credit
855 5110 894 5154 se
914 5089 989 5155 Deo
1011 5088 1145 5174 placere
1163 5103 1299 5175 propter
1319 5095 1456 5175 promis·
1497 5088 1581 5154 baec
1613 5089 1740 5158 infirma
1770 5106 1889 5159 natura
1920 5093 2084 5158 hominum
2112 5106 2251 5160 onerata
2278 5096 2322 5159 sit
2345 5095 2471 5182 ingemi

486 5173 623 5320 spinam,
651 5182 688 5273 et
706 5172 783 5254 quia
804 5172 867 5317 spir
888 5191 927 5276 se
955 5186 1107 5324 vocapmr
1125 5177 1266 5240 esse'ad
1287 5173 1375 5279 hano
1396 5178 1456 5240 ob·
1497 5172 1584 5323 miple
1606 5172 1839 5258 calamitatum,
1861 5180 1974 5263 quaeri
1995 5199 2071 5243 mox
2091 5177 2190 5257 solet,
2211 5181 2381 5268 quomodo
2395 5199 2474 5265 pos·

486 5268 1036 5489 purpurantur
1051 5271 1388 5490 terminat
1401 5280 1456 5407 t:
1498 5279 1516 5322 ⁵
1560 5278 1601 5324 ¹¹⁸
1933 5259 2052 5329 u...

486 5426 1259 5594 iii'..nitimifoeb'iidiiihiiiiilff
1280 5427 1456 5578 tritt

448 5645 451 5650 .
490 5604 579 5658 retur
600 5595 641 5659 de
663 5604 733 5659 toto
754 5613 875 5680 genere
896 5593 1038 5660 humano
1067 5597 1102 5662 in
1122 5597 1361 5683 gubernatione
1380 5596 1456 5664 Rei·
1500 5618 1546 5685 tr)
1564 5618 1601 5686 etl
1620 5621 1692 5677 erra
1715 5625 1806 5677 r-rs.
1822 5625 1860 5678 rc.
1877 5635 1909 5677 re

1793 4349 1853 4394 aec
1875 4330 1953 4394 dicit
1974 4329 2149 4411 Dominus,
2171 4329 2225 4394 Ad
2246 4351 2347 4414 quem
2369 4332 2467 4415 respi-

1502 5503 1701 5516 ·-——-·—-n--
