5859 6734
913 699 937 761 Ι.
959 697 1060 763 LOCl
1081 694 1354 763 summouere
1377 692 1415 759 C.
1437 691 1649 760 SECUNDA
1667 692 1825 760 EORUM
1844 693 2001 759 AETAS.

623 970 757 1057 pbiloso
845 981 900 1035 tur
917 970 958 1033 de
976 969 1120 1033 externis
1139 978 1171 1032 et
1189 964 1340 1031 civilibus
1359 985 1437 1048 ope·
1481 967 1597 1044 stium,
1619 966 1706 1031 sicut
1730 960 1855 1030 Paulus
1873 964 1996 1049 inquit,
2017 961 2109 1048 Lege
2119 974 2298 1048 peccatum

622 1060 723 1123 ribus.
744 1096 758 1119 .·
786 1055 878 1121 ertio.
908 1052 981 1118 Etsi
994 1054 1061 1115 iam
1073 1053 1216 1117 diximus
1230 1054 1318 1115 bona
1336 1070 1439 1132 opera
1481 1050 1517 1113 lit
1541 1048 1757 1114 excellentius
1780 1062 1963 1132 peccatum.
2019 1047 2099 1113 item
2121 1047 2211 1129 apud
2237 1046 2299 1111 Pe·

622 885 856 1118 rumprpffip
882 883 1005 948 dooere
1030 903 1098 947 uon
1132 885 1279 968 possint,
1313 893 1438 946 tantum
1482 878 1700 960 diffidentiae,
1724 890 1933 962 contemptus
1950 879 2005 943 dei
2022 890 2055 944 et
2071 875 2225 943 similium
2243 899 2298 962 pe·

622 1141 812 1210 necessaria
839 1136 933 1215 esse,
961 1137 1040 1201 ltern
1069 1138 1161 1201 cuius
1188 1137 1321 1221 generis
1349 1137 1438 1199 bona
1480 1146 1566 1199 trum
1584 1135 1620 1211 [l.
1638 1155 1690 1218 ep.
1710 1135 1740 1212 l,
1757 1134 1823 1213 fb]
1842 1132 1995 1199 exEsaia
2017 1132 2086 1213 [40,
2101 1131 2159 1214 6.].
2184 1131 2298 1195 Omnis

621 1246 723 1309 opera
740 1223 930 1289 necessaria
946 1223 1024 1300 sint,
1041 1233 1150 1285 tamen
1171 1222 1317 1287 nondum
1339 1221 1437 1283 abso·
1482 1239 1560 1283 earo
1578 1218 1711 1283 foenum
1735 1230 1798 1282 etc.
1841 1216 1994 1283 Delirant
2016 1219 2117 1304 igitur
2140 1218 2296 1281 adversa·

620 1309 690 1375 luta
711 1322 763 1373 est
789 1307 873 1371 baec
890 1325 1018 1383 causa,
1039 1305 1153 1389 Atque
1175 1305 1230 1369 hic
1255 1304 1438 1369 adversarii
1481 1305 1520 1367 rii
1536 1304 1644 1368 nostri
1661 1305 1718 1449 poi
1738 1302 1867 1388 fingunt
1883 1302 2049 1367 hominem
2065 1303 2138 1365 sine
2160 1312 2298 1384 peccato

622 1408 689 1461 uon
706 1389 915 1459 satisfaciunt
934 1391 1164 1467 conscientiis,
1181 1402 1214 1454 at
1232 1391 1265 1453 in
1287 1389 1439 1453 doctrina
1482 1408 1559 1453 esse
1594 1408 1634 1451 ac
1676 1390 1729 1473 egi
1757 1388 1810 1452 dei
1837 1386 2032 1453 satisfacere
2060 1388 2158 1451 immo
2196 1404 2299 1468 posse

623 1482 784 1545 bonorum
815 1496 950 1559 operum
984 1476 1135 1538 omittunt
1162 1472 1272 1539 locum
1300 1474 1439 1537 maxime
1482 1474 1577 1539 etiam
1596 1474 1718 1537 addere
1733 1470 1800 1535 aliu
1816 1473 1978 1554 quaedam
1989 1492 2092 1554 opera
2101 1468 2300 1555 perfectiora

523 1564 525 1571 '
626 1564 865 1639 necessarium,
895 1559 1066 1632 Quaerunt
1089 1561 1174 1623 enim
1204 1559 1438 1634 conscientiae,
1482 1557 1573 1644 lege,
1599 1568 1632 1621 et
1659 1558 1749 1641 quod
1766 1554 1941 1623 ridiculrun
1958 1568 2029 1634 est,
2051 1555 2180 1642 fingunt
2198 1574 2300 1640 quae·

623 1649 659 1713 Si
677 1646 862 1712 obedientia
871 1641 956 1729 legis
974 1656 1026 1707 est
1036 1646 1238 1722 neccssaria,
1256 1660 1332 1707 cunr
1341 1661 1437 1711 nemo
1483 1645 1558 1707 dam
1585 1654 1721 1707 externa
1747 1661 1850 1724 opera
1878 1660 1952 1711 non,
1973 1661 2094 1724 praece
2116 1651 2151 1705 ta
2186 1660 2208 1704 a
2235 1640 2298 1703 deo

621 1731 689 1819 lagi
717 1726 918 1807 satisfaciat,
941 1729 1106 1812 quomodo
1133 1727 1243 1810 placet
1267 1729 1330 1791 deo
1353 1725 1438 1791 haec
1481 1724 1681 1811 perfectiora
1698 1746 1776 1791 csse
1791 1725 1857 1790 hae
1874 1724 2088 1812 summalege
2133 1723 2299 1809 iligesdo·

623 1813 815 1900 imperfecta
839 1814 1045 1878 obedientia?
1087 1812 1169 1877 item
1191 1813 1359 1897 quomodo
1376 1813 1439 1875 eri·
1482 1813 1605 1877 minum
1623 1824 1686 1877 etc.
1729 1811 1772 1875 lii
1789 1829 1940 1890 errores,
1959 1830 2033 1875 cum
2049 1806 2223 1891 manifeste
2239 1828 2299 1891 pu·

623 1922 695 1967 mus
718 1897 819 1975 salvi,
849 1917 923 1963 eum
950 1898 1135 1961 obedientia
1156 1896 1276 1979 procul
1299 1897 1387 1960 absit
1418 1915 1440 1959 a
1482 1910 1584 1984 guent
1592 1895 1765 1961 emnEvan
1791 1893 1867 1972 elio,
1875 1894 2203 1978 ommnorepudiaudi
2211 1906 2299 1959 suut.

623 1983 824 2069 perfectione
838 1979 953 2067 legis,
979 2003 1054 2046 cum
1076 1984 1258 2047 sentiamus
1282 1982 1316 2043 in
1340 1981 1438 2045 nobis
1567 1981 1722 2047 Secundo
1779 1981 1900 2053 iscerni
1933 1981 2054 2046 debent
2087 1999 2233 2063 persona
2267 1991 2298 2042 et

584 2127 589 2140 .
623 2069 747 2135 adhue·
768 2064 906 2135 haerere
922 2066 1116 2150 peccatum?
1136 2066 1208 2132 Hae
1225 2066 1438 2151 quaestiones
1483 2086 1578 2130 ous.
1622 2067 1708 2130 Nem
1725 2066 1852 2129 etiamsi
1870 2062 1953 2130 Saul
1967 2064 2070 2130 habet
2086 2061 2189 2129 multa
2204 2083 2298 2146 prae·

623 2154 836 2237 explicandae
858 2163 937 2216 sunt
960 2153 1199 2229 conscientiis,
1211 2164 1246 2215 et
1263 2150 1438 2213 ostenden·
1484 2088 1577 2215 clara
1592 2170 1705 2233 opera,
1722 2160 1832 2213 tamen
1850 2170 1926 2217 cum
1942 2150 2053 2214 videat
2068 2150 2102 2213 in
2113 2146 2298 2213 sehaerere

627 2241 703 2305 dum
727 2238 895 2323 quomodo
919 2235 1075 2301 inchoata
1102 2248 1135 2300 et
1151 2232 1343 2319 imperfecta
1360 2236 1439 2299 obe·
1481 2246 1630 2320 peccata.
1669 2253 1737 2297 uon
1753 2244 1864 2317 potest
1880 2243 2030 2299 statuere
2047 2234 2137 2383 ppod
2153 2252 2300 2315 persona

486 2356 492 2366 ·
624 2325 746 2389 clientis
777 2324 841 2387 deo
874 2318 1023 2403 placeat,
1046 2339 1089 2383 ne
1118 2321 1342 2385 conscientiae
1358 2318 1438 2383 inci·
1481 2318 1612 2406 placeat
1629 2321 1709 2397 deo,
1733 2338 1798 2389 nee
1813 2316 1917 2383 ullum
1934 2315 2056 2403 quamli
2079 2328 2113 2383 et
2129 2317 2298 2403 egregium

623 2409 702 2475 dant
713 2409 747 2471 in
759 2407 994 2473 dubitationem
1005 2424 1046 2468 ec
1063 2404 1337 2487 desperationem,
1354 2422 1439 2468 neve
1481 2404 1679 2488 καθόρθωμα
1691 2406 1750 2487 86)ι
1765 2414 1877 2487 potest
1899 2405 2029 2490 erigere
2061 2402 2297 2467 conscientiam

623 2493 768 2557 tribuant
790 2488 929 2574 gloriam
948 2487 1075 2557 Christi
1095 2486 1248 2553 humanis
1270 2489 1438 2572 operibus.
1482 2492 1645 2555 adversus
1662 2486 1766 2553 ullum
1781 2498 1955 2571 peceatum
1972 2488 2124 2572 quamvis
2148 2488 2298 2552 videatur

625 2575 711 2643 Cum
735 2571 945 2659 igiturlrunc
972 2571 1083 2639 locum
1115 2572 1272 2654 explicari
1298 2592 1439 2637 necesse
1483 2576 1646 2660 exiguum.
1675 2573 1815 2657 Oportet
1831 2584 1941 2639 autem
1956 2572 2045 2637 hanc
2062 2572 2299 2649 dubitationem

623 2662 682 2737 sit,
705 2662 843 2742 primum
861 2658 1031 2721 sciendum
1050 2670 1123 2735 est,
1148 2660 1244 2723 etiam
1262 2659 1295 2725 in
1312 2658 1438 2727 sanctis
1482 2659 1579 2723 nobis
1597 2659 1704 2734 eximi,
1722 2658 1799 2733 ideo
1818 2678 2016 2743 quanquam
2032 2653 2184 2743 leginon
2202 2656 2297 2731 satis·

624 2744 840 2811 obedientiam
862 2738 1085 2823 imperfectam
1107 2755 1140 2811 et
1161 2742 1288 2829 tautum
1304 2742 1439 2829 inchoa·
1481 2742 1620 2809 facirnus
1639 2754 1673 2807 et
1688 2742 1799 2807 adhuc
1815 2743 1848 2805 in
1866 2743 1964 2809 nobis
1989 2753 2162 2825 peccatum
2183 2740 2300 2805 haeret

624 2844 814 2904 lauressa-‚²
826 2823 1103 2897 uersatisfacere
1125 2846 1185 2891 eos
1202 2825 1270 2912 legi
1286 2828 1378 2911 ,quod
1394 2827 1439 2897 ad
1482 2840 1591 2893 tamen
1615 2839 1761 2893 statuere
1782 2829 1939 2893 debemus
1960 2846 2139 2910 personam
2165 2823 2298 2912 plaeere

624 2915 635 2977 i
659 2910 964 2983 aamnbedienttm
982 2913 1106 2979 atdnet
1135 2910 1172 2977 ld
1188 2909 1439 2983 claretsstatur
1483 2914 1546 2979 deo
1568 2915 1672 2997 gratis
1688 2923 1827 2995 propter
1844 2910 2022 2989 Christum
2050 2910 2174 2977 Postea
2190 2908 2298 2995 placet

623 2935 665 3063 ὅ
760 2996 948 3079 cumfinquit
960 2994 1106 3073 litanti,
1116 2995 1196 3075 234..
1222 2994 1439 3069 Videoaliam
1482 3010 1515 3063 et
1532 3016 1677 3081 sequens
1701 2998 1887 3065 obedientia
1926 2997 1982 3063 uia
1997 3015 2144 3080 persona
2160 3008 2297 3079 propter

623 3080 730 3167 legam
744 3084 778 3153 in·
794 3079 949 3147 membris
967 3082 1049 3159 meis
1064 3091 1130 3147 cto.
1174 3080 1255 3145 Item
1274 3078 1397 3161 [Galat.
1406 3079 1442 3158 5,
1482 3080 1572 3147 aliud
1588 3078 1716 3146 seilicet
1733 3094 1870 3166 propter
1881 3018 2050 3147 Clristum
2066 3078 2187 3164 placet.
2213 3081 2299 3145 Nam

589 3230 591 3236 ,
626 3167 690 3245 η]
720 3165 806 3231 Caro
832 3167 1037 3247 concupiscit
1061 3167 1223 3229 adversus
1252 3177 1315 3231 etc.
1359 3164 1439 3229 item
1482 3167 1566 3230 haec
1592 3184 1737 3250 sequens
1756 3167 1944 3233 obedientia
1961 3165 2060 3229 etiam
2076 3184 2145 3229 non
2165 3160 2297 3247 lploce·
2332 3171 2372 3231 ὁ..
2409 3206 2414 3217 -

626 3238 922 3329 llam-[vend]
958 3248 994 3315 Si
1012 3249 1189 3321 dixerimus
1208 3250 1298 3333 quod
1321 3268 1439 3331 pecca·
1479 3262 1532 3314 ret
1549 3250 1613 3313 nisi
1629 3270 1774 3332 persona
1790 3252 1882 3333 prius
1899 3248 2040 3321 liberata
2063 3258 2155 3313 essct
2171 3248 2298 3312 dubita·

624 3346 772 3401 tumrtc
816 3332 896 3397 ltem
918 3332 975 3397 Ps.
993 3331 1141 3399 CXXIX.
1160 3340 1223 3410 [vs.
1239 3331 1284 3411 3.]
1320 3332 1356 3399 Si
1379 3332 1438 3396 ini·
1480 3337 1580 3398 tione
1623 3334 1701 3397 Non
1731 3336 1818 3399 enim
1835 3332 1906 3399 vult
1929 3331 1995 3397 coli
2012 3334 2096 3399 deris
2113 3352 2189 3399 cum
2206 3333 2298 3399 dubi·

623 3419 765 3502 quitatcs
788 3429 862 3485 etc..
894 3416 967 3480 Hae
988 3428 1021 3480 et
1042 3414 1167 3481 similes
1189 3417 1373 3481 sententiae
1391 3427 1439 3479 te·
1480 3418 1615 3483 tatione.
1659 3416 1755 3482 iuxta
1776 3416 1857 3481 illud
1873 3417 1978 3482 Omne
1995 3418 2086 3520 quod
2102 3436 2170 3482 non
2187 3427 2299 3482 estex

623 3502 802 3571 stanmria
824 3501 950 3571 sanctis
967 3498 1077 3563 adhuc
1099 3498 1239 3564 haerere
1255 3509 1438 3582 peccatum,
1481 3502 1546 3566 fide
1562 3512 1738 3586 peccatum
1754 3514 1817 3568 est
1861 3501 1945 3569 Cum
1966 3503 2067 3587 igitur
2089 3522 2232 3569 necesse
2253 3503 2298 3567 sit

624 3586 666 3651 ld
677 3583 885 3666 quod210erte
909 3581 1108 3649 confitentur
1129 3603 1205 3649 cum
1228 3595 1336 3647 orant.
1379 3582 1438 3647 Di·
1505 3605 1659 3651 ersonam
1682 3597 1759 3651 ante
1789 3606 1892 3669 opera
1919 3584 2052 3653 liberari
2078 3588 2298 3664 dubitatione,

624 3668 921 3739 mitte·nobis.;etc.
963 3665 1007 3732 Et
1030 3664 1139 3748 palam
1158 3667 1226 3731 hoc
1242 3665 1388 3733 fatentur
1405 3679 1439 3732 et
1481 3673 1564 3735 trdes
1581 3682 1618 3736 ut
1634 3672 1678 3735 sit
1695 3682 1788 3747 certa
1803 3691 1870 3745 uon
1881 3673 2026 3754 pendere
2044 3672 2214 3759 dignitate,
2230 3691 2297 3737 non

624 3753 744 3815 docent
762 3747 979 3819 ecclesiastici
995 3752 1187 3835 scriptores.
1231 3750 1438 3837 Quamquam
1481 3757 1593 3821 nititur
1617 3752 1785 3839 ‚qualitate
1801 3766 1869 3831 ‚aut
1892 3756 2056 3843 ¹dignitate
2090 3777 2107 3821 s
2153 3760 2299 3822 uentirmr

625 3836 884 3919 quidopusrest
902 3832 996 3905 foris
1023 3847 1127 3903 testes
1157 3854 1333 3939 quaerere,
1363 3856 1439 3901 cum
1480 3861 1627 3923 opertum
1670 3840 1756 3904 Nam
1774 3842 1997 3907 conscientiae
2013 3840 2130 3906 fierent
2182 3842 2297 3907 certis·

625 3921 906 4009 aperientiaipsa
915 3919 1014 3983 nobis
1024 3916 1278 3987 imbecillitatem
1289 3932 1438 3986 nostram
1480 3926 1583 3989 simae
1607 3936 1639 3989 et
1661 3923 1744 3989 fides
1763 3945 1912 4011 ,prorsus
1942 3937 2147 3991 everteretur
2168 3927 2198 3990 si
2223 3946 2297 3989 sen·

624 4004 785 4073 ostendit·
811 4004 944 4087 quoties
963 4004 1113 4075 dubitant
1130 4006 1229 4069 animi
1244 4018 1356 4073 utrum
1374 4006 1437 4071 deo
1479 4010 1625 4075 tiendum
1647 4020 1741 4073 esset
1763 4030 1827 4073 nos
1853 4011 1918 4075 deo
1940 4009 2076 4094 placere
2097 4020 2234 4097 propter
2251 4011 2297 4075 di·

625 4104 725 4156 curae
742 4089 863 4164 simus,
887 4099 996 4155 utrum
1018 4089 1101 4153 deus
1123 4086 1202 4153 velit
1224 4092 1323 4156 nobis
1342 4091 1437 4177 igno·
1526 4095 1641 4159 itatem
1661 4094 1870 4179 sequentium
1894 4114 2031 4179 operum
2059 4114 2121 4162 seu
2143 4094 2297 4178 impletae

624 4192 738 4251 some,
763 4172 1031 4249 most-exaudire,
1065 4174 1195 4257 quoties
1226 4175 1438 4261 indignamur
1492 4178 1576 4265 egis.
1618 4174 1673 4243 lex
1691 4180 1778 4243 enim
1794 4198 1865 4242 sem
1888 4197 1926 4244 er
1942 4191 2080 4245 accusat
2095 4200 2171 4245 nos.
2206 4180 2298 4244 Haec

624 4259 869 4349 piampuepaati
887 4258 985 4327 emul-
996 4255 1218 4329 calamitatuni
1235 4277 1374 4345 genere,
1390 4257 1438 4323 m
1480 4259 1578 4327 facile
1591 4260 1853 4348 intelligrmtdoc
1877 4285 1914 4330 es
1925 4275 1958 4330 et
1975 4264 2050 4348 piae
2064 4266 2295 4329 conscientiae.

623 4343 919 4423 amnesamnes
957 4340 1096 4420 llorere,
1140 4354 1174 4413 at
1208 4344 1360 4415 omnibus
1393 4344 1439 4409 vi·
1482 4346 1564 4421 Quis
1593 4348 1680 4411 enim
1706 4366 1775 4412 uon
1803 4349 1969 4417 dubitaret
1994 4351 2127 4425 intuens
2141 4348 2184 4415 fu
2209 4348 2297 4413 banc

625 4440 690 4493 taen
709 4423 1136 4499 eommbdisafoelieissime
1150 4426 1229 4505 frui,
1244 4437 1358 4497 tenere
1389 4446 1439 4493 re
1480 4443 1672 4516 perpetuam
1689 4420 1908 4497 infirmitatem
1923 4445 2090 4512 nostram,
2114 4434 2145 4497 si
2161 4434 2297 4497 sentiret

625 4508 1081 4659 gamem-gloriamltem
1097 4513 1174 4598 quis¹
1189 4514 1271 4577 satis
1282 4513 1373 4577 timet
1383 4522 1440 4577 aut
1481 4536 1544 4580 uos
1568 4527 1649 4579 runc
1675 4516 1808 4581 demum
1828 4518 1891 4583 deo
1938 4516 2098 4583 lusitanos
2123 4538 2198 4583 eum
2214 4517 2297 4581 satis
2388 4530 2390 4535 '

608 4677 610 4681 Ι
649 4594 732 4698 iligit
753 4595 874 4659 deum?
928 4595 1010 4668 Quis
1041 4595 1204 4661 satisfacit
1232 4615 1315 4661 suae
1342 4615 1440 4660 voca·
1481 4601 1555 4685 puri
1577 4600 1708 4678 erimus,
1727 4620 1801 4665 cum
1822 4603 1904 4667 satis
1915 4540 2238 4685 ltononunoperum
2255 4601 2299 4666 ad

626 4680 727 4745 namt
755 4699 866 4763 quem·
879 4699 946 4749 non
973 4682 1153 4753 incendunt
1175 4682 1336 4749 interdum
1364 4681 1441 4744 odia
1483 4704 1558 4749 eum
1574 4682 1760 4751 afferemus.
1794 4688 1907 4759 Quare
1925 4707 1992 4751 non
2011 4682 2136 4753 tollitur
2153 4706 2192 4751 se
2215 4704 2296 4751 uens

626 4760 763 4828 stelias
779 4764 1000 4846 cupiditatesl
1031 4764 1179 4859 -Coustat
1195 4767 1296 4869 igitur
1313 4766 1347 4829 iu
1364 4784 1440 4835 sen·
1482 4770 1670 4834 obedientia
1680 4771 1777 4835 irnnm
1788 4772 1928 4835 maxime
1945 4771 2131 4856 requiritur,
2148 4708 2215 4836 seg
2227 4782 2298 4835 tau·

544 4921 551 4942 ,
585 4923 591 4935 ³
627 4849 691 4913 o'tis
709 4845 875 4933 reliquum
884 4862 965 4915 esse
981 4847 1345 4932 peceatum.¹vrdelicet
1362 4869 1441 4913 con·
1482 4865 1551 4920 tum
1572 4855 1614 4918 da
1635 4855 1793 4939 dignitate
1814 4856 1985 4939 sequentis
2008 4856 2215 4921 obedientiae
2230 4852 2299 4919 hoe

627 4933 880 5016 eupiscmrtiam,
903 4954 988 5017 quae
1003 4955 1071 4999 non
1088 4948 1140 5000 est
1157 4937 1274 5001 ociosa
1290 4935 1351 4999 sed
1367 4954 1441 5018 per·
1483 4939 1707 5016 constituitur,
1725 4940 1816 5024 quod
1832 4958 1979 5022 persona
1998 4960 2066 5005 non
2081 4938 2298 5024 placeatpro·

626 5030 728 5103 petuo
744 5018 830 5100 parit
847 5017 984 5085 affectus
1007 5021 1147 5085 vitiosos
1170 5022 1276 5085 omnis
1299 5021 1440 5105 generis.
1481 5020 2299 5111 pterlegemvelpropterdignitatemoperumed

626 5104 698 5167 Nee
722 5122 802 5166 vero
827 5113 879 5167 est
902 5105 1143 5170 extenuandum
1165 5105 1232 5170 hoo
1259 5116 1441 5187 peccatum,
1483 5127 1624 5171 necesse
1647 5108 1692 5173 sit
1713 5121 1791 5175 aute
1812 5127 1916 5193 opere
1936 5121 2084 5177 statuere
2107 5110 2198 5196 quod
2284 5145 2298 5159 -

628 5188 688 5251 sed
705 5187 913 5251 sentiendum·
929 5200 982 5256 est
998 5208 1069 5257 rem
1086 5207 1148 5254 sua
1159 5201 1277 5255 natura
1287 5190 1440 5254 vitiosam
1483 5212 1569 5257 sona
1585 5196 1689 5279 gratis
1707 5191 1840 5277 placeat
1852 5206 1989 5278 propter
2006 5192 2174 5261 christum
2195 5194 2210 5257 1
2233 5215 2297 5279 que

629 5282 662 5335 et
679 5273 812 5358 dignam
833 5291 911 5336 esse
927 5283 1043 5351 morte,
1060 5272 1147 5337 siout
1163 5274 1332 5356 apparebit
1342 5294 1441 5357 quum
1483 5289 1618 5361 propter
1636 5279 1718 5344 duas
1736 5288 1875 5357 causas,
1897 5274 2025 5345 scilieet
2046 5291 2083 5344 ut
2099 5297 2245 5363 persona
2259 5274 2298 5351 ll·

630 5356 713 5421 deus
738 5356 867 5442 rediget
887 5357 1126 5424 immundiciem
1147 5368 1285 5422 naturae
1308 5371 1341 5421 et
1368 5378 1442 5440 per·

629 5437 817 5505 terrefaciet
847 5444 1069 5508 conscientias
1094 5454 1276 5524 conspectu
1303 5442 1441 5507 istorum

630 5524 783 5595 vitiorum
804 5545 890 5609 quae
910 5526 1048 5594 haerent
1069 5528 1106 5595 ,ln
1129 5538 1263 5599 mlum,
1290 5523 1441 5607 videlicet
1484 5546 1532 5605 85)
1549 5542 1732 5616 ισθόφοομα]
1748 5550 1792 5604 Hs.
1808 5551 1981 5617 καθορθομα.

1485 5448 1523 5457 ...-
1528 5448 1688 5459 -ι-
