5859 6734
464 705 529 772 747
1095 703 1203 771 Ptin.
1224 703 1328 770 MEL.
1350 701 1536 771 sctum
1557 700 1832 770 boemanos.
2404 701 2467 769 748

467 913 560 974 esse,
587 907 622 960 et
641 911 702 978 per
723 890 811 957 hunc
832 911 897 956 nos
918 893 995 957 duci
1023 893 1066 956 ad
1088 889 1234 956 Patremr
1278 890 1352 955 Hoc
1375 901 1442 954 sta·
1461 985 1464 990 ⁴
1484 886 1577 961 ham3
1621 886 1695 974 Ego
1728 898 1898 972 protector
1928 898 2004 952 tuus
2037 898 2070 950 et
2102 903 2229 950 merces
2259 899 2321 950 tua
2341 905 2465 975 magns

467 994 560 1046 tuere
593 989 645 1042 est
673 976 811 1100 fiducia,
845 978 887 1040 de
909 997 975 1062 qua
995 974 1167 1061 loquimur.
1211 975 1268 1041 Sic
1291 985 1324 1039 et
1344 973 1440 1040 Rom.
1484 971 1590 1038 valde.
1635 972 1672 1035 ln
1692 971 1756 1076 hae
1779 971 1970 1036 dulcissima
1992 968 2223 1116 consolation?
2244 969 2342 1035 Deus
2364 983 2464 1122 tesz-

414 1211 418 1218 .
467 1058 1443 1293 1.1’.·.Ξ·1.Ἲ·..ξ“151ἔ11111131711ἓὲ
1484 1055 2137 1207 disistit?.{1⁵33.i.¹.'t¹t⁰;..⁸⁰
2152 1056 2464 1224 diffiditis...

468 1251 540 1296 cem
572 1233 769 1295 accedamus
798 1250 872 1293 cum
927 1231 1023 1294 ducis
1054 1229 1097 1294 ad
1128 1227 1283 1293 thronum
1304 1227 1442 1312 gratiae.
1484 1245 1558 1290 nem
1579 1228 1710 1290 intuens
1733 1226 1868 1290 contidit
1889 1224 2059 1290 Abraham
2081 1243 2120 1286 se
2141 1226 2241 1307 recipi
2263 1227 2299 1288 in
2322 1228 2463 1310 gratiam

467 1315 519 1380 Ex
545 1314 611 1381 hoc
633 1316 721 1379 dioto
742 1325 915 1398 utrumque
937 1314 1112 1392 discimus,
1135 1326 1167 1377 et
1189 1313 1334 1397 praecipi
1356 1311 1442 1375 hanc
1484 1311 1556 1375 Dei.
1603 1309 1654 1374 De
1675 1309 1739 1374 hac
1761 1311 1826 1374 tide
1847 1312 1998 1395 igituriii
2022 1309 2154 1373 dicitur:
2187 1307 2384 1393 imputatum
2408 1323 2462 1375 est

469 1398 620 1465 fiduciam
643 1401 675 1462 in
698 1399 924 1476 invocatione,
946 1409 980 1462 et
1001 1396 1099 1462 fidem
1120 1398 1154 1461 in
1176 1394 1335 1463 similibus
1357 1395 1442 1461 iocis
1462 1445 1465 1460 ,
1485 1398 1514 1460 ei
1538 1397 1580 1459 ad
1602 1394 1767 1460 iustitiam.

466 1481 709 1569 iutelligendam
731 1502 809 1547 esse
830 1483 994 1547 fiduciam.
1463 1533 1465 1538 .
1569 1479 1741 1545 Postremo
1764 1478 1908 1544 definitio
1931 1478 2007 1543 fidei
2028 1481 2061 1541 in
2083 1477 2235 1561 Epistola
2253 1480 2297 1543 ad
2313 1478 2459 1542 llebrae·

551 1567 618 1634 Sed
640 1567 714 1632 ideo
736 1563 917 1631 reclamant
938 1565 1039 1644 multi,
1062 1567 1137 1651 quia
1158 1562 1443 1650 huneipsumcul·
1485 1585 1524 1629 os
1546 1575 1697 1643 testatur,
1729 1566 1810 1628 Fide
1842 1562 2022 1649 significari
2055 1563 2226 1641 fiduciam,
2257 1584 2333 1628 curu
2357 1566 2460 1648 inquit

466 1664 534 1718 tum
554 1650 637 1730 Dei,
665 1649 812 1728 scilicet,
834 1651 930 1716 fidem
953 1652 988 1714 in
1008 1652 1218 1715 invocatione
1239 1672 1306 1715 non
1326 1647 1552 1727 intelli-3111,
1575 1650 1635 1728 1.Ἰ;
1679 1650 1777 1714 Fides
1810 1661 1861 1713 est
1891 1648 2055 1722 ὖπὸστασις
2077 1668 2185 1712 rerum
2207 1649 2460 1733 sperandarum

510 1747 558 1816 nt,
579 1747 614 1799 et
632 1738 854 1821 imaginantur
876 1737 1110 1801 dubitationem
1130 1750 1337 1818 perpetuam,
1359 1754 1401 1798 an
1423 1755 1444 1798 a
1463 1743 1466 1812 i
1485 1733 1626 1798 Constat
1647 1737 1730 1799 enim
1752 1737 1805 1812 iis,
1827 1735 1946 1818 quibus
1967 1733 2099 1815 phrasis
2121 1745 2199 1798 nota
2221 1746 2285 1809 est,
2297 1733 2463 1797 ὑπόστασιν

499 1825 541 1885 ed
564 1822 758 1903 recipiamur
779 1831 813 1884 et
835 1821 1059 1899 exaudiamur,
1080 1839 1148 1884 non
1171 1830 1442 1904 essepeccatum.
1463 1845 1466 1908 5
1485 1818 1673 1904 significare
1695 1821 1971 1904 expectationem,
1998 1818 2064 1884 hoc
2086 1830 2153 1895 est,
2186 1817 2344 1883 fiduciam
2367 1837 2462 1902 expe·

465 1903 573 1970 Porro
594 1904 660 1970 hoc
680 1915 855 1988 peccatum
877 1901 976 1990 quale
997 1906 1040 1968 sit
1061 1918 1094 1969 et
1116 1925 1215 1990 quam
1235 1924 1381 1980 nocens,
1410 1905 1444 1968 in
1463 1917 1467 1972 t
1485 1916 1636 1968 etantem.

467 2009 547 2054 vera
568 1987 660 2054 lucta
681 1991 894 2073 conspicitur,
916 2001 950 2054 et
971 1991 1050 2074 quia
1070 1989 1467 2073 abiicitpromissionem¹
1571 1987 1736 2054 Recensui
1758 1991 1946 2053 testimonia
1967 2008 2008 2052 ex
2029 1986 2205 2071 Prophetis
2227 2001 2259 2051 et
2272 1985 2461 2072 Apostolis,

466 2072 543 2152 Dei,
566 2075 675 2158 argrdt
698 2094 772 2138 eum
792 2076 965 2140 mendacii.
1464 2075 1583 2159 ,quaa
1607 2095 1681 2138 cum
1702 2076 1768 2138 sint
1789 2076 1976 2158 perspicua,
1999 2092 2098 2156 spero
2120 2070 2337 2136 satisfactura
2349 2073 2464 2136 dextre

551 2158 627 2223 Aet.
663 2159 713 2222 15.
744 2163 809 2238 [vs.
832 2158 880 2239 9.]
923 2158 1004 2223 Fide
1037 2157 1216 2242 purificans
1250 2160 1363 2223 corda.
1406 2157 1443 2222 st
1464 2160 1715 2223 iudicantibus.
1760 2158 1882 2223 Fateor
1908 2168 2018 2222 autem
2038 2167 2155 2240 postea
2177 2156 2361 2241 plerosque
2383 2160 2462 2222 scri-

469 2245 554 2311 fides
575 2254 702 2310 tantrrm
731 2243 897 2330 significat
918 2244 1083 2321 notitiam,
1117 2242 1225 2329 qualis
1247 2255 1279 2307 et
1301 2245 1335 2306 in
1356 2189 1467 2307 Dae-l

468 2330 619 2397 monibus
642 2341 714 2407 est,
728 2329 794 2393 hoc
818 2331 941 2393 dictum
964 2347 1103 2412 prorsus
1125 2329 1187 2391 erit
1208 2328 1315 2392 inane.
1356 2325 1444 2392 Con·
1462 2297 1467 2365 l
1486 2328 1657 2393 doctrinae
1678 2341 1711 2392 et
1731 2330 1946 2404 insincerum,
1981 2328 2039 2390 sed
2061 2324 2160 2411 aliqui
2183 2328 2384 2394 eruditiores
2406 2346 2461 2392 no-

468 2427 535 2481 stat
556 2425 663 2480 autern
685 2415 719 2476 in
741 2431 781 2477 eo
802 2415 876 2496 ipso
898 2412 975 2478 loco
999 2413 1156 2494 disputari
1179 2413 1220 2475 de
1240 2412 1444 2477 iustificatio-
1487 2414 1613 2478 hiscum
1636 2433 1753 2476 revera
1775 2414 1937 2489 sentiunt,
1972 2413 2033 2475 etsi
2054 2410 2089 2473 hi
2112 2431 2243 2497 quoque
2264 2409 2352 2475 alias
2376 2432 2461 2476 eom·

468 2521 522 2582 ne,
544 2511 576 2564 et
595 2499 728 2583 quidem
751 2499 919 2575 constitui,
940 2499 1030 2582 quod
1052 2516 1118 2560 non
1139 2496 1354 2580 purificentur
1371 2516 1444 2560 cor·
1485 2498 1614 2561 modius
1636 2496 1723 2561 alias
1745 2498 1983 2562 incommodius
2003 2495 2193 2582 loquuntur.

468 2587 511 2650 da
532 2603 593 2671 per
613 2584 767 2647 iustitiam
788 2581 902 2668 Legis,
924 2585 985 2646 sed
1007 2579 1113 2660 aliter,
1135 2579 1300 2660 videlicet,
1322 2585 1350 2646 si
1374 2601 1444 2644 cre·
1570 2581 1607 2645 1ιι
1640 2581 1826 2668 Augustino
1860 2584 1983 2667 passim
2014 2595 2091 2646 suut
2125 2585 2223 2647 obvia
2260 2584 2459 2646 testimonia.

468 2671 547 2734 daut
568 2689 607 2733 se
633 2685 694 2752 per
715 2669 853 2752 gratiam
874 2665 1007 2730 Domini
1030 2668 1133 2730 nostri
1145 2665 1221 2731 lesu
1231 2665 1355 2730 Christi
1378 2663 1444 2728 sal·
1485 2665 1538 2730 De
1558 2668 1675 2750 spiritu
1697 2680 1729 2732 et
1750 2666 1845 2734 litera
1866 2669 1984 2752 inquit:
2006 2666 2057 2730 Ex
2077 2666 2153 2752 lege
2172 2670 2324 2731 timemus
2340 2667 2460 2744 Deum,

467 2755 550 2823 varl-
1486 2751 1551 2815 fide
1573 2749 1780 2836 confugimus
1801 2754 1844 2816 ad
1866 2753 2133 2817 misericordiam.
2177 2752 2276 2817 ltem:
2296 2752 2399 2816 Fides
2417 2752 2460 2817 di-

552 2841 640 2907 Addi
661 2848 772 2925 potest
794 2850 827 2901 et
849 2855 990 2900 acervus
1013 2836 1289 2914 testimoniorum,
1319 2834 1352 2898 in
1375 2834 1443 2918 qui·
1486 2836 1541 2912 eit,
1574 2836 1664 2899 Sana
1684 2838 1824 2900 animam
1845 2858 1966 2916 meam,
1999 2839 2075 2921 quia
2095 2837 2234 2919 pectavi
2255 2838 2324 2900 tibi.
2370 2836 2460 2901 Haec

468 2930 531 2992 bus
554 2921 751 2992 vocabulum
771 2921 848 2986 iidei
869 2923 1002 3005 ponitur
1022 2940 1083 3004 pro
1106 2919 1236 2998 fiducia,
1258 2932 1295 2983 ut
1313 2917 1442 2998 [biatth.
1486 2922 1515 2983 si
1538 2921 1652 2984 dextre
1675 2919 1913 3006 intelligantur,
1935 2942 2003 2984 non
2027 2932 2167 3003 possunt
2187 2922 2251 2985 nisi
2274 2922 2317 2985 de
2339 2920 2459 2986 fiducia

469 3013 522 3092 la,
542 3011 628 3090 284:
672 3009 702 3072 0
733 3005 868 3084 mulier,
899 3025 1020 3090 magna
1052 3015 1104 3068 est
1136 3004 1219 3070 fides
1252 3014 1318 3068 tua.
1362 3003 1442 3066 ltem
1486 3005 1732 3069 misericordiae
1755 3003 1902 3089 intelligi.

467 3096 546 3163 Luc.
570 3096 602 3159 7.
627 3100 690 3171 ivs
712 3093 781 3173 tia]
813 3089 911 3154 Fides
935 3101 991 3154 tua
1013 3086 1139 3153 salvam
1162 3100 1194 3152 te
1215 3087 1303 3154 fecit.
1348 3087 1390 3151 Et
1410 3088 1440 3152 2.
1572 3088 1702 3153 Clau-ior
1724 3102 1776 3154 est
1798 3091 1972 3175 Augustini
1995 3090 2090 3155 locus
2112 3088 2203 3154 Psal.
2227 3088 2278 3154 31.
2301 3088 2364 3162 Qut
2384 3103 2460 3156 sunt

467 3178 575 3246 Paral
596 3179 650 3243 10.
675 3185 739 3257 [vs.
761 3176 828 3254 hil]
873 3174 1021 3252 Credite,
1053 3185 1086 3237 et
1118 3176 1227 3237 securi
1260 3175 1362 3237 eritis.
1407 3171 1443 3236 ln
1486 3174 1598 3239 beati?
1641 3193 1707 3238 non
1730 3174 1793 3259 illi,
1827 3177 1860 3239 in
1882 3176 1999 3260 quibus
2021 3196 2089 3241 non
2109 3177 2251 3241 hrveniet
2270 3187 2458 3258 peccatum,

467 3263 589 3330 talibus
622 3264 718 3328 dictis
744 3259 854 3344 palam
876 3270 1013 3344 apparet
1034 3257 1131 3323 fidem
1154 3260 1267 3324 vocari
1289 3258 1443 3322 fiduciam
1485 3280 1561 3324 nam
1582 3260 1614 3322 in
1637 3261 1787 3324 omnibus
1809 3262 1950 3333 invenit3
1994 3260 2117 3325 Omnes
2136 3264 2222 3326 enim
2236 3272 2459 3344 peccaverunt

467 3359 696 3432 expectantem
727 3367 748 3410 a
767 3345 843 3410 Deo
876 3342 1134 3408 consolationem
1156 3354 1189 3407 et
1220 3341 1386 3419 auxilium,
1410 3353 1443 3406 et
1486 3356 1518 3407 et
1551 3351 1650 3429 egent
1682 3343 1788 3430 gloria
1809 3345 1884 3409 Dei.
1929 3346 1965 3409 Si
1987 3366 2068 3431 ergo
2091 3347 2123 3408 in
2146 3347 2296 3409 omnibus
2315 3357 2460 3427 peccata

468 3433 617 3519 quamvis
639 3432 770 3496 obiecta
790 3440 927 3534 esterna
947 3427 1116 3534 dissimilia
1127 3437 1215 3532 sunt,
1237 3440 1442 3492 tamensem·
1485 3429 1711 3506 invenirmtur,
1744 3445 1906 3509 remanet,
1938 3445 2062 3496 utnon
2084 3432 2149 3496 sint
2172 3429 2357 3507 beati,nisi
2379 3450 2459 3515 quo·

466 3537 698 3667 tttttts
719 3509 1443 3684 ritinliipdlirllillimbi&
1485 3514 2185 3665 tii.5t”tttt.ti?‘0t.⁰tttr.itt.³
2225 3511 2459 3684 {stitit}

468 3683 720 3770 conciliationis.
764 3684 857 3749 'Func
877 3683 988 3748 David
1019 3685 1101 3766 petit
1123 3695 1156 3746 et
1263 3691 1331 3746 ctat
1352 3682 1441 3744 auxi-
1485 3693 1587 3747 tatum
1620 3695 1672 3747 est
1703 3686 1733 3748 ei
1765 3685 1808 3746 ad
1839 3685 2005 3748 iustitiam.
2049 3685 2111 3750 iiic
2139 3697 2229 3749 certe
2250 3684 2457 3771 Augustinus

467 3772 546 3837 lium
566 3771 601 3834 in
621 3767 730 3851 bello,
763 3790 839 3835 cum
864 3770 979 3832 statuit
1001 3788 1039 3831 se
1059 3701 1312 3830 haberffilum
1332 3765 1442 3847 propi·
1486 3766 1584 3831 fidem
1606 3766 1756 3853 intelligit
1777 3767 1947 3846 fiduciam,
1980 3789 2066 3854 quae
2087 3772 2206 3853 accipit
2227 3771 2458 3834 remissionem

467 3858 558 3935 tium,
592 3868 624 3920 et
656 3868 748 3920 tanta
780 3855 926 3920 varietas
949 3863 1161 3914 externorum
1184 3852 1388 3914 obiectorum
1410 3859 1442 3911 et
1485 3862 1708 3940 peccatorum,
1729 3852 1771 3916 Et
1794 3853 1914 3918 dictum
1936 3856 1968 3917 in
1992 3855 2117 3918 Genesi
2140 3851 2295 3920 aePaulo
2318 3873 2456 3938 prorsus

468 3938 689 4025 periculorum
710 3939 808 4004 nohis
828 3937 1001 4020 proposita
1021 3946 1083 4010 est,
1105 3945 1142 3997 ut
1164 3935 1207 3997 sit
1229 3935 1364 3997 occasio
1387 3953 1442 3996 ex·
1486 3933 1646 4020 inteiligit,
1668 3937 1753 4000 sicut
1774 3957 1837 4001 nos
1861 3958 2065 4004 enarramus.

469 4025 632 4092 arcendae
663 4021 740 4088 fidat
771 4031 806 4088 et
837 4017 1102 4104 apprehendendi
1135 4016 1230 4082 simul
1263 4014 1442 4100 spiritualia
1572 4020 1699 4084 Addam
1728 4034 1760 4085 et
1780 4020 1964 4087 Bernhardi
1986 4025 2224 4101 testimonium,
2257 4026 2348 4108 quod
2370 4035 2455 4087 extat

468 4110 640 4188 beneficia,
672 4119 708 4172 ut
738 4103 797 4172 illu
828 4106 902 4189 ipsa
936 4105 1118 4168 communis
1150 4103 1298 4187 precatio
1332 4102 1440 4165 docet.
1470 4105 1697 4170 inconcione
1719 4106 1769 4186 ihi
1794 4109 1835 4172 de
1857 4108 2112 4172 Annuntiatione
2135 4107 2298 4188 illariaei.

468 4198 648 4280 Postquam
669 4194 791 4258 dictum
812 4201 865 4256 est
888 4187 1072 4268 tharrae,
1096 4187 1179 4266 ll.]:
1217 4186 1341 4250 Panem
1362 4206 1442 4270 quo·
1569 4188 1719 4255 Necesse
1742 4203 1792 4256 est
1813 4195 1918 4275 primo
1940 4194 2082 4256 omnium
2105 4195 2260 4269 credere,
2296 4190 2385 4276 quod
2405 4210 2457 4253 re·

469 4283 626 4349 tidiauum
648 4279 692 4343 da
713 4279 811 4342 nobis
832 4274 948 4350 hodie;
971 4272 1050 4337 Mox
1073 4274 1162 4349 [ibid.
1185 4294 1237 4337 vs.
1263 4272 1325 4349 12]
1352 4270 1442 4335 addi·
1484 4274 1672 4338 missionem
1694 4287 1906 4360 peeea‘torum
1927 4276 2050 4341 habere
2075 4299 2142 4342 non
2163 4278 2293 4361 possis,
2312 4277 2378 4340 nisi
2398 4295 2459 4358 per

467 4382 536 4433 turs
556 4363 600 4430 Et
620 4365 748 4429 remitte
769 4362 865 4427 nobis
888 4361 999 4423 debita
1019 4368 1146 4422 nostra.
1180 4357 1322 4505 Fulgleret
1333 4354 1442 4419 Deum
1484 4357 1718 4443 indulgentiam
1729 4358 1805 4437 Dei,
1828 4362 1887 4425 sed
1910 4362 2006 4439 adde,
2027 4375 2062 4427 ut
2085 4365 2203 4428 credas
2227 4361 2348 4438 ethoc,
2370 4361 2457 4445 quod

468 4470 562 4518 mens
582 4452 617 4515 in
642 4449 793 4532 petendis
815 4442 1055 4530 corporalibus
1076 4444 1140 4507 nisi
1161 4445 1222 4506 sim
1279 4459 1442 4526 agnosce-
1484 4466 1544 4528 per
1575 4447 1682 4529 ipsum
1713 4457 1853 4527 peccata
1873 4443 1958 4507 utut
1981 4448 2153 4512 donantur.
2198 4446 2271 4510 Hoc
2293 4456 2346 4511 est
2367 4447 2458 4509 testi·

470 4549 520 4604 ret
540 4535 637 4602 nobis
660 4535 809 4620 ignosci,
842 4549 906 4593 nos
935 4529 1035 4613 recipi
1056 4530 1089 4592 in
1112 4527 1269 4614 gratiam,
1303 4546 1345 4590 ac
1365 4544 1442 4608 pro·
1485 4532 1643 4611 monium,
1677 4532 1765 4615 quod
1792 4529 1943 4613 perhibet
1964 4531 2105 4614 Spiritus
2133 4542 2266 4594 sanctus
2293 4532 2326 4594 in
2357 4531 2459 4595 corde

469 4632 585 4707 pterea
605 4638 670 4683 nos
691 4616 838 4683 exaudiri
860 4626 893 4678 et
913 4615 1027 4678 iuvari.
1486 4627 1543 4680 tuo
1576 4615 1706 4678 dicens:
1737 4613 1886 4679 Dimissa
1917 4628 1995 4679 sunt
2027 4614 2085 4679 tibi
2117 4627 2257 4699 peccata
2288 4628 2356 4680 tua.
2403 4613 2458 4678 Sic

555 4704 606 4772 Ac
629 4703 671 4766 ad
692 4700 925 4788 intelligendas
946 4696 1066 4761 multas
1089 4695 1269 4759 sententias
1290 4690 1369 4758 utile
1392 4705 1444 4757 est
1487 4701 1570 4765 enim
1603 4701 1780 4762 arbitratur
1802 4698 2002 4783 Apostolus,
2037 4702 2140 4787 gratis
2163 4698 2330 4763 iustificari
2355 4698 2458 4763 homi·

470 4789 536 4854 hoc
558 4788 771 4865 considerari,
793 4786 882 4870 quod
904 4783 987 4846 fides
1010 4782 1052 4845 de
1069 4775 1335 4843 reconciliatione
1357 4798 1442 4842 sem·
1487 4803 1560 4846 nern
1581 4802 1641 4867 per
1663 4781 1768 4846 iidem.
1813 4782 1848 4847 ln
1871 4783 1935 4848 hoc
1957 4786 2046 4851 dicto
2068 4785 2245 4870 perspicue
2267 4798 2299 4847 et
2322 4784 2460 4870 proprie

470 4874 602 5022 purello
623 4870 817 5022 praegucegt
836 4867 1047 5018 iapetliffire
1068 4866 1443 5013 {lffioehtffldeeffi
1487 4867 2057 5018 rldrlltutrgssntenll⁰ssc⁰leffmm
2078 4881 2276 5018 npstrarum,
2294 4881 2327 4932 et
2344 4881 2458 4934 extant

576 4978 642 5021 um.
722 4976 752 5019 rc
904 4972 942 5016 ra
1486 4971 1604 5017 sunm
1687 4972 1809 5016 mona
1831 4975 1851 5017 a
1874 4978 1896 5019 u
1963 4975 2028 5019 unc
2048 4975 2111 5019 auc
2127 4974 2224 5018 orem.

505 5061 547 5109 ao
580 5053 614 5106 et
642 5039 854 5126 promissioni
887 4971 1072 5111 credebat,p
1100 5051 1188 5117 quae
1263 5032 1444 5096 steritatem
1571 5031 1714 5098 Basilius
1755 4975 1873 5102 etiamp
1893 5041 2116 5122 propriissime
2154 5042 2269 5102 recitat
2307 5049 2458 5104 nostram

470 5125 706 5216 pollicebatur,
748 5125 809 5188 sed
841 5117 938 5185 simul
969 5119 1173 5204 agnoscebat
1237 5115 1372 5182 braham
1410 5125 1444 5178 et
1487 5119 1680 5186 sententiam
1711 5121 1742 5184 in
1775 5122 1934 5187 concione
1966 5124 2008 5186 de
2028 5122 2217 5188 Humilitate
2247 5119 2299 5184 bis
2326 5125 2459 5188 verbisz

472 5211 661 5280 confidebat
693 5208 756 5272 sibi
777 5226 797 5271 a
816 5203 892 5270 Deo
913 5204 1060 5289 ignosci,
1092 5221 1131 5266 se
1158 5211 1342 5286 quanquam
1363 5199 1444 5262 indi-
1487 5205 1551 5276 Qui
1573 5201 1746 5288 gloriatur,
1778 5208 1811 5271 in
1833 5205 1976 5271 Domino
1999 5205 2172 5293 glorietur,
2202 5208 2332 5285 dicens,
2367 5209 2459 5293 quod

473 5317 574 5387 guum
605 5295 708 5378 recipi
738 5313 759 5356 a
779 5289 855 5354 Deo
886 5309 949 5375 per
968 5288 1225 5352 misericordiam
1252 5296 1388 5368 propter
1407 5280 1444 5346 li·
1487 5288 1638 5355 Christus
1669 5293 1765 5353 nobis
1792 5289 1898 5358 faetus
1920 5294 1963 5356 sit
1983 5294 2144 5375 sapientia
2165 5314 2186 5356 a
2208 5293 2298 5370 Deo,
2333 5294 2461 5360 iustitia

472 5387 660 5449 heratorem
692 5375 889 5462 promissum
927 5375 1084 5456 patribus.
1141 5371 1236 5434 lianc
1268 5387 1345 5432 esse
1379 5367 1444 5430 vim

473 5468 583 5546 verbi,
618 5463 782 5540 Credidit,
816 5457 896 5524 Gen.
924 5457 975 5521 15.
999 5463 1060 5534 [vs.
1084 5455 1127 5536 1.]
1149 5464 1288 5518 testatur
1309 5471 1443 5535 praece-

475 5553 557 5617 deus
578 5549 753 5632 promissio
775 5555 810 5610 et
831 5539 1032 5607 corrourio:
1076 5536 1152 5603 Noli
1174 5539 1305 5613 timere,
1339 5535 1444 5599 Abra·
1485 5550 1532 5612 aa)
1550 5549 1600 5601 nde
1618 5550 1704 5613 tritor]
1721 5549 1793 5602 udttt
1813 5551 1834 5599 ι.
1853 5550 1876 5599 a.
1896 5548 1972 5607 trttm
1987 5548 2038 5598 ute

1485 2255 1609 2327 ptores,
1627 2243 1850 2328 utOrigenem
1874 2243 2021 2319 stelias,
2043 2242 2219 2306 tradidisse
2242 2240 2334 2306 aliud
2358 2261 2461 2326 genus
