5859 6734
463 645 529 712 719
1091 645 1202 712 Plllh.
1220 647 1323 712 blaa.
1344 645 1530 713 SCRIPTA
1545 645 1819 712 DOGMA'l'lGh.
1890 742 1894 748 Ι
2394 647 2461 714 Μ

466 834 505 902 in¹
523 831 710 900 hominibus
728 831 868 895 secruds
900 830 994 896 Sicut
1009 829 1188 896 aitPaulus
1212 831 1319 912 [Rom.
1332 831 1439 910 7,9.1=
1484 830 1710 916 inEvaugelio
1732 833 1794 896 tria
1816 831 1955 898 consilia
1976 833 2071 911 tradi,
2094 834 2134 896 de
2155 853 2220 898 non
2244 835 2456 916 vindicando,

467 915 543 1002 Ego
563 913 739 1002 aliquando
763 916 916 980 vivebam
925 917 999 979 sine
1010 913 1114 1002 Lege,
1134 916 1169 980 id
1190 929 1254 996 est,
1276 936 1367 982 eram
1389 936 1440 980 se·
1484 919 1526 982 de
1548 917 1736 982 desertione
1757 915 1951 982 facultatum
1973 935 2035 982 seu
2057 918 2098 981 de
2116 931 2323 1001 paupertate,
2346 922 2457 1004 utipst

468 1019 581 1080 curus,
603 1019 671 1064 non
693 1003 841 1065 sentiens
862 1001 1015 1065 iudicium
1036 1000 1115 1078 Dei,
1137 1011 1257 1085 postea
1277 1013 1439 1086 perterre·
1482 1001 1673 1087 loquuntur,
1695 1013 1728 1064 et
1749 1001 1790 1065 de
1811 1003 2006 1088 vlrglnltate.
2051 1002 2202 1086 Longum
2228 1015 2337 1068 autem
2364 1017 2457 1070 esset

468 1083 576 1150 factus
608 1087 730 1170 agnovi
770 1082 1022 1150 imbecillitatem
1057 1105 1165 1150 meam
1197 1098 1229 1151 et
1258 1107 1333 1151 mea
1363 1106 1441 1170 pec·
1484 1106 1598 1151 omnes
1621 1103 1753 1149 errores
1782 1105 1974 1164 recensere,
2004 1088 2060 1172 qui
2087 1088 2120 1149 in
2149 1085 2212 1149 hoc
2241 1085 2456 1154 deliramento

468 1181 543 1234 cata
565 1181 629 1234 etc.
671 1170 793 1234 Habuit
819 1169 907 1234 huno
926 1191 1024 1234 usum
1044 1169 1117 1234 Lex
1138 1173 1172 1236 in
1193 1170 1339 1248 Davide,
1366 1191 1441 1236 cum
1484 1172 1708 1245 continentum
1741 1171 1901 1256 attingam
1929 1172 2029 1256 igitur
2056 1173 2265 1254 praecipuos.
2308 1169 2458 1238 Primum

469 1255 664 1340 obiurgatus
682 1277 703 1318 a
723 1252 891 1338 Propheta
906 1267 1042 1339 propter
1063 1255 1256 1322 adulterim
1277 1267 1440 1339 perterre·
1483 1253 1687 1338 deploranda
1697 1264 1748 1316 est
1760 1257 1916 1333 coecitas,
1934 1257 2022 1340 quod
2033 1257 2083 1320 sic
2101 1267 2317 1321 extenuarant
2328 1255 2455 1343 Legem

466 1337 573 1404 lieret.
606 1340 758 1424 Denique
780 1341 944 1416 contritio,
965 1360 1065 1424 quam
1085 1341 1136 1406 sic
1157 1353 1291 1417 vocant,
1312 1340 1346 1405 in
1361 1359 1440 1423 poc-
1482 1338 1558 1418 Dei,
1580 1351 1616 1403 ut
1637 1338 1879 1404 mendicitatem
1908 1353 1964 1404 aut
1990 1339 2095 1404 simile
2121 1362 2205 1423 opus
2235 1363 2301 1406 non
2320 1343 2454 1406 manda·

468 1424 607 1488 nitentia
639 1426 685 1488 ita
719 1423 809 1488 clare
836 1422 975 1510 intelligi
990 1434 1112 1508 potest,
1145 1429 1174 1489 si
1196 1427 1340 1490 sciamus
1369 1444 1440 1488 eam
1482 1435 1549 1488 tum
1571 1425 1759 1488 ornaverint
1779 1425 1956 1488 maioribus
1979 1425 2092 1502 titulis,
2114 1446 2212 1509 quarn
2227 1425 2347 1511 Legem
2368 1428 2452 1490 divi·

468 1506 656 1576 huiusmodi
684 1528 784 1573 veros
813 1521 960 1572 terrores
988 1528 1077 1574 esse.
1120 1511 1189 1576 Sed
1214 1510 1366 1574 addenda
1390 1519 1441 1573 est
1482 1531 1573 1586 nam,
1608 1529 1682 1573 cum
1710 1506 1836 1572 nullum
1866 1529 1950 1592 opus
1981 1513 2119 1595 cogitari
2147 1512 2188 1574 ab
2211 1508 2279 1574 ulla
2301 1515 2452 1574 creatura

469 1613 538 1657 vox
558 1591 739 1677 Evangelii,
763 1612 850 1738 puae
870 1604 1032 1659 monstrat
1053 1615 1174 1680 agnum
1189 1594 1253 1659 Dei
1275 1593 1441 1658 tollentem
1482 1596 1587 1658 maius
1604 1593 1727 1740 possit,
1749 1614 1846 1740 ‹Bram
1869 1596 1957 1678 quod
1979 1596 2012 1656 in
2033 1595 2138 1678 primo
2161 1606 2337 1678 praecepto
2358 1593 2401 1658 ssa
2427 1597 2453 1644 ‘-

466 1688 607 1762 peccata
627 1699 669 1742 ac
690 1697 768 1741 reve
783 1691 817 1740 at
837 1677 1089 1743 inenarrabilem
1098 1680 1356 1744 misericordiam
1366 1676 1439 1753 Dei,
1481 1689 1583 1743 taturz
1638 1676 1732 1762 iligas
1788 1681 1930 1742 ominum
1939 1676 2048 1742 Deum
2070 1691 2158 1742 tuum
2182 1701 2222 1743 ex
2245 1692 2315 1744 toto
2339 1700 2381 1744 co
2423 1699 2454 1743 e.

467 1762 524 1845 qui
548 1783 622 1827 cum
643 1783 724 1828 vere
745 1763 909 1826 irascatur
921 1775 1072 1846 peccato,
1092 1765 1214 1829 iudicat
1225 1765 1354 1849 quidem
1365 1781 1440 1847 pec·
1480 1763 1611 1827 Deinde
1638 1763 1678 1826 de
1707 1759 1909 1845 perfectione
1930 1761 2032 1828 multa
2061 1765 2103 1829 ab
2127 1766 2174 1828 eis
2198 1766 2342 1830 absmda
2364 1765 2456 1828 dicta

465 1855 599 1925 catum,
641 1848 702 1910 sed
744 1859 853 1910 tamen
898 1845 968 1911 vult
1009 1846 1151 1913 liberare
1195 1850 1368 1914 credentes
1406 1847 1440 1910 in
1483 1863 1571 1912 sunt.
1614 1846 1791 1910 Praeterea
1813 1845 1899 1911 falso
1921 1860 2036 1930 putant
2058 1846 2163 1933 legem
2178 1849 2241 1912 Dei
2264 1861 2389 1913 tanturn
2412 1851 2456 1913 de

467 1927 591 2008 lilium,
630 1952 726 2016 quem
764 1928 844 1996 lecit
875 1933 1049 1998 victimam.
1113 1933 1191 1998 ldeo
1225 1931 1350 1997 Paulus
1393 1933 1440 1995 in·
1482 1945 1617 1998 externa
1638 1928 1811 2014 disciplina
1832 1935 2034 2012 concionari,
2055 1946 2092 1998 ut
2114 1933 2177 1996 bac
2199 1931 2289 2018 lege:
2310 1934 2387 1998 Non
2400 1955 2456 1998 oc·

467 2016 538 2162 pult
569 2019 685 2080 terreri
710 2034 788 2092 nos,
821 2036 888 2079 non
920 2028 956 2080 ut
987 2037 1179 2101 pereamus,
1211 2019 1273 2082 sed
1299 2029 1335 2081 ut
1362 2036 1440 2080 con·
1483 2017 1592 2094 cidas,
1624 2013 1794 2101 prohiberi
1821 2017 1973 2081 iniustam
2003 2021 2152 2094 caedem,
2185 2038 2252 2081 non
2284 2015 2455 2100 prohiberi

481 2101 633 2186 ugiamus
673 2101 717 2165 ad
747 2100 963 2165 blediatorem
1001 2099 1109 2178 [Rom.
1143 2103 1200 2181 ll,
1232 2101 1316 2181 321:
1354 2099 1440 2165 Con·
1481 2103 1641 2203 privatam
1663 2101 1871 2184 cupiditatem
1893 2103 2073 2180 vindictae,
2104 2100 2384 2179 malevolentiam,
2407 2104 2455 2165 in·

469 2183 570 2250 clusit
587 2205 701 2250 omnes
724 2186 787 2248 sub
809 2197 961 2267 peccato,
982 2196 1019 2249 ut
1040 2188 1183 2251 omnium
1199 2189 1402 2251 misereatur.
1482 2198 1569 2250 rusta
1590 2187 1666 2250 odia
1687 2196 1720 2248 et
1741 2185 1866 2250 similes
1882 2186 2018 2250 affectus
2036 2189 2185 2252 vitiosos.
2219 2185 2374 2252 Christus
2396 2187 2456 2270 igi·

555 2267 666 2334 'lertio
689 2271 856 2354 quaeritur
878 2271 919 2334 de
939 2289 1005 2334 usu
1014 2269 1119 2377 Legis
1139 2274 1173 2336 in
1195 2273 1330 2336 renatis.
1352 2269 1440 2343 Qua·
1481 2281 1534 2334 tur
1551 2269 1668 2335 Mattb.
1691 2269 1722 2332 5.
1747 2277 1830 2347 [vss.
1852 2271 1894 2333 tl
1912 2276 1978 2355 sq.]
2001 2270 2090 2337 hunc
2107 2292 2254 2336 errorem
2276 2269 2455 2354 reprehen-

469 2369 569 2422 tenus
590 2367 701 2419 autem
728 2357 834 2418 renati
863 2364 896 2418 et
918 2354 1083 2419 iustificati
1111 2355 1177 2422 fide
1205 2359 1270 2420 sint
1297 2354 1391 2419 liben'
1419 2374 1440 2417 a
1483 2357 1540 2434 dit,
1562 2376 1603 2419 ac
1625 2356 1734 2433 docet,
1756 2354 1848 2440 Lege
1857 2354 1923 2419 Dei
1943 2358 2104 2443 integram
2126 2369 2159 2420 et
2172 2354 2352 2441 perfectam
2376 2358 2455 2419 obe·

469 2441 576 2526 hege,
598 2440 771 2504 dicendum
794 2451 846 2504 est
869 2459 931 2504 suo
953 2437 1039 2504 loco.
1085 2440 1171 2505 Sunt
1199 2444 1286 2506 enim
1311 2439 1441 2504 liberati
1483 2442 1636 2504 dientiam
1665 2452 1698 2504 et
1719 2441 1839 2504 iustum
1860 2443 2007 2505 ordinem
2029 2443 2149 2525 requiri
2172 2442 2314 2506 omniurn
2336 2442 2454 2504 virium

469 2525 618 2608 abege,
646 2524 767 2601 idest,
801 2545 823 2587 a
848 2521 1078 2590 maledictione
1099 2537 1131 2590 et
1154 2527 1359 2590 damnatione
1380 2544 1441 2588 seu
1482 2524 1623 2588 bominis
1645 2527 1879 2591 interiorumet
1897 2527 2096 2590 exteriorum
2106 2527 2289 2599 actionum;
2311 2527 2455 2609 ideoque

468 2610 510 2674 ah
534 2611 585 2674 ira
604 2606 679 2685 Dei,
702 2627 788 2692 quae
805 2610 835 2672 in
848 2607 942 2693 Lege
962 2629 1024 2690 pro
1069 2612 1169 2688 nitur,
1191 2609 1331 2686 scilicet,
1353 2610 1382 2672 si
1403 2607 1440 2671 li·
1483 2607 1557 2694 lege
1585 2611 1715 2674 ostendi
1744 2622 1777 2674 et
1799 2611 1944 2674 damnari
1965 2623 2103 2675 naturae
2133 2608 2295 2674 humanae
2318 2613 2453 2674 immun·

470 2695 545 2758 dam
567 2694 709 2756 retinent
736 2705 770 2756 et
790 2692 910 2758 fiducia
932 2690 988 2756 filli
1044 2695 1280 2779 eirepugnant
1301 2704 1440 2777 peccato
1482 2696 1602 2759 ditiem.
1647 2694 1758 2768 Quare
1787 2706 1819 2758 et
1841 2714 1967 2776 poenas
1989 2695 2080 2759 addit
2101 2696 2140 2758 de
2162 2696 2316 2758 interiore
2344 2695 2454 2777 pravi·

469 2790 503 2843 et
520 2779 655 2842 vincunt
677 2788 823 2842 terrores
844 2779 983 2860 peceati.
1017 2777 1149 2843 lnterim
1171 2791 1280 2842 tamen
1292 2777 1441 2842 docenda
1482 2789 1565 2842 tate:
1598 2777 1661 2850 Qui
1682 2781 1833 2843 irascitur
1854 2776 1946 2842 fratri
1971 2800 2033 2843 suo
2057 2777 2191 2857 frustra,
2224 2800 2302 2843 reus
2326 2779 2387 2843 erit
2409 2780 2454 2843 iu·

468 2875 522 2928 est
532 2861 617 2939 Lea,
639 2880 724 2946 quae
734 2860 890 2946 reliquias
900 2862 1027 2943 peccati
1049 2863 1235 2942 indicat,¹¹)
1256 2874 1293 2926 ut
1311 2872 1441 2926 crescat
1483 2864 1568 2927 dicii.
1615 2864 1711 2927 ltem=
1734 2865 1868 2941 Omnis,
1891 2866 1946 2947 qui
1969 2865 2057 2949 videt
2078 2863 2245 2928 mulierem
2267 2865 2310 2928 ad
2332 2883 2454 2927 concu-

467 2947 591 3032 agnitio
612 2947 741 3028 peccati
763 2958 797 3010 et
816 2947 1026 3030 poenitentia,
1049 2958 1083 3010 et
1104 2946 1203 3011 simul
1224 2959 1321 3011 sonet
1333 2946 1441 3010 Evan·
1482 2949 1675 3030 piscandum
1703 2967 1792 3025 earn,
1824 2949 1888 3010 iarn
1916 2947 2109 3012 moechatus
2137 2962 2195 3012 est.
2250 2947 2341 3013 llaec
2364 2949 2453 3012 dicta

469 3030 592 3118 galium
614 3032 656 3094 de
669 3029 813 3109 Christo,
836 3043 872 3096 ut
894 3041 1024 3094 crescat
1044 3031 1139 3095 fides.
1183 3033 1275 3109 ltem,
1296 3032 1368 3095 Lex
1389 3049 1441 3093 re·
1482 3053 1549 3096 non
1572 3045 1648 3097 sunt
1670 3031 1804 3097 Stoicae
1824 3030 2044 3116 hyperbolae,
2077 3046 2114 3096 ut
2141 3030 2233 3096 multi
2255 3034 2454 3110 existimant,

467 3117 554 3182 natis
574 3117 650 3180 ideo
673 3117 887 3199 proponenda
910 3126 979 3193 est,
1010 3127 1045 3179 ut
1072 3117 1192 3180 doceat
1213 3127 1304 3180 certa
1326 3135 1439 3199 opera,
1483 3137 1567 3201 quae
1589 3128 1714 3182 tantum
1741 3127 1835 3180 erant
1864 3118 1993 3181 otiosae
2015 3120 2248 3201 cogitationes,
2275 3136 2357 3202 quae
2385 3135 2451 3180 nec

467 3202 501 3266 in
533 3202 652 3284 quibus
684 3199 779 3266 Deua
816 3197 887 3264 vult
923 3219 987 3264 nos
1019 3221 1176 3265 exercere
1212 3201 1439 3265 obedientiam·
1482 3203 1645 3266 actionem
1673 3204 1706 3265 in
1736 3203 1804 3265 vita
1830 3220 1893 3265 nec
1921 3203 2001 3265 iram
2022 3202 2087 3266 Dei
2109 3202 2354 3287 significabant,
2386 3201 2450 3264 sed

466 3285 544 3350 Non
565 3287 651 3350 eninr
672 3283 743 3350 vult
763 3283 932 3350 nosDeus
952 3297 1068 3349 nostro
1090 3283 1229 3350 consilio
1249 3286 1440 3370 excogitare
1483 3285 1566 3353 haec
1588 3289 1676 3353 dicta
1697 3284 1821 3350 Christi
1842 3297 2004 3351 testantur
2024 3286 2132 3352 Deum
2153 3306 2233 3351 vere
2256 3287 2355 3350 irasci
2376 3306 2452 3370 pra·

467 3390 571 3454 opera
592 3381 648 3434 ant
670 3368 798 3444 cultus;
820 3371 879 3432 sed
895 3367 967 3433 vult
986 3391 1050 3433 nos
1071 3372 1175 3435 verbo
1197 3372 1354 3456 suoregi,
1376 3371 1440 3432 sic·
1482 3375 1574 3436 vitati
1590 3369 1730 3436 naturali
1742 3372 1892 3448 bominis,
1915 3390 2052 3455 eamque
2069 3391 2148 3435 vere
2169 3383 2341 3454 peccatum
2364 3390 2451 3434 esse.

465 3465 504 3522 ιιι
523 3456 685 3538 scriptum
706 3463 759 3517 est
797 3453 916 3533 [Marc.
938 3453 971 3531 7,
989 3455 1050 3535 7.]:
1089 3455 1227 3519 Frustra
1254 3453 1367 3518 colunt
1388 3473 1440 3517 me
1483 3458 1584 3542 ldque
1601 3477 1641 3522 eo
1664 3457 1792 3532 dicitur,
1815 3466 1851 3520 ut
1871 3452 2092 3542 intelligamus
2103 3475 2167 3519 nos
2179 3477 2246 3519 non
2257 3453 2453 3520 satisfacere

466 3539 630 3604 mendatis
651 3535 829 3602 hominum.
872 3539 952 3602 ltem
982 3537 1118 3618 [Psalm.
1144 3539 1217 3617 118,
1241 3538 1344 3618 1⁰54:
1373 3537 1439 3602 Lu·
1482 3540 1558 3627 legi,
1581 3553 1613 3607 et
1634 3541 1856 3626 quaerendam
1879 3560 1954 3604 esse
1974 3542 2248 3618 misericordiam,
2276 3551 2309 3605 et
2339 3537 2452 3605 confu-

467 3643 570 3688 cerna
588 3621 728 3708 pedibus
749 3623 832 3688 meis
854 3625 992 3688 verbum
1014 3636 1105 3688 tuum
1126 3635 1188 3689 ete.
1222 3621 1264 3686 Et
1285 3625 1369 3687 ratio
1381 3623 1439 3688 hu·
1481 3629 1635 3712 giendum
1657 3629 1701 3690 ad
1722 3627 1946 3691 Mediatorem.

465 3729 565 3774 anana
597 3729 673 3772 cum
689 3727 772 3772 ·non
793 3709 918 3793 regitur
948 3710 1053 3773 verbo
1074 3708 1150 3787 Dei,
1178 3705 1277 3772 facile
1298 3709 1438 3772 deerrat.

465 3793 606 3878 Rapitur
625 3794 712 3858 enirn
733 3793 844 3874 pravis
867 3794 1117 3876 cupiditatibus,
1149 3804 1184 3857 ut
1211 3795 1373 3873 approbet
1393 3794 1440 3856 vi·

466 3879 556 3944 tioae
583 3897 701 3960 opera,
734 3888 770 3942 ut
797 3888 936 3960 apparet
962 3879 996 3940 in
1022 3876 1173 3943 Ethnicis
1199 3875 1342 3960 legibus.
1385 3876 1438 3941 Ac
1788 3877 1848 3942 DE
1870 3876 2089 3941 VlNDlUl'A.
2103 3880 2143 3952 ¹²)

467 3973 577 4026 manet
597 3957 809 4026 immutabilis
831 3961 994 4024 ordinatio
1016 3961 1136 4038 divina,
1164 3972 1200 4024 ut
1221 3960 1294 4025 Deo
1317 3964 1440 4026 obtem·

466 4065 630 4129 petemus.
674 4044 752 4108 ldeo
774 4045 837 4108 etsi
860 4042 989 4108 liberati
1011 4065 1126 4109 sumus
1141 4044 1266 4132 aLege
1288 4043 1440 4109 videlicet
1566 4044 1720 4110 Ceterum
1741 4043 1807 4109 loci
1830 4047 1871 4111 de
1893 4047 2052 4124 vindicta,
2073 4047 2262 4130 ubicunque
2283 4043 2447 4130 leguntur,

465 4151 487 4196 a
508 4129 727 4208 damnatione,
794 4129 827 4192 ia
847 4128 926 4192 iusti
947 4149 1062 4194 sumus
1084 4129 1149 4194 lide
1169 4143 1304 4215 propter
1322 4125 1438 4194 Filium
1482 4141 1559 4195 sunt
1579 4150 1680 4215 praec
1723 4141 1774 4204 ta3
1796 4134 1856 4195 sed
1876 4130 1931 4195 alii
1952 4133 2190 4195 concionantur
2203 4131 2449 4214 magistratibus

465 4214 540 4294 Dal,
560 4225 670 4280 tantan
691 4233 757 4298 quo
801 4214 845 4276 ad
866 4213 1084 4279 obedientiam
1095 4217 1220 4294 attinet,
1236 4227 1347 4278 manet
1356 4213 1439 4291 Lex,
1482 4218 1523 4281 de
1544 4214 1666 4294 officio,
1722 4217 1742 4277 'i
1763 4212 1941 4298 loquuntur
1964 4218 2005 4279 de
2025 4218 2154 4300 pn'vata
2176 4216 2330 4291 vindicta,
2352 4212 2450 4280 male·

467 4297 633 4377 videlicet,
677 4300 733 4364 uia
752 4308 864 4362 manet
886 4299 1048 4365 ordinatio
1069 4300 1195 4378 divbra,
1218 4310 1254 4364 ut
1275 4297 1440 4364 iustificati
1482 4300 1624 4366 volentia
1646 4312 1678 4363 et
1700 4301 1895 4383 perniciosis
1917 4304 2163 4376 certaminibus,
2188 4319 2272 4384 quae
2301 4303 2451 4365 on'untur

466 4383 621 4452 obediant
682 4403 739 4459 eo;
772 4394 805 4448 et
832 4384 962 4468 quidem
999 4385 1122 4450 habent
1149 4384 1334 4449 inchoatam
1362 4388 1440 4450 obe-
1481 4385 1676 4470 praesertim
1704 4386 1736 4448 in
1766 4386 1898 4448 acribus
1921 4396 1953 4447 et
1975 4384 2222 4449 vehementibus
2245 4387 2387 4469 ingeniis
2409 4405 2450 4450 ex

466 4470 632 4554 dientiam,
649 4489 735 4554 quae
756 4471 921 4553 quomodo
939 4470 1081 4551 placeat,
1104 4490 1167 4535 suo
1188 4468 1265 4535 loco
1282 4470 1438 4534 dicemus.
1482 4471 1656 4556 cupiditate
1678 4470 1858 4548 vindictae,
1885 4480 1921 4532 ut
1942 4472 2066 4534 exarsit
2086 4473 2119 4534 in
2140 4468 2264 4545 Mario,
2285 4470 2319 4531 in
2341 4467 2450 4555 Sylla,

467 4553 559 4620 llaec
592 4555 634 4618 de
667 4554 785 4638 triplici
821 4574 884 4618 usu
906 4553 1008 4640 Legis
1035 4557 1116 4620 satis
1143 4557 1186 4619 sit
1205 4556 1357 4619 breviter.
1369 4575 1438 4618 mo·
1480 4558 1513 4619 in
1536 4555 1572 4620 G.
1596 4554 1751 4637 Caesare,
1769 4556 1803 4618 in
1824 4553 1980 4636 Pompeio
1998 4555 2177 4619 iracundia.
2222 4554 2264 4618 Et
2286 4554 2318 4615 in
2333 4553 2451 4618 Eccle-

467 4639 598 4712 nulase3
622 4659 698 4703 nam
720 4640 762 4704 de
783 4640 932 4706 secundo
954 4652 987 4705 et
1009 4643 1107 4706 tertio
1123 4659 1191 4706 ‘usn
1211 4636 1298 4704 infra
1319 4657 1437 4703 rursus
1482 4642 1532 4705 sia
1548 4661 1615 4705 non
1636 4640 1742 4704 minus
1765 4651 1817 4704 est
1838 4636 2072 4722 exemplorum,
2094 4660 2190 4724 quam
2212 4641 2247 4702 in
2268 4640 2387 4702 ceten‘s
2400 4658 2450 4701 re-

465 4721 600 4788 dicatur.
1482 4726 1568 4812 gnis.
1622 4721 1717 4787 Multi
1749 4719 1978 4786 malevolentia
2014 4735 2046 4786 et
2079 4724 2253 4807 cupiditate
2286 4724 2451 4787 vindictae

580 4827 597 4852 ··
1480 4818 1652 4874 moverant
1672 4809 1818 4892 ingentia
1839 4809 2028 4888 certamina,
2049 4819 2086 4872 ut
2106 4810 2147 4872 de
2157 4809 2238 4872 Ario
2260 4808 2450 4873 nominatim

1481 4896 1645 4958 scribitur.
1689 4891 1919 4956 Discernenda
1952 4905 2002 4957 est
2036 4895 2133 4980 igitur
2166 4895 2320 4957 vindicta.
2372 4891 2449 4954 Alia

487 4973 552 5044 DE
580 4973 836 5042 DlSCRlMlNE
865 4973 1169 5040 consulebam
1201 4973 1257 5039 ΕΤ
1285 4973 1415 5039 PRAE-
1481 4990 1534 5042 est
1559 4974 1707 5060 publica,
1740 4997 1824 5060 quae
1856 4979 1900 5040 sit
1930 4981 2083 5042 mandato
2105 4978 2169 5042 Dei
2197 5000 2217 5042 a
2243 4979 2448 5062 magistratu.

827 5057 1077 5126 carrorum.
1479 5062 1533 5125 De
1554 5062 1617 5125 hac
1638 5061 1757 5125 dicitur
1777 5060 1872 5126 Rom.
1898 5063 1947 5127 13.
1982 5068 2047 5143 [vs.
2074 5063 2119 5142 4.]
2152 5062 2282 5127 Vindex
2303 5064 2345 5125 ad
2367 5063 2448 5125 iram

557 5201 560 5208 .
1479 5144 1706 5211 malefacienti.
1750 5146 1821 5210 Nec
1850 5149 1983 5212 dubium
2010 5159 2077 5224 est,
2109 5150 2333 5233 magistratum
2357 5167 2449 5210 man-

508 5279 511 5284 -
547 5233 689 5300 ‚Inachia
713 5231 857 5295 iustitiae
888 5229 965 5293 fidei
989 5228 1113 5294 multos
1140 5248 1271 5293 errores
1298 5229 1435 5310 peperit.
1479 5231 1555 5295 dato
1568 5230 1678 5293 divino
1691 5233 1777 5315 cogi,
1794 5235 1952 5315 utpuniat
1969 5229 2097 5296 delicta.
2129 5233 2182 5296 Ac
2200 5235 2305 5296 sciant
2319 5233 2449 5316 utrique

467 5319 675 5386 directam
695 5316 840 5380 manavit
859 5315 1047 5398 imaginatio
1057 5334 1183 5392 eorum,
1206 5311 1437 5397 quilinxerunt
1478 5334 1515 5377 se
1538 5316 1659 5379 debere
1671 5317 1886 5381 obedientiam
1897 5317 1989 5380 Deo:
2012 5317 2223 5401 Magistratus
2246 5321 2358 5400 puniat
2380 5336 2447 5381 non

463 5433 656 5468 ...Δ-..οφ-

468 5505 519 5571 att·
531 5504 647 5572 indicta]
667 5501 741 5557 adm.
761 5502 850 5553 1-10,
869 5502 909 5549 ιι.
926 5501 1027 5564 iudicat,
1480 5503 1524 5566 ta)
1542 5504 1692 5566 Inscriptio
1708 5504 1777 5557 daec
1794 5506 1873 5557 adeat
1888 5505 1924 5557 ab
1940 5503 2013 5556 edttt
2033 5506 2105 5552 1-4.
2124 5503 2148 5552 6.
2167 5506 2190 5552 7.
2210 5507 2234 5555 9.
2255 5506 2295 5553 12.
