5859 6734
544 667 611 734 659
678 727 681 732 .
1176 663 1287 730 PHIL.
1309 663 1412 732 nm.
1433 663 1621 734 sctum
1641 664 1916 735 hostiarios
2471 667 2539 736 660

463 907 465 912 ⁴
546 865 615 932 est,
643 855 739 918 etab
762 853 962 918 hocerrore
982 864 1110 918 mentes
1131 853 1347 916 abducendus
1368 863 1464 930 sunt,
1486 863 1519 918 et
1559 855 1752 938 recipiatur,
1780 856 1906 933 idest,
1934 874 2074 921 neeesse
2096 868 2148 919 est
2170 855 2315 941 aliquam
2337 874 2416 919 esse
2431 859 2535 921 actio-

546 939 728 1016 docendae,
749 958 851 1023 agere
867 936 990 1023 aliquid
1006 935 1144 1002 liberum
1160 938 1339 1002 arbitrium.
1372 933 1523 1016 Pharao,
1558 959 1635 1006 uem
1647 937 1838 1005 dissimilem
1851 942 1885 1003 in
1896 940 1948 1004 his
1960 941 2100 1005 duobus.
2133 939 2224 1004 Haec
2238 942 2353 1005 dextre
2365 939 2536 1007 intellecta

545 1019 639 1101 Saul,
662 1043 730 1087 nou
752 1026 878 1100 coacti,
901 1026 961 1088 sed
982 1022 1132 1089 volentes
1155 1036 1188 1087 et
1208 1020 1313 1086 libere
1333 1033 1519 1110 repugnant
1559 1044 1641 1090 vera
1662 1036 1750 1102 sunt,
1773 1037 1806 1090 et
1827 1045 1908 1090 usus
1930 1027 1963 1088 in
1979 1025 2140 1089 exercitiis
2158 1025 2233 1090 iidei
2248 1037 2281 1088 et
2298 1027 2332 1091 in
2353 1046 2437 1090 vera
2456 1047 2535 1092 con·

544 1106 633 1184 Deo,
655 1110 752 1172 toties
770 1120 836 1173 tarn
852 1107 992 1175 illustria
1007 1109 1194 1174 testimonia
1211 1128 1293 1172 suae
1308 1109 1519 1193 praesentiae
1560 1108 1742 1188 solatione,
1775 1131 1849 1175 curn
1877 1112 2092 1194 acquiescunt
2120 1111 2218 1173 animi
2247 1113 2278 1173 in
2293 1113 2339 1193 ⁸⁰)
2374 1109 2443 1174 filio
2472 1111 2535 1176 Dei

546 1193 743 1262 ostendenti.
1260 1241 1262 1245 ι
1333 1217 1336 1222 ·
1559 1207 1743 1260 monstrato
1770 1197 1804 1259 in
1824 1197 2060 1279 promissione,
2093 1191 2269 1258 illustrabit
2290 1192 2376 1258 hanc
2399 1194 2536 1280 copula·

628 1279 704 1348 Nec
740 1280 928 1344 admittendi
966 1291 1043 1343 sunt
1074 1276 1344 1344 Manichaeorum
1358 1274 1518 1356 inroras,
1558 1283 1680 1344 tionem
1708 1300 1920 1357 caussarum,
1952 1281 2046 1345 verbi
2074 1278 2155 1357 Dei,
2193 1279 2338 1363 Spiritus
2366 1284 2473 1346 sancti
2502 1295 2535 1345 et

547 1363 603 1449 qui
622 1362 749 1449 fingunt
769 1363 910 1449 aliquem
931 1384 1008 1428 esse
1028 1385 1197 1430 numerum
1217 1364 1400 1442 hominum,
1433 1381 1517 1449 quos
1561 1363 1751 1431 voluntatis
1764 1367 1812 1448 27)

546 1461 670 1514 vocant
689 1449 805 1522 iiuada
826 1455 878 1512 xci
897 1449 1025 1532 χοϊκούς,
1048 1452 1104 1536 qui
1125 1451 1273 1515 converti
1294 1469 1361 1513 non
1378 1450 1517 1533 possint.
1645 1449 1825 1514 Praeterea
1856 1452 1886 1514 si
1918 1451 1960 1512 de
1992 1458 2061 1513 tota
2095 1451 2162 1514 vita
2194 1453 2320 1533 piorum
2348 1451 2534 1537 loquamur,

545 1533 620 1598 Nec
647 1532 683 1602 fit
711 1536 886 1600 conversio
914 1535 948 1600 in
968 1533 1115 1613 Davidc,
1146 1546 1184 1599 ut
1208 1537 1237 1598 si
1258 1531 1343 1620 lapis
1364 1535 1399 1597 in
1421 1534 1519 1598 ficum
1561 1538 1624 1601 etsi
1646 1547 1698 1599 est
1718 1537 1836 1620 ingens
1858 1530 2082 1611 imbecillitas,
2105 1549 2212 1598 tamen
2231 1534 2340 1621 aliqua
2361 1550 2413 1602 est
2431 1535 2536 1603 liber·

546 1629 746 1694 verteretur3
780 1621 841 1684 scd
867 1641 887 1684 a
913 1621 938 1684 ‘t
971 1618 1094 1705 aliquid
1122 1619 1261 1684 liberum
1287 1621 1457 1684 arbitrium
1485 1620 1518 1683 in
1560 1633 1612 1686 tas
1638 1618 1835 1698 voluntatis,
1868 1639 1941 1682 oum
1969 1620 2100 1702 quidem
2125 1623 2189 1684 iam
2216 1642 2236 1684 a
2264 1621 2387 1705 Spiritu
2415 1635 2538 1687 saneto

546 1701 692 1786 Doride,
727 1726 802 1768 curn
828 1707 894 1770 aud
905 1706 962 1769 vit⁴
979 1706 1242 1792 obiurgationem
1270 1716 1303 1769 at
1330 1705 1519 1788 promissio·
1561 1709 1733 1771 adiuvetur
1762 1717 1795 1769 et
1820 1725 1922 1792 agere
1945 1702 1988 1768 ali
2012 1704 2068 1767 uid
2089 1706 2122 1768 in
2145 1703 2286 1769 externis
2309 1704 2458 1790 lapsibus
2481 1727 2538 1773 oa·

544 1807 633 1878 narn,
654 1787 773 1854 volens
794 1792 860 1856 iarn
882 1802 915 1854 ct
936 1788 1041 1856 libers
1055 1789 1175 1856 fatetur
1191 1786 1357 1855 delictum.
1391 1788 1433 1852 Et
1450 1790 1519 1874 ugit
1561 1792 1677 1858 vendis
1716 1792 1834 1874 possit.
1891 1788 1974 1853 Cum
1990 1725 2128 1873 (loseph
2166 1793 2338 1854 resisteret
2370 1790 2538 1857 illecebris

545 1869 671 1960 aliquid
693 1876 765 1939 eius
788 1873 961 1954 voluntas,
988 1898 1064 1942 cum
1085 1897 1124 1940 se
1145 1886 1309 1940 sustentat
1332 1873 1397 1938 hac
1416 1894 1518 1940 vocer
1562 1875 2005 1955 adulterae,'concurrehant
2026 1873 2089 1938 hae
2112 1896 2271 1939 caussae:
2301 1876 2448 1941 Verbum
2469 1876 2536 1941 Dei

544 1955 708 2024 Dominus
728 1957 863 2025 abstulit
883 1973 1057 2046 peccatum
1077 1975 1177 2026 tuum.
1211 1958 1360 2044 Cumque
1381 1970 1520 2024 conatur
1563 1975 1596 2028 et
1613 1962 1755 2046 Spiritus
1776 1972 1911 2024 sanctus
1932 1980 2071 2024 movens
2093 1973 2244 2038 mentem,
2265 1972 2301 2025 ιιι
2322 1964 2462 2026 verbum
2484 1981 2540 2025 ar-

546 2041 1041 2126 sahacvoeesustcntare,iam
1051 2044 1381 2128 adiuvaturaSpiritu
1389 2056 1518 2121 sancto,
1562 2049 1691 2112 dentius
1714 2048 1890 2132 cogitarem
1912 2044 2007 2107 hiens
2031 2046 2199 2130 cogitans,
2222 2058 2345 2130 quanta
2367 2048 2463 2111 ruina
2485 2065 2540 2111 se-

546 2130 636 2194 iuxta
649 2126 1079 2212 ffludPaulttltom1‚16.:]
1090 2127 1519 2216 Evangeliumestpotentia
1564 2144 1679 2198 cutura
1710 2141 1817 2209 esset,
1853 2132 1883 2194 si
1913 2127 2057 2194 Diabolo
2091 2133 2349 2214 obtemperaret,
2382 2130 2537 2197 videlicet

546 2211 612 2278 Dei
626 2213 669 2278 ad
686 2211 824 2280 salntem
843 2237 910 2280 nou
926 2217 1140 2303 repugnanti,
1156 2217 1273 2294 idest,
1290 2235 1358 2278 non
1376 2226 1519 2280 contem·
1563 2218 1699 2283 amissio
1721 2219 1897 2294 donorum,
1929 2226 2064 2278 aeterna
2085 2218 2134 2279 ira
2155 2214 2237 2293 Dei,
2267 2235 2394 2299 poenae
2415 2218 2448 2280 in
2473 2217 2539 2281 hae

546 2300 911 2383 uentipromissionem,
921 2303 983 2367 sed
992 2303 1184 2368 assentienti
1197 2313 1229 2368 et
1241 2300 1400 2365 credenti.
1422 2299 1519 2364 Item:
1562 2306 1630 2368 vita
1661 2314 1694 2367 et
1726 2298 1854 2380 littura,
1890 2311 2063 2383 praeterea
2094 2299 2186 2365 multi
2219 2299 2336 2384 lapsus
2369 2312 2402 2364 et
2432 2300 2538 2366 multa

546 2382 763 2470 Evangeliuur
785 2397 838 2450 est
858 2387 1071 2452 ministerium
1082 2387 1233 2471 Spiritus.
1266 2386 1361 2449 item:
1382 2383 1428 2449 Ut
1443 2404 1520 2469 pro·
1563 2385 1733 2453 scandala.
1776 2386 1836 2450 llis
1859 2386 2115 2470 cogitationibus
2137 2399 2226 2450 mota
2247 2385 2402 2450 voluutas
2421 2405 2541 2452 assen-

547 2470 734 2534 missionem
756 2469 898 2554 Spiritus
920 2474 1119 2556 accipiamus
1141 2492 1201 2557 par
1221 2470 1326 2536 iidem.
1563 2475 1716 2551 tiebatur,
1748 2483 1781 2535 et
1813 2470 2031 2535 confirmabat
2063 2491 2135 2534 eam
2158 2465 2367 2557 languentem
2396 2470 2540 2555 Spiritus

633 2551 670 2618 Si
697 2565 822 2619 tentum
849 2559 1054 2640 expectanda
1083 2569 1174 2622 esset
1194 2554 1251 2621 illa
1272 2553 1392 2622 infusio
1416 2551 1519 2639 quali·
1563 2570 1716 2634 sanetus,
1745 2568 1778 2621 et
1805 2555 1954 2621 flammas
1981 2555 2014 2617 in
2044 2556 2144 2620 corde
2167 2557 2374 2639 reprimebat,
2397 2566 2430 2619 et
2453 2559 2540 2621 exci-

547 2645 651 2704 tatum
672 2639 745 2702 sine
770 2635 839 2704 ulla
862 2655 978 2708 nostra
1005 2643 1153 2719 actione,
1179 2645 1266 2707 sicut
1285 2638 1519 2704 Enthusiastae
1563 2646 1655 2709 tabat
1671 2645 1820 2706 timorem
1842 2640 1905 2705 Dei
1927 2652 1960 2704 et
1982 2638 2097 2717 iidem,
2130 2661 2215 2724 quae
2230 2645 2276 2718 ⁸¹)
2304 2641 2541 2725 acquiescebat

549 2733 581 2788 et
597 2721 782 2790 Manichaei
803 2723 977 2805 linxenmt,
998 2726 1080 2792 nihil
1100 2747 1185 2812 opus
1203 2729 1352 2801 essetw)
1374 2725 1519 2789 ministe·
1563 2732 1596 2793 in
1618 2727 1710 2805 Deo,
1743 2727 1855 2792 adibat
1886 2722 2033 2809 pericula
2060 2736 2092 2788 et
2112 2728 2245 2809 petebat
2267 2727 2542 2811 gubernationem

548 2811 597 2875 rio
618 2807 841 2894 Evangelico,
867 2809 960 2877 nulla
987 2815 1082 2877 ctiam
1109 2811 1198 2877 lucta
1225 2814 1260 2876 in
1280 2811 1395 2875 animis
1418 2820 1519 2884 esset.
1565 2826 1597 2878 et
1629 2814 1736 2876 exitus
1771 2816 1887 2876 bonos.
1932 2811 1994 2874 Hic
2026 2806 2179 2874 voluntas
2212 2830 2278 2873 non
2312 2823 2382 2874 erat
2418 2811 2541 2874 otiosa.

550 2893 618 2960 Sed
644 2895 780 2960 instituit
800 2894 894 2961 Deus
919 2899 1149 2975 ministerium,
1176 2907 1213 2961 ut
1241 2917 1308 2962 vox
1328 2894 1520 2977 accipiatur,
1566 2900 1627 2964 sed
1647 2899 1853 2982 repugnabat
1874 2898 1948 2979 ipsa
1970 2892 2152 2972 illecebris,
2182 2907 2215 2958 et
2237 2897 2413 2960 mandabat
2435 2894 2543 2959 oeulis

548 2991 586 3044 ut
612 2979 864 3063 promissionem
892 3002 986 3047 mens
1014 2984 1137 3068 cogitet
1163 2994 1196 3046 et
1222 2979 1455 3065 amplectatur,
1489 2991 1522 3043 et
1566 2996 1599 3049 et
1626 2984 1782 3067 pedibus,
1826 2995 1861 3047 ut
1897 2982 2038 3045 vitarent
2072 2983 2280 3044 occasionem
2299 2984 2345 3058 ³²)
2376 2978 2543 3062 lapsuum.

550 3066 626 3168 dum
644 3086 680 3214 h‘
786 3087 867 3216 pphus
885 3066 1095 3146 diffidentiae,
1113 3067 1253 3158 Spiritus
1270 3078 1407 3131 sanctus
1424 3063 1522 3129 simul
1566 3070 1657 3134 ilaec
1689 3065 1841 3152 exempla
1872 3064 2042 3130 declarant
2077 3085 2218 3129 caussas
2247 3068 2404 3130 bonarum
2439 3067 2547 3128 aetio-

548 3170 581 3214 m
602 3169 647 3214 no
669 3169 740 3214 rss
844 3173 915 3218 car.
1565 3175 1654 3219 num.
2200 3171 2202 3176 '

633 3235 691 3302 Sic
710 3237 809 3321 igitur
829 3235 908 3316 illis,
930 3241 984 3324 qui
1002 3240 1222 3303 cessationem
1239 3256 1334 3302 suam
1349 3246 1522 3312 ascusam,
1651 3238 1729 3308 Ideo
1752 3249 1861 3302 autem
1882 3236 1968 3300 hacc
1986 3237 2092 3300 omnia
2104 3236 2288 3314 dictasunt,
2302 3245 2338 3299 ut
2350 3234 2546 3299 iiatutrrmt-

570 3321 625 3396 uia
667 3331 761 3385 utant
781 3319 860 3386 nihil
882 3344 983 3408 agere
1005 3323 1144 3389 liberum
1172 3324 1357 3401 arbitrium,
1386 3339 1522 3403 respon·
1567 3344 1631 3409 que
1658 3320 1829 3400 videlieet,
1857 3321 2000 3405 Spiritus
2023 3323 2130 3386 sancti
2151 3319 2305 3384 auxilium
2326 3317 2546 3402 amplificetur

548 3342 627 3470 deo:
696 3426 717 3468 ο
739 3407 926 3476 mandatum
942 3407 1008 3473 Dei
1028 3421 1197 3474 aeternum
1220 3420 1251 3471 et
1272 3408 1439 3471 immotum
1460 3415 1523 3480 est,
1567 3422 1600 3474 et
1626 3420 1765 3474 acuamr
1791 3419 1907 3472 nostra
1934 3403 2119 3513 diligentia,
2154 3407 2239 3471 sicut
2262 3404 2415 3470 Christus
2437 3406 2545 3490 inquit

547 3499 585 3554 ut
617 3489 692 3554 voci
705 3493 751 3567 ²⁹)
784 3490 958 3579 Evangelii
990 3496 1215 3579 obtemperes,
1248 3502 1285 3556 ut
1315 3490 1431 3556 Filium
1459 3489 1523 3554 Dei
1568 3494 1663 3574 [Luc.
1691 3493 1740 3572 ll,
1764 3492 1847 3574 13.]:
1870 3492 1973 3558 Dabit
1994 3493 2150 3576 Spiritum
2173 3503 2323 3554 sanctum
2343 3492 2545 3575 petentibus,

547 3574 674 3652 audias,
695 3587 731 3639 ut
754 3596 921 3661 agnoscas
942 3579 1169 3643 Mediatorem.
1203 3577 1310 3650 Quam
1333 3589 1418 3641 tetra
1445 3586 1523 3640 sunt
1567 3599 1633 3643 non
1656 3579 1701 3642 ait
1722 3580 1988 3662 aspernantibus,
2011 3577 2137 3654 otiosis,
2156 3576 2429 3661 repugnantibus,
2450 3589 2544 3658 petu-

547 3656 631 3726 haec
652 3671 810 3745 pecvnia,
844 3660 934 3727 nolle
960 3665 1112 3747 aspicere
1140 3665 1297 3728 donatum
1323 3662 1437 3747 generi
1463 3659 1522 3725 hu·
1566 3664 1675 3728 lanter
1706 3665 1877 3727 ruentibus
1916 3683 1957 3725 ex
1989 3661 2062 3725 aliis
2096 3658 2281 3726 sceleribus
2309 3661 2342 3722 in
2370 3656 2458 3744 elici
2503 3659 2544 3722 Et

547 3768 644 3814 mano
671 3743 887 3813 Mediatorem
914 3747 1033 3814 Filium
1052 3747 1140 3813 neta
1182 3748 1257 3812 Non
1285 3768 1440 3830 possm,
1475 3747 1522 3810 in·
1566 3748 1632 3813 alio
1654 3746 1731 3811 loco
1748 3748 1853 3831 inquit
1875 3746 2005 3825 [Matth.
2027 3747 2082 3823 25,
2104 3745 2189 3826 294:
2235 3745 2376 3808 Habenti
2399 3746 2542 3818 dabitur.

570 3835 652 3897 uies.
685 3831 764 3918 Ulmo
794 3831 904 3917 aliquo
937 3835 1036 3899 modo
1064 3845 1178 3916 potes,
1211 3843 1243 3896 et
1274 3854 1349 3896 cum
1379 3843 1412 3896 te
1438 3851 1523 3895 voce
1567 3847 1599 3897 et
1626 3854 1647 3896 a
1673 3853 1741 3896 non
1763 3832 1906 3895 habente
1928 3832 2023 3894 etiam
2046 3832 2096 3907 id,
2120 3831 2207 3915 quod
2228 3828 2344 3906 habet,
2363 3827 2542 3893 auferetur.

547 3856 719 4002 hvaugciii
747 3929 932 3995 sustentas,
965 3919 1113 3983 adiuvari
1141 3931 1174 3982 te
1199 3938 1220 3981 a
1242 3915 1316 3980 Deo
1338 3917 1457 4000 petito,
1490 3926 1523 3979 et
1543 3929 1546 4000 j
1566 3917 1608 3981 Et
1629 3916 1753 3981 Paulus
1782 3918 1872 3980 iubet
1898 3937 2038 3993 cavere,
2072 3936 2113 3979 nc
2142 3913 2266 3979 frustra
2287 3916 2427 3999 gratiam
2448 3935 2543 3979 acce·

548 4003 633 4068 scito
651 4002 805 4084 Spiritum
826 4011 977 4066 sanctum
999 3998 1169 4066 efficacem
1191 4021 1269 4067 esse
1291 4002 1323 4064 in
1342 4021 1381 4065 ea
1405 4019 1523 4065 conso·
1543 4003 1546 4080 i
1565 4003 1722 4086 perimus.

546 4084 680 4152 latione.
735 4085 827 4150 Scito
866 4083 953 4150 velle
983 4086 1090 4151 Deum
1122 4087 1190 4152 hoc
1220 4087 1293 4168 ipso
1328 4087 1426 4149 modo
1458 4103 1522 4148 nos
1652 4087 1761 4171 Saepe
1789 4085 1991 4170 multumque
2021 4098 2151 4168 repetas
2174 4086 2281 4148 animo
2305 4085 2425 4149 dictum
2449 4083 2545 4148 Chri·

549 4182 760 4248 convertere,
789 4192 863 4236 cum
885 4173 1102 4255 promissione
1125 4174 1257 4236 excitati
1279 4169 1442 4235 luctamur
1464 4189 1523 4233 no·
1542 4203 1546 4282 Ι
1566 4172 1625 4236 sti:
1649 4171 1750 4236 Dabit
1772 4171 1928 4255 Spiritum
1951 4183 2101 4235 sanctum
2124 4171 2330 4255 petentibus,
2352 4180 2385 4232 et
2407 4166 2544 4254 diligen-

548 4258 693 4333 hiscum,
727 4256 918 4322 invocamus
941 4268 974 4321 et
996 4277 1218 4342 repugnamus
1241 4253 1443 4326 diffidentiae
1464 4275 1523 4318 no-
1567 4268 1617 4320 ter
1650 4258 1770 4341 cogita,
1803 4268 1959 4340 quantum
1992 4276 2110 4319 munus
2144 4256 2324 4339 promittat,
2358 4265 2390 4317 et
2413 4256 2544 4340 quoties

549 4353 639 4407 strae
661 4355 693 4406 et
715 4339 788 4405 aliis
812 4342 938 4406 vitiosis
961 4340 1142 4407 affectibus.
1589 4362 1665 4405 uam
1696 4342 1850 4405 ardenter
1878 4340 2010 4404 iusserit
2028 4352 2149 4422 petere.
2198 4341 2314 4415 Petite,
2339 4340 2441 4423 inquit
2458 4338 2544 4418 [loh.

633 4426 710 4492 ideo
739 4439 869 4490 veteres
898 4426 1000 4512 aliqui
1021 4428 1070 4490 sic
1092 4428 1259 4492 dixerunt:
1293 4424 1449 4490 Liberum
1472 4446 1522 4490 ar·
1567 4363 1621 4504 lc,
1643 4426 1724 4507 24.],
1746 4438 1778 4489 et
1800 4426 1978 4510 accipietis.
2023 4425 2094 4489 Hoc
2127 4429 2155 4489 si
2183 4423 2360 4503 iaciemus,
2381 4422 2547 4509 proficere

549 4513 677 4578 bitriurn
698 4512 732 4576 in
754 4510 885 4576 homine
905 4509 1099 4578 facultatem
1117 4533 1194 4577 esse
1211 4508 1399 4595 applicandi
1420 4529 1458 4575 se
1480 4512 1523 4575 ad
1566 4532 1630 4575 nos
1659 4511 1874 4596 experiemur.
1919 4509 2129 4574 Accendetur
2158 4512 2243 4575 enirn
2267 4509 2350 4574 fides
2372 4510 2415 4573 ad
2432 4521 2546 4592 peten-

549 4598 698 4684 gratiam,
720 4598 753 4661 id
775 4609 838 4675 est,
859 4597 951 4662 audit
971 4598 1224 4682 promissionem
1247 4609 1280 4661 et
1296 4597 1450 4660 assentiri
1468 4617 1523 4662 co·
1570 4600 1663 4675 dum,
1698 4608 1731 4660 et
1759 4597 2055 4660 animadvertemus
2083 4616 2145 4659 nos
2175 4607 2310 4679 propter
2332 4591 2547 4658 diliideutiam

547 4693 650 4746 natur.
666 4694 697 4745 et.
718 4683 830 4747 abiicit
850 4693 991 4765 peccata
1015 4693 1132 4746 contra
1150 4684 1397 4747 conscientiam.
1429 4678 1523 4745 Talia
1567 4678 1786 4767 negligentius
1807 4692 1931 4764 petere.
1976 4677 2167 4746 Diffidcntia
2189 4692 2297 4745 autem
2326 4677 2441 4756 alitur,
2469 4680 2548 4762 quia

548 4786 614 4831 non
642 4765 722 4831 fiunt
750 4767 783 4830 in
802 4764 965 4831 Diabolis.
1010 4765 1195 4831 Discrimen
1218 4768 1318 4856 igitur
1338 4768 1422 4829 inter
1443 4763 1523 4828 Dia·
1542 4825 1545 4868 Ι
1567 4765 1764 4870 negligimus
1802 4766 2033 4913 cogitationem
2066 4765 2163 4830 huius
2192 4767 2358 4850 praecepti
2388 4777 2421 4828 et
2446 4761 2549 4828 huius

547 4849 645 4916 holos
661 4862 695 4913 et
711 4871 819 4935 genus
837 4849 1015 4916 humanum
1034 4851 1271 4917 consideretur.
1301 4851 1395 4915 Fient
1412 4861 1522 4914 autem
1542 4876 1545 4932 ;
1566 4850 1795 4937 promissionis
1819 4849 1846 4914 C
1871 4852 1952 4914 risti.

546 4931 632 5001 hacc'
653 4932 832 5024 illustriora
848 4938 1058 5001 considerata
1081 4938 1312 5019 promissione.
1346 4934 1430 4999 Cum
1445 4938 1545 5017 pro-i
1654 4936 1791 5007 Quarto.
1810 4933 2060 5000 consideranda
2079 4948 2131 4999 est
2144 4949 2177 4999 et
2197 4934 2330 5020 querela
2344 4935 2386 4996 de
2404 4935 2550 4997 obiectis

546 5020 662 5088 missio
684 5021 727 5104 sit
749 5018 954 5099 universalis,
977 5042 1040 5087 nec
1062 5022 1128 5085 sint
1150 5022 1183 5085 in
1204 5019 1278 5086 Deo
1301 5019 1523 5084 contradicto-
1542 5011 1545 5070 ἶ
1567 5034 1599 5086 et
1611 5019 1823 5084 successibus
1836 5032 1931 5084 extra
1942 5041 2021 5095 nos;
2044 5018 2132 5084 aliud
2144 5033 2196 5085 est
2214 5022 2298 5084 enim
2310 5021 2350 5083 de
2361 5015 2427 5082 illis
2445 5015 2552 5104 loqui,

547 5107 617 5170 riae
638 5102 841 5182 voluntates,
872 5125 1010 5170 necesse
1038 5118 1091 5170 est
1112 5107 1149 5169 in
1164 5107 1260 5169 nobis
1282 5125 1357 5170 esse
1379 5102 1522 5188 aliquam
1542 5087 1546 5168 l
1566 5103 1656 5169 aliud
1677 5101 1767 5188 loqui
1790 5105 1832 5168 de
1854 5103 2017 5170 electione
2037 5102 2219 5171 voluntatis
2238 5107 2270 5170 in
2289 5125 2336 5181 re,
2355 5123 2457 5187 quam
2472 5124 2552 5187 pro·

547 5190 743 5254 discriminis
772 5209 941 5266 caussam,
977 5213 1035 5258 cur
1068 5187 1150 5254 Saul
1183 5191 1372 5265 abiiciatur,
1412 5188 1546 5259 David}

1542 5323 1546 5432 ξ
1566 5342 1614 5408 ao)
1632 5344 1659 5395 n
1675 5344 1809 5396 omnem
1826 5344 1899 5397 mter
1918 5345 1959 5394 aa
1980 5347 2020 5393 rr.

548 5447 594 5512 ιι)
613 5445 694 5512 esset]
713 5445 785 5498 Editt
805 5445 845 5491 tr.
865 5445 914 5506 ts,
932 5447 992 5508 opp.
1013 5447 1034 5497 ι.
1054 5457 1113 5497 esse
1542 5451 1546 5531 j
1566 5443 1613 5508 31)
1632 5444 1708 5510 quael
1728 5446 1771 5498 m.
1790 5447 1813 5499 8.
1831 5450 1881 5509 typ.
1901 5457 2005 5499 errore:
2024 5447 2066 5509 qui

546 5545 823 5612 sementaritiam.
844 5545 884 5594 24.
904 5548 955 5606 tt„
972 5548 1032 5610 opp.
1056 5549 1076 5599 1.
1093 5559 1154 5598 voca
1543 5542 1546 5566 ¹
1566 5544 1614 5610 tt)
1631 5546 1803 5612 caesionem]
1820 5548 1894 5628 Edita
1913 5548 1939 5595 t.
1958 5547 2050 5595 4-17.
2070 5547 2109 5599 rt.
2128 5550 2275 5600 mammes
