<?xml version="1.0" encoding="UTF-8"?>
<!DOCTYPE html PUBLIC "-//W3C//DTD XHTML 1.0 Transitional//EN"
    "http://www.w3.org/TR/xhtml1/DTD/xhtml1-transitional.dtd">
<html xmlns="http://www.w3.org/1999/xhtml" xml:lang="en" lang="en">
 <head>
  <title>
</title>
<meta http-equiv="Content-Type" content="text/html;charset=utf-8" />
  <meta name='ocr-system' content='tesseract 3.04.00' />
  <meta name='ocr-capabilities' content='ocr_page ocr_carea ocr_par ocr_line ocrx_word'/>
</head>
<body>
  <div class='ocr_page' id='page_1' title='image "./philippimelanth08melagoog/philippimelanth08melagoog_0454.png"; bbox 0 0 5859 6734; ppageno 0'>
   <div class='ocr_carea' id='block_1_1' title="bbox 565 661 2563 735">
    <p class='ocr_par' dir='ltr' id='par_1_1' title="bbox 565 661 2563 735">
     <span class='ocr_line' id='line_1_1' title="bbox 565 661 2563 735; baseline -0.002 0"><span class='ocrx_word' id='word_1_1' title='bbox 565 668 629 735; x_wconf 83' lang='grc'><strong>879</strong></span> <span class='ocrx_word' id='word_1_2' title='bbox 1185 663 1298 731; x_wconf 84' lang='lat' dir='ltr'><strong>PillL.</strong></span> <span class='ocrx_word' id='word_1_3' title='bbox 1319 661 1423 730; x_wconf 78' lang='lat' dir='ltr'><strong>imi.</strong></span> <span class='ocrx_word' id='word_1_4' title='bbox 1445 663 1632 732; x_wconf 62' lang='lat' dir='ltr'><strong>maweu</strong></span> <span class='ocrx_word' id='word_1_5' title='bbox 1652 661 1927 732; x_wconf 73' lang='lat' dir='ltr'><strong>nocrimen.</strong></span> <span class='ocrx_word' id='word_1_6' title='bbox 2491 663 2563 732; x_wconf 84' lang='grc'><strong>880</strong></span> 
     </span>
    </p>
   </div>
   <div class='ocr_carea' id='block_1_2' title="bbox 482 847 2561 2870">
    <p class='ocr_par' dir='ltr' id='par_1_2' title="bbox 482 847 2561 2870">
     <span class='ocr_line' id='line_1_2' title="bbox 573 847 2559 954; baseline -0.001 -36"><span class='ocrx_word' id='word_1_7' title='bbox 573 853 669 920; x_wconf 88' lang='lat' dir='ltr'><strong>scitia</strong></span> <span class='ocrx_word' id='word_1_8' title='bbox 685 848 1137 916; x_wconf 76' lang='lat' dir='ltr'><strong>doctr-inaedelustitiaiidei.</strong></span> <span class='ocrx_word' id='word_1_9' title='bbox 1159 849 1244 915; x_wconf 88' lang='lat' dir='ltr'><strong>Nam</strong></span> <span class='ocrx_word' id='word_1_10' title='bbox 1299 848 1542 954; x_wconf 69' lang='lat' dir='ltr'><strong>stcpuamiinxe·</strong></span> <span class='ocrx_word' id='word_1_11' title='bbox 1583 847 1727 916; x_wconf 75' lang='lat' dir='ltr'><strong>barrem.</strong></span> <span class='ocrx_word' id='word_1_12' title='bbox 1751 848 1880 930; x_wconf 82' lang='lat' dir='ltr'><strong>[Matth.</strong></span> <span class='ocrx_word' id='word_1_13' title='bbox 1905 849 1957 928; x_wconf 86' lang='grc'><strong>18,</strong></span> <span class='ocrx_word' id='word_1_14' title='bbox 1982 850 2031 915; x_wconf 82' lang='lat'><strong>18.</strong></span> <span class='ocrx_word' id='word_1_15' title='bbox 2035 858 2045 929; x_wconf 75' lang='lat' dir='ltr'><strong>l</strong></span> <span class='ocrx_word' id='word_1_16' title='bbox 2079 849 2240 933; x_wconf 83' lang='lat' dir='ltr'><strong>Quicquid</strong></span> <span class='ocrx_word' id='word_1_17' title='bbox 2261 849 2432 916; x_wconf 83' lang='lat' dir='ltr'><strong>solveritis</strong></span> <span class='ocrx_word' id='word_1_18' title='bbox 2455 871 2559 936; x_wconf 84' lang='lat' dir='ltr'><strong>supet</strong></span> 
     </span>
     <span class='ocr_line' id='line_1_3' title="bbox 572 871 2560 1020; baseline 0 -19"><span class='ocrx_word' id='word_1_19' title='bbox 572 946 648 1002; x_wconf 90' lang='lat' dir='ltr'><strong>runt</strong></span> <span class='ocrx_word' id='word_1_20' title='bbox 657 933 848 1018; x_wconf 81' lang='lat' dir='ltr'><strong>hypocritae</strong></span> <span class='ocrx_word' id='word_1_21' title='bbox 867 932 1017 999; x_wconf 86' lang='lat' dir='ltr'><strong>homines</strong></span> <span class='ocrx_word' id='word_1_22' title='bbox 1050 935 1161 1018; x_wconf 88' lang='lat' dir='ltr'><strong>ropria</strong></span> <span class='ocrx_word' id='word_1_23' title='bbox 1177 871 1543 1020; x_wconf 51' lang='lat' dir='ltr'><strong>dignltgterustosesse</strong></span> <span class='ocrx_word' id='word_1_24' title='bbox 1583 945 1716 1012; x_wconf 88' lang='lat' dir='ltr'><strong>terram,</strong></span> <span class='ocrx_word' id='word_1_25' title='bbox 1749 935 1812 998; x_wconf 91' lang='lat' dir='ltr'><strong>crit</strong></span> <span class='ocrx_word' id='word_1_26' title='bbox 1844 932 1987 999; x_wconf 90' lang='lat' dir='ltr'><strong>solutum</strong></span> <span class='ocrx_word' id='word_1_27' title='bbox 2019 935 2108 1017; x_wconf 76' lang='lat' dir='ltr'><strong>et⁵⁰)</strong></span> <span class='ocrx_word' id='word_1_28' title='bbox 2134 935 2167 997; x_wconf 91' lang='lat' dir='ltr'><strong>ln</strong></span> <span class='ocrx_word' id='word_1_29' title='bbox 2189 931 2303 998; x_wconf 91' lang='lat' dir='ltr'><strong>coelis.</strong></span> <span class='ocrx_word' id='word_1_30' title='bbox 2347 931 2509 1000; x_wconf 83' lang='lat' dir='ltr'><strong>Ceterum</strong></span> <span class='ocrx_word' id='word_1_31' title='bbox 2526 951 2560 1001; x_wconf 86' lang='lat' dir='ltr'><strong>et</strong></span> 
     </span>
     <span class='ocr_line' id='line_1_4' title="bbox 573 956 2557 1103; baseline -0.001 -18"><span class='ocrx_word' id='word_1_32' title='bbox 573 1020 688 1086; x_wconf 88' lang='lat' dir='ltr'><strong>etsine</strong></span> <span class='ocrx_word' id='word_1_33' title='bbox 709 1027 848 1102; x_wconf 87' lang='lat' dir='ltr'><strong>peccato</strong></span> <span class='ocrx_word' id='word_1_34' title='bbox 869 1037 958 1096; x_wconf 90' lang='lat' dir='ltr'><strong>esse,</strong></span> <span class='ocrx_word' id='word_1_35' title='bbox 980 956 1178 1084; x_wconf 50' lang='lat' dir='ltr'><strong>aiifnxerunt</strong></span> <span class='ocrx_word' id='word_1_36' title='bbox 1192 1020 1316 1084; x_wconf 87' lang='lat' dir='ltr'><strong>amissa</strong></span> <span class='ocrx_word' id='word_1_37' title='bbox 1325 1018 1390 1085; x_wconf 86' lang='lat' dir='ltr'><strong>hac</strong></span> <span class='ocrx_word' id='word_1_38' title='bbox 1402 1019 1543 1103; x_wconf 86' lang='lat' dir='ltr'><strong>puritate</strong></span> <span class='ocrx_word' id='word_1_39' title='bbox 1582 1017 1666 1084; x_wconf 88' lang='lat' dir='ltr'><strong>haec</strong></span> <span class='ocrx_word' id='word_1_40' title='bbox 1685 1019 1759 1102; x_wconf 87' lang='lat' dir='ltr'><strong>ipsa</strong></span> <span class='ocrx_word' id='word_1_41' title='bbox 1779 1019 1883 1082; x_wconf 88' lang='lat' dir='ltr'><strong>verba</strong></span> <span class='ocrx_word' id='word_1_42' title='bbox 1902 1028 2065 1082; x_wconf 87' lang='lat' dir='ltr'><strong>testantur</strong></span> <span class='ocrx_word' id='word_1_43' title='bbox 2086 1018 2175 1084; x_wconf 89' lang='lat' dir='ltr'><strong>hunc</strong></span> <span class='ocrx_word' id='word_1_44' title='bbox 2195 1015 2305 1084; x_wconf 85' lang='lat' dir='ltr'><strong>locum</strong></span> <span class='ocrx_word' id='word_1_45' title='bbox 2322 1018 2557 1084; x_wconf 85' lang='lat' dir='ltr'><strong>deministerio</strong></span> 
     </span>
     <span class='ocr_line' id='line_1_5' title="bbox 573 1099 2557 1187; baseline 0.001 -19"><span class='ocrx_word' id='word_1_46' title='bbox 573 1123 640 1168; x_wconf 92' lang='lat' dir='ltr'><strong>non</strong></span> <span class='ocrx_word' id='word_1_47' title='bbox 661 1121 837 1187; x_wconf 78' lang='lat' dir='ltr'><strong>superesse</strong></span> <span class='ocrx_word' id='word_1_48' title='bbox 857 1122 951 1186; x_wconf 91' lang='lat' dir='ltr'><strong>spem</strong></span> <span class='ocrx_word' id='word_1_49' title='bbox 971 1103 1096 1167; x_wconf 84' lang='lat' dir='ltr'><strong>veniae</strong></span> <span class='ocrx_word' id='word_1_50' title='bbox 1585 1103 1784 1168; x_wconf 89' lang='lat' dir='ltr'><strong>concionari.</strong></span> <span class='ocrx_word' id='word_1_51' title='bbox 1826 1099 1943 1168; x_wconf 81' lang='lat' dir='ltr'><strong>Voluit</strong></span> <span class='ocrx_word' id='word_1_52' title='bbox 1963 1104 2048 1166; x_wconf 92' lang='lat' dir='ltr'><strong>enirn</strong></span> <span class='ocrx_word' id='word_1_53' title='bbox 2070 1101 2222 1167; x_wconf 75' lang='lat' dir='ltr'><strong>Christum</strong></span> <span class='ocrx_word' id='word_1_54' title='bbox 2244 1103 2418 1167; x_wconf 79' lang='lat' dir='ltr'><strong>instituere</strong></span> <span class='ocrx_word' id='word_1_55' title='bbox 2440 1102 2557 1170; x_wconf 88' lang='lat' dir='ltr'><strong>Eccle-</strong></span> 
     </span>
     <span class='ocr_line' id='line_1_6' title="bbox 659 1183 2558 1271; baseline 0.003 -22"><span class='ocrx_word' id='word_1_56' title='bbox 659 1187 711 1271; x_wconf 86' lang='lat' dir='ltr'><strong>Op</strong></span> <span class='ocrx_word' id='word_1_57' title='bbox 735 1205 872 1252; x_wconf 86' lang='lat' dir='ltr'><strong>onamus</strong></span> <span class='ocrx_word' id='word_1_58' title='bbox 917 1197 1025 1251; x_wconf 87' lang='lat' dir='ltr'><strong>autem</strong></span> <span class='ocrx_word' id='word_1_59' title='bbox 1068 1206 1111 1252; x_wconf 89' lang='lat' dir='ltr'><strong>ex</strong></span> <span class='ocrx_word' id='word_1_60' title='bbox 1142 1186 1313 1270; x_wconf 90' lang='lat' dir='ltr'><strong>scripturis</strong></span> <span class='ocrx_word' id='word_1_61' title='bbox 1345 1186 1542 1252; x_wconf 84' lang='lat' dir='ltr'><strong>testimonie.</strong></span> <span class='ocrx_word' id='word_1_62' title='bbox 1583 1188 1653 1251; x_wconf 89' lang='lat' dir='ltr'><strong>siae</strong></span> <span class='ocrx_word' id='word_1_63' title='bbox 1674 1183 1878 1269; x_wconf 83' lang='lat' dir='ltr'><strong>disciplinam</strong></span> <span class='ocrx_word' id='word_1_64' title='bbox 1900 1197 1933 1251; x_wconf 91' lang='lat' dir='ltr'><strong>et</strong></span> <span class='ocrx_word' id='word_1_65' title='bbox 1953 1184 2130 1252; x_wconf 88' lang='lat' dir='ltr'><strong>labentium</strong></span> <span class='ocrx_word' id='word_1_66' title='bbox 2152 1189 2388 1252; x_wconf 73' lang='lat' dir='ltr'><strong>correctionem</strong></span> <span class='ocrx_word' id='word_1_67' title='bbox 2413 1199 2449 1252; x_wconf 91' lang='lat' dir='ltr'><strong>et</strong></span> <span class='ocrx_word' id='word_1_68' title='bbox 2469 1187 2558 1254; x_wconf 89' lang='lat' dir='ltr'><strong>aiunt</strong></span> 
     </span>
     <span class='ocr_line' id='line_1_7' title="bbox 573 1267 2556 1358; baseline -0.001 -21"><span class='ocrx_word' id='word_1_69' title='bbox 573 1271 694 1350; x_wconf 85' lang='lat' dir='ltr'><strong>David,</strong></span> <span class='ocrx_word' id='word_1_70' title='bbox 790 1269 1010 1347; x_wconf 90' lang='lat' dir='ltr'><strong>asse,Petrus</strong></span> <span class='ocrx_word' id='word_1_71' title='bbox 1031 1282 1109 1354; x_wconf 87' lang='lat' dir='ltr'><strong>post</strong></span> <span class='ocrx_word' id='word_1_72' title='bbox 1129 1267 1244 1353; x_wconf 88' lang='lat' dir='ltr'><strong>lapsus</strong></span> <span class='ocrx_word' id='word_1_73' title='bbox 1265 1270 1452 1336; x_wconf 86' lang='lat' dir='ltr'><strong>horrendos</strong></span> <span class='ocrx_word' id='word_1_74' title='bbox 1485 1270 1542 1334; x_wconf 91' lang='lat' dir='ltr'><strong>ite-</strong></span> <span class='ocrx_word' id='word_1_75' title='bbox 1582 1271 1672 1336; x_wconf 85' lang='lat' dir='ltr'><strong>lrunc</strong></span> <span class='ocrx_word' id='word_1_76' title='bbox 1694 1290 1818 1336; x_wconf 90' lang='lat' dir='ltr'><strong>morem</strong></span> <span class='ocrx_word' id='word_1_77' title='bbox 1834 1268 1938 1336; x_wconf 77' lang='lat' dir='ltr'><strong>finisse</strong></span> <span class='ocrx_word' id='word_1_78' title='bbox 1948 1283 2044 1335; x_wconf 91' lang='lat' dir='ltr'><strong>vetus</strong></span> <span class='ocrx_word' id='word_1_79' title='bbox 2056 1270 2256 1358; x_wconf 86' lang='lat' dir='ltr'><strong>Synegogae</strong></span> <span class='ocrx_word' id='word_1_80' title='bbox 2266 1271 2464 1334; x_wconf 86' lang='lat' dir='ltr'><strong>institutum.</strong></span> <span class='ocrx_word' id='word_1_81' title='bbox 2493 1272 2556 1337; x_wconf 85' lang='lat' dir='ltr'><strong>Vo-</strong></span> 
     </span>
     <span class='ocr_line' id='line_1_8' title="bbox 574 1353 2560 1438; baseline 0 -16"><span class='ocrx_word' id='word_1_82' title='bbox 574 1376 646 1422; x_wconf 90' lang='lat' dir='ltr'><strong>rum</strong></span> <span class='ocrx_word' id='word_1_83' title='bbox 674 1356 843 1420; x_wconf 79' lang='lat' dir='ltr'><strong>consecuti</strong></span> <span class='ocrx_word' id='word_1_84' title='bbox 870 1366 948 1420; x_wconf 89' lang='lat' dir='ltr'><strong>sunt</strong></span> <span class='ocrx_word' id='word_1_85' title='bbox 967 1356 1192 1420; x_wconf 85' lang='lat' dir='ltr'><strong>remissionem</strong></span> <span class='ocrx_word' id='word_1_86' title='bbox 1213 1366 1437 1438; x_wconf 86' lang='lat' dir='ltr'><strong>peccatoram.</strong></span> <span class='ocrx_word' id='word_1_87' title='bbox 1481 1353 1543 1418; x_wconf 90' lang='lat' dir='ltr'><strong>La·</strong></span> <span class='ocrx_word' id='word_1_88' title='bbox 1583 1355 1644 1421; x_wconf 91' lang='lat' dir='ltr'><strong>luit</strong></span> <span class='ocrx_word' id='word_1_89' title='bbox 1659 1356 1737 1419; x_wconf 90' lang='lat' dir='ltr'><strong>item</strong></span> <span class='ocrx_word' id='word_1_90' title='bbox 1748 1353 1901 1421; x_wconf 82' lang='lat' dir='ltr'><strong>Christus</strong></span> <span class='ocrx_word' id='word_1_91' title='bbox 1925 1355 2114 1420; x_wconf 89' lang='lat' dir='ltr'><strong>discernere</strong></span> <span class='ocrx_word' id='word_1_92' title='bbox 2135 1357 2372 1422; x_wconf 88' lang='lat' dir='ltr'><strong>correctionem</strong></span> <span class='ocrx_word' id='word_1_93' title='bbox 2383 1353 2560 1422; x_wconf 70' lang='lat' dir='ltr'><strong>Ecclesiae</strong></span> 
     </span>
     <span class='ocr_line' id='line_1_9' title="bbox 574 1436 2556 1525; baseline -0.001 -21"><span class='ocrx_word' id='word_1_94' title='bbox 574 1458 638 1522; x_wconf 87' lang='lat' dir='ltr'><strong>psa</strong></span> <span class='ocrx_word' id='word_1_95' title='bbox 658 1436 720 1504; x_wconf 85' lang='lat' dir='ltr'><strong>luit</strong></span> <span class='ocrx_word' id='word_1_96' title='bbox 740 1448 772 1501; x_wconf 91' lang='lat' dir='ltr'><strong>et</strong></span> <span class='ocrx_word' id='word_1_97' title='bbox 788 1436 979 1502; x_wconf 77' lang='lat' dir='ltr'><strong>Galatarum</strong></span> <span class='ocrx_word' id='word_1_98' title='bbox 1001 1437 1165 1516; x_wconf 87' lang='lat' dir='ltr'><strong>Ecclesia,</strong></span> <span class='ocrx_word' id='word_1_99' title='bbox 1187 1449 1220 1504; x_wconf 86' lang='lat' dir='ltr'><strong>et</strong></span> <span class='ocrx_word' id='word_1_100' title='bbox 1240 1460 1261 1503; x_wconf 91' lang='lat' dir='ltr'><strong>a</strong></span> <span class='ocrx_word' id='word_1_101' title='bbox 1282 1437 1386 1504; x_wconf 89' lang='lat' dir='ltr'><strong>Paulo</strong></span> <span class='ocrx_word' id='word_1_102' title='bbox 1409 1458 1544 1503; x_wconf 90' lang='lat' dir='ltr'><strong>revoca·</strong></span> <span class='ocrx_word' id='word_1_103' title='bbox 1584 1441 1750 1525; x_wconf 76' lang='lat' dir='ltr'><strong>propriam</strong></span> <span class='ocrx_word' id='word_1_104' title='bbox 1769 1460 1791 1502; x_wconf 90' lang='lat' dir='ltr'><strong>a</strong></span> <span class='ocrx_word' id='word_1_105' title='bbox 1811 1438 1962 1522; x_wconf 87' lang='lat' dir='ltr'><strong>politica,</strong></span> <span class='ocrx_word' id='word_1_106' title='bbox 1984 1437 2054 1504; x_wconf 92' lang='lat' dir='ltr'><strong>vult</strong></span> <span class='ocrx_word' id='word_1_107' title='bbox 2074 1439 2272 1523; x_wconf 87' lang='lat' dir='ltr'><strong>praecedere</strong></span> <span class='ocrx_word' id='word_1_108' title='bbox 2292 1440 2556 1519; x_wconf 89' lang='lat' dir='ltr'><strong>admonitionem,</strong></span> 
     </span>
     <span class='ocr_line' id='line_1_10' title="bbox 574 1520 2555 1608; baseline 0.001 -21"><span class='ocrx_word' id='word_1_109' title='bbox 574 1534 629 1586; x_wconf 89' lang='lat' dir='ltr'><strong>tur</strong></span> <span class='ocrx_word' id='word_1_110' title='bbox 649 1522 693 1587; x_wconf 91' lang='lat' dir='ltr'><strong>ad</strong></span> <span class='ocrx_word' id='word_1_111' title='bbox 713 1523 954 1605; x_wconf 88' lang='lat' dir='ltr'><strong>poenitentiam.</strong></span> <span class='ocrx_word' id='word_1_112' title='bbox 999 1522 1078 1586; x_wconf 90' lang='lat' dir='ltr'><strong>item</strong></span> <span class='ocrx_word' id='word_1_113' title='bbox 1099 1521 1225 1588; x_wconf 89' lang='lat' dir='ltr'><strong>Paulus</strong></span> <span class='ocrx_word' id='word_1_114' title='bbox 1246 1524 1320 1605; x_wconf 90' lang='lat' dir='ltr'><strong>ipse</strong></span> <span class='ocrx_word' id='word_1_115' title='bbox 1341 1522 1544 1588; x_wconf 85' lang='lat' dir='ltr'><strong>Corinthium</strong></span> <span class='ocrx_word' id='word_1_116' title='bbox 1584 1536 1620 1589; x_wconf 90' lang='lat' dir='ltr'><strong>ut</strong></span> <span class='ocrx_word' id='word_1_117' title='bbox 1641 1525 1779 1608; x_wconf 89' lang='lat' dir='ltr'><strong>primum</strong></span> <span class='ocrx_word' id='word_1_118' title='bbox 1800 1520 1898 1589; x_wconf 89' lang='lat' dir='ltr'><strong>saluti</strong></span> <span class='ocrx_word' id='word_1_119' title='bbox 1920 1521 2059 1587; x_wconf 89' lang='lat' dir='ltr'><strong>hominis</strong></span> <span class='ocrx_word' id='word_1_120' title='bbox 2082 1521 2337 1600; x_wconf 79' lang='lat' dir='ltr'><strong>consulatur.³¹)</strong></span> <span class='ocrx_word' id='word_1_121' title='bbox 2384 1521 2555 1594; x_wconf 72' lang='lat' dir='ltr'><strong>Politia³²i</strong></span> 
     </span>
     <span class='ocr_line' id='line_1_11' title="bbox 575 1605 2556 1692; baseline 0.002 -24"><span class='ocrx_word' id='word_1_122' title='bbox 575 1607 734 1670; x_wconf 88' lang='lat' dir='ltr'><strong>incestum</strong></span> <span class='ocrx_word' id='word_1_123' title='bbox 766 1605 855 1671; x_wconf 92' lang='lat' dir='ltr'><strong>iubet</strong></span> <span class='ocrx_word' id='word_1_124' title='bbox 875 1608 979 1692; x_wconf 89' lang='lat' dir='ltr'><strong>recipi</strong></span> <span class='ocrx_word' id='word_1_125' title='bbox 999 1619 1077 1691; x_wconf 88' lang='lat' dir='ltr'><strong>post</strong></span> <span class='ocrx_word' id='word_1_126' title='bbox 1098 1608 1337 1691; x_wconf 86' lang='lat' dir='ltr'><strong>poenitentiam</strong></span> <span class='ocrx_word' id='word_1_127' title='bbox 1357 1607 1389 1672; x_wconf 68' lang='lat' dir='ltr'><strong>i.</strong></span> <span class='ocrx_word' id='word_1_128' title='bbox 1412 1606 1490 1673; x_wconf 84' lang='lat' dir='ltr'><strong>Cor.</strong></span> <span class='ocrx_word' id='word_1_129' title='bbox 1512 1607 1544 1670; x_wconf 71' lang='lat'><strong>2.</strong></span> <span class='ocrx_word' id='word_1_130' title='bbox 1587 1621 1638 1673; x_wconf 88' lang='lat' dir='ltr'><strong>est</strong></span> <span class='ocrx_word' id='word_1_131' title='bbox 1659 1608 1859 1686; x_wconf 89' lang='lat' dir='ltr'><strong>iracundior,</strong></span> <span class='ocrx_word' id='word_1_132' title='bbox 1886 1618 2041 1691; x_wconf 88' lang='lat' dir='ltr'><strong>properat</strong></span> <span class='ocrx_word' id='word_1_133' title='bbox 2063 1609 2106 1672; x_wconf 90' lang='lat' dir='ltr'><strong>ad</strong></span> <span class='ocrx_word' id='word_1_134' title='bbox 2127 1627 2284 1690; x_wconf 79' lang='lat' dir='ltr'><strong>posnan,</strong></span> <span class='ocrx_word' id='word_1_135' title='bbox 2316 1625 2382 1672; x_wconf 92' lang='lat' dir='ltr'><strong>nec</strong></span> <span class='ocrx_word' id='word_1_136' title='bbox 2428 1607 2498 1672; x_wconf 83' lang='lat' dir='ltr'><strong>rina</strong></span> <span class='ocrx_word' id='word_1_137' title='bbox 2517 1609 2556 1672; x_wconf 93' lang='lat' dir='ltr'><strong>de</strong></span> 
     </span>
     <span class='ocr_line' id='line_1_12' title="bbox 576 1688 2556 1770; baseline 0.002 -18"><span class='ocrx_word' id='word_1_138' title='bbox 576 1693 657 1768; x_wconf 77' lang='lat' dir='ltr'><strong>[vss.</strong></span> <span class='ocrx_word' id='word_1_139' title='bbox 674 1689 797 1770; x_wconf 75' lang='lat' dir='ltr'><strong>e-8.].</strong></span> <span class='ocrx_word' id='word_1_140' title='bbox 1586 1690 1693 1756; x_wconf 85' lang='lat' dir='ltr'><strong>salute</strong></span> <span class='ocrx_word' id='word_1_141' title='bbox 1713 1690 1853 1756; x_wconf 89' lang='lat' dir='ltr'><strong>hominis</strong></span> <span class='ocrx_word' id='word_1_142' title='bbox 1876 1689 2044 1756; x_wconf 82' lang='lat' dir='ltr'><strong>deliberat</strong></span> <span class='ocrx_word' id='word_1_143' title='bbox 2077 1689 2205 1756; x_wconf 83' lang='lat' dir='ltr'><strong>Deinde</strong></span> <span class='ocrx_word' id='word_1_144' title='bbox 2223 1692 2395 1756; x_wconf 87' lang='lat' dir='ltr'><strong>constituit</strong></span> <span class='ocrx_word' id='word_1_145' title='bbox 2437 1688 2556 1756; x_wconf 86' lang='lat' dir='ltr'><strong>hristus</strong></span> 
     </span>
     <span class='ocr_line' id='line_1_13' title="bbox 660 1773 2557 1862; baseline -0.003 -17"><span class='ocrx_word' id='word_1_146' title='bbox 660 1778 831 1845; x_wconf 76' lang='lat' dir='ltr'><strong>Addamus</strong></span> <span class='ocrx_word' id='word_1_147' title='bbox 852 1785 886 1841; x_wconf 89' lang='lat' dir='ltr'><strong>ct</strong></span> <span class='ocrx_word' id='word_1_148' title='bbox 908 1775 997 1841; x_wconf 91' lang='lat' dir='ltr'><strong>dicta</strong></span> <span class='ocrx_word' id='word_1_149' title='bbox 1019 1777 1213 1860; x_wconf 87' lang='lat' dir='ltr'><strong>scripturae.</strong></span> <span class='ocrx_word' id='word_1_150' title='bbox 1256 1775 1381 1842; x_wconf 79' lang='lat' dir='ltr'><strong>Erech.</strong></span> <span class='ocrx_word' id='word_1_151' title='bbox 1403 1774 1457 1840; x_wconf 86' lang='lat'><strong>33.</strong></span> <span class='ocrx_word' id='word_1_152' title='bbox 1481 1778 1545 1853; x_wconf 92' lang='lat' dir='ltr'><strong>[vs.</strong></span> <span class='ocrx_word' id='word_1_153' title='bbox 1586 1795 1714 1862; x_wconf 71' lang='lat' dir='ltr'><strong>poenoe</strong></span> <span class='ocrx_word' id='word_1_154' title='bbox 1734 1776 1878 1855; x_wconf 92' lang='lat' dir='ltr'><strong>modum,</strong></span> <span class='ocrx_word' id='word_1_155' title='bbox 1902 1773 1974 1840; x_wconf 92' lang='lat' dir='ltr'><strong>vult</strong></span> <span class='ocrx_word' id='word_1_156' title='bbox 1995 1775 2068 1842; x_wconf 92' lang='lat' dir='ltr'><strong>eiici</strong></span> <span class='ocrx_word' id='word_1_157' title='bbox 2086 1779 2370 1852; x_wconf 76' lang='lat' dir='ltr'><strong>contumacem⁶³i</strong></span> <span class='ocrx_word' id='word_1_158' title='bbox 2393 1775 2557 1842; x_wconf 85' lang='lat' dir='ltr'><strong>extran·</strong></span> 
     </span>
     <span class='ocr_line' id='line_1_14' title="bbox 577 1858 2557 1948; baseline -0.003 -17"><span class='ocrx_word' id='word_1_159' title='bbox 577 1868 643 1945; x_wconf 74' lang='lat' dir='ltr'><strong>lt]</strong></span> <span class='ocrx_word' id='word_1_160' title='bbox 675 1863 762 1928; x_wconf 89' lang='lat' dir='ltr'><strong>Vivo</strong></span> <span class='ocrx_word' id='word_1_161' title='bbox 794 1881 870 1948; x_wconf 88' lang='lat' dir='ltr'><strong>ego,</strong></span> <span class='ocrx_word' id='word_1_162' title='bbox 904 1858 981 1924; x_wconf 88' lang='lat' dir='ltr'><strong>dicit</strong></span> <span class='ocrx_word' id='word_1_163' title='bbox 1001 1858 1177 1937; x_wconf 88' lang='lat' dir='ltr'><strong>Dominus,</strong></span> <span class='ocrx_word' id='word_1_164' title='bbox 1209 1858 1288 1926; x_wconf 92' lang='lat' dir='ltr'><strong>nolo</strong></span> <span class='ocrx_word' id='word_1_165' title='bbox 1310 1872 1447 1924; x_wconf 85' lang='lat' dir='ltr'><strong>mortem</strong></span> <span class='ocrx_word' id='word_1_166' title='bbox 1468 1877 1546 1942; x_wconf 87' lang='lat' dir='ltr'><strong>pec·</strong></span> <span class='ocrx_word' id='word_1_167' title='bbox 1588 1859 1736 1937; x_wconf 87' lang='lat' dir='ltr'><strong>clesiam,</strong></span> <span class='ocrx_word' id='word_1_168' title='bbox 1757 1879 1821 1927; x_wconf 92' lang='lat' dir='ltr'><strong>nec</strong></span> <span class='ocrx_word' id='word_1_169' title='bbox 1843 1861 1933 1926; x_wconf 84' lang='lat' dir='ltr'><strong>addit</strong></span> <span class='ocrx_word' id='word_1_170' title='bbox 1952 1858 2105 1942; x_wconf 90' lang='lat' dir='ltr'><strong>politicas</strong></span> <span class='ocrx_word' id='word_1_171' title='bbox 2127 1879 2271 1944; x_wconf 89' lang='lat' dir='ltr'><strong>poenas,</strong></span> <span class='ocrx_word' id='word_1_172' title='bbox 2294 1861 2356 1925; x_wconf 92' lang='lat' dir='ltr'><strong>sed</strong></span> <span class='ocrx_word' id='word_1_173' title='bbox 2378 1859 2445 1925; x_wconf 85' lang='lat' dir='ltr'><strong>lies</strong></span> <span class='ocrx_word' id='word_1_174' title='bbox 2469 1859 2557 1926; x_wconf 78' lang='lat' dir='ltr'><strong>reliu</strong></span> 
     </span>
     <span class='ocr_line' id='line_1_15' title="bbox 578 1943 1940 2030; baseline -0.007 -14"><span class='ocrx_word' id='word_1_175' title='bbox 578 1949 712 2026; x_wconf 86' lang='lat' dir='ltr'><strong>catoris,</strong></span> <span class='ocrx_word' id='word_1_176' title='bbox 733 1948 794 2011; x_wconf 87' lang='lat' dir='ltr'><strong>sed</strong></span> <span class='ocrx_word' id='word_1_177' title='bbox 814 1957 851 2014; x_wconf 91' lang='lat' dir='ltr'><strong>ut</strong></span> <span class='ocrx_word' id='word_1_178' title='bbox 872 1953 1083 2010; x_wconf 87' lang='lat' dir='ltr'><strong>convertatur</strong></span> <span class='ocrx_word' id='word_1_179' title='bbox 1100 1956 1133 2009; x_wconf 90' lang='lat' dir='ltr'><strong>et</strong></span> <span class='ocrx_word' id='word_1_180' title='bbox 1155 1945 1255 2024; x_wconf 87' lang='lat' dir='ltr'><strong>vivat,</strong></span> <span class='ocrx_word' id='word_1_181' title='bbox 1297 1944 1341 2008; x_wconf 98' lang='lat' dir='ltr'><strong>Et</strong></span> <span class='ocrx_word' id='word_1_182' title='bbox 1361 1954 1439 2008; x_wconf 88' lang='lat' dir='ltr'><strong>sunt</strong></span> <span class='ocrx_word' id='word_1_183' title='bbox 1460 1943 1547 2007; x_wconf 89' lang='lat' dir='ltr'><strong>sirni-</strong></span> <span class='ocrx_word' id='word_1_184' title='bbox 1589 1945 1658 2030; x_wconf 92' lang='lat' dir='ltr'><strong>quit</strong></span> <span class='ocrx_word' id='word_1_185' title='bbox 1678 1943 1940 2028; x_wconf 78' lang='lat' dir='ltr'><strong>lingistratibns.</strong></span> 
     </span>
     <span class='ocr_line' id='line_1_16' title="bbox 577 2026 2558 2113; baseline -0.002 -15"><span class='ocrx_word' id='word_1_186' title='bbox 577 2033 628 2100; x_wconf 93' lang='lat' dir='ltr'><strong>les</strong></span> <span class='ocrx_word' id='word_1_187' title='bbox 660 2030 745 2097; x_wconf 91' lang='lat' dir='ltr'><strong>aliae</strong></span> <span class='ocrx_word' id='word_1_188' title='bbox 777 2030 955 2095; x_wconf 90' lang='lat' dir='ltr'><strong>conciones</strong></span> <span class='ocrx_word' id='word_1_189' title='bbox 987 2028 1075 2113; x_wconf 92' lang='lat' dir='ltr'><strong>apud</strong></span> <span class='ocrx_word' id='word_1_190' title='bbox 1106 2026 1315 2112; x_wconf 83' lang='lat' dir='ltr'><strong>Prophetas,</strong></span> <span class='ocrx_word' id='word_1_191' title='bbox 1353 2039 1390 2095; x_wconf 90' lang='lat' dir='ltr'><strong>ut</strong></span> <span class='ocrx_word' id='word_1_192' title='bbox 1421 2026 1486 2091; x_wconf 87' lang='lat' dir='ltr'><strong>les.</strong></span> <span class='ocrx_word' id='word_1_193' title='bbox 1517 2027 1547 2090; x_wconf 89' lang='lat'><strong>1.</strong></span> <span class='ocrx_word' id='word_1_194' title='bbox 1675 2028 1743 2093; x_wconf 89' lang='lat' dir='ltr'><strong>Sed</strong></span> <span class='ocrx_word' id='word_1_195' title='bbox 1774 2029 1873 2092; x_wconf 90' lang='lat' dir='ltr'><strong>redeo</strong></span> <span class='ocrx_word' id='word_1_196' title='bbox 1896 2029 1939 2092; x_wconf 96' lang='lat' dir='ltr'><strong>ad</strong></span> <span class='ocrx_word' id='word_1_197' title='bbox 1960 2029 2153 2092; x_wconf 73' lang='lat' dir='ltr'><strong>testimonia.</strong></span> <span class='ocrx_word' id='word_1_198' title='bbox 2196 2027 2251 2091; x_wconf 85' lang='lat' dir='ltr'><strong>Ad</strong></span> <span class='ocrx_word' id='word_1_199' title='bbox 2274 2026 2350 2092; x_wconf 86' lang='lat' dir='ltr'><strong>Gal.</strong></span> <span class='ocrx_word' id='word_1_200' title='bbox 2373 2028 2406 2093; x_wconf 88' lang='grc'><strong>6.</strong></span> <span class='ocrx_word' id='word_1_201' title='bbox 2433 2034 2498 2106; x_wconf 88' lang='grc' dir='ltr'><strong>[νε.</strong></span> <span class='ocrx_word' id='word_1_202' title='bbox 2521 2031 2558 2111; x_wconf 86' lang='grc'><strong>1.]</strong></span> 
     </span>
     <span class='ocr_line' id='line_1_17' title="bbox 576 2109 2559 2198; baseline -0.003 -15"><span class='ocrx_word' id='word_1_203' title='bbox 576 2118 669 2183; x_wconf 88' lang='lat' dir='ltr'><strong>llaec</strong></span> <span class='ocrx_word' id='word_1_204' title='bbox 685 2127 793 2181; x_wconf 92' lang='lat' dir='ltr'><strong>autem</strong></span> <span class='ocrx_word' id='word_1_205' title='bbox 814 2111 1000 2178; x_wconf 82' lang='lat' dir='ltr'><strong>Ezechielis</strong></span> <span class='ocrx_word' id='word_1_206' title='bbox 1021 2123 1075 2178; x_wconf 90' lang='lat' dir='ltr'><strong>est</strong></span> <span class='ocrx_word' id='word_1_207' title='bbox 1094 2109 1350 2190; x_wconf 76' lang='lat' dir='ltr'><strong>memorabilior,</strong></span> <span class='ocrx_word' id='word_1_208' title='bbox 1371 2110 1460 2195; x_wconf 85' lang='lat' dir='ltr'><strong>quod</strong></span> <span class='ocrx_word' id='word_1_209' title='bbox 1481 2111 1547 2176; x_wconf 90' lang='lat' dir='ltr'><strong>ius·</strong></span> <span class='ocrx_word' id='word_1_210' title='bbox 1591 2113 1723 2179; x_wconf 85' lang='lat' dir='ltr'><strong>dicitur:</strong></span> <span class='ocrx_word' id='word_1_211' title='bbox 1766 2111 1803 2176; x_wconf 91' lang='lat' dir='ltr'><strong>Si</strong></span> <span class='ocrx_word' id='word_1_212' title='bbox 1825 2124 2089 2196; x_wconf 89' lang='lat' dir='ltr'><strong>praeoccupatus</strong></span> <span class='ocrx_word' id='word_1_213' title='bbox 2111 2110 2208 2176; x_wconf 83' lang='lat' dir='ltr'><strong>iirerit</strong></span> <span class='ocrx_word' id='word_1_214' title='bbox 2227 2110 2326 2175; x_wconf 89' lang='lat' dir='ltr'><strong>homo</strong></span> <span class='ocrx_word' id='word_1_215' title='bbox 2349 2110 2468 2198; x_wconf 88' lang='lat' dir='ltr'><strong>aliquo</strong></span> <span class='ocrx_word' id='word_1_216' title='bbox 2490 2133 2559 2198; x_wconf 79' lang='lat' dir='ltr'><strong>pec</strong></span> 
     </span>
     <span class='ocr_line' id='line_1_18' title="bbox 577 2193 2558 2282; baseline -0.004 -14"><span class='ocrx_word' id='word_1_217' title='bbox 577 2200 748 2268; x_wconf 74' lang='lat' dir='ltr'><strong>arandum</strong></span> <span class='ocrx_word' id='word_1_218' title='bbox 780 2198 920 2275; x_wconf 89' lang='lat' dir='ltr'><strong>additur,</strong></span> <span class='ocrx_word' id='word_1_219' title='bbox 961 2196 1049 2262; x_wconf 88' lang='lat' dir='ltr'><strong>Vivo</strong></span> <span class='ocrx_word' id='word_1_220' title='bbox 1077 2217 1153 2282; x_wconf 88' lang='lat' dir='ltr'><strong>ego,</strong></span> <span class='ocrx_word' id='word_1_221' title='bbox 1184 2206 1222 2260; x_wconf 91' lang='lat' dir='ltr'><strong>ut</strong></span> <span class='ocrx_word' id='word_1_222' title='bbox 1254 2196 1476 2261; x_wconf 89' lang='lat' dir='ltr'><strong>conscientiae</strong></span> <span class='ocrx_word' id='word_1_223' title='bbox 1508 2215 1549 2258; x_wconf 93' lang='lat' dir='ltr'><strong>eo</strong></span> <span class='ocrx_word' id='word_1_224' title='bbox 1591 2208 1678 2274; x_wconf 92' lang='lat' dir='ltr'><strong>cato,</strong></span> <span class='ocrx_word' id='word_1_225' title='bbox 1709 2215 1784 2273; x_wconf 90' lang='lat' dir='ltr'><strong>vos,</strong></span> <span class='ocrx_word' id='word_1_226' title='bbox 1816 2198 1911 2280; x_wconf 89' lang='lat' dir='ltr'><strong>quis</strong></span> <span class='ocrx_word' id='word_1_227' title='bbox 1934 2193 2081 2262; x_wconf 91' lang='lat' dir='ltr'><strong>irituales</strong></span> <span class='ocrx_word' id='word_1_228' title='bbox 2103 2198 2195 2280; x_wconf 87' lang='lat' dir='ltr'><strong>estis,</strong></span> <span class='ocrx_word' id='word_1_229' title='bbox 2220 2195 2378 2278; x_wconf 81' lang='lat' dir='ltr'><strong>corrigite</strong></span> <span class='ocrx_word' id='word_1_230' title='bbox 2400 2217 2481 2262; x_wconf 90' lang='lat' dir='ltr'><strong>eum</strong></span> <span class='ocrx_word' id='word_1_231' title='bbox 2501 2200 2558 2282; x_wconf 79' lang='lat' dir='ltr'><strong>spi</strong></span> 
     </span>
     <span class='ocr_line' id='line_1_19' title="bbox 577 2277 2559 2369; baseline 0.001 -23"><span class='ocrx_word' id='word_1_232' title='bbox 577 2283 682 2369; x_wconf 88' lang='lat' dir='ltr'><strong>magis</strong></span> <span class='ocrx_word' id='word_1_233' title='bbox 704 2283 882 2368; x_wconf 80' lang='lat' dir='ltr'><strong>erigantur,</strong></span> <span class='ocrx_word' id='word_1_234' title='bbox 900 2301 975 2346; x_wconf 91' lang='lat' dir='ltr'><strong>cum</strong></span> <span class='ocrx_word' id='word_1_235' title='bbox 994 2281 1132 2346; x_wconf 88' lang='lat' dir='ltr'><strong>audiunt</strong></span> <span class='ocrx_word' id='word_1_236' title='bbox 1151 2300 1220 2344; x_wconf 91' lang='lat' dir='ltr'><strong>non</strong></span> <span class='ocrx_word' id='word_1_237' title='bbox 1240 2279 1549 2362; x_wconf 86' lang='lat' dir='ltr'><strong>solumpromissio·</strong></span> <span class='ocrx_word' id='word_1_238' title='bbox 1591 2283 1655 2344; x_wconf 85' lang='lat' dir='ltr'><strong>ritu</strong></span> <span class='ocrx_word' id='word_1_239' title='bbox 1686 2277 1840 2344; x_wconf 90' lang='lat' dir='ltr'><strong>lenitatis.</strong></span> <span class='ocrx_word' id='word_1_240' title='bbox 1925 2281 1956 2345; x_wconf 92' lang='lat' dir='ltr'><strong>ic</strong></span> <span class='ocrx_word' id='word_1_241' title='bbox 1994 2282 2154 2363; x_wconf 88' lang='lat' dir='ltr'><strong>praecipit</strong></span> <span class='ocrx_word' id='word_1_242' title='bbox 2186 2281 2337 2345; x_wconf 86' lang='lat' dir='ltr'><strong>revocari</strong></span> <span class='ocrx_word' id='word_1_243' title='bbox 2370 2277 2491 2365; x_wconf 88' lang='lat' dir='ltr'><strong>lapsos</strong></span> <span class='ocrx_word' id='word_1_244' title='bbox 2522 2284 2559 2346; x_wconf 87' lang='lat' dir='ltr'><strong>ad</strong></span> 
     </span>
     <span class='ocr_line' id='line_1_20' title="bbox 578 2362 2558 2447; baseline -0.002 -13"><span class='ocrx_word' id='word_1_245' title='bbox 578 2387 663 2445; x_wconf 91' lang='lat' dir='ltr'><strong>nem,</strong></span> <span class='ocrx_word' id='word_1_246' title='bbox 694 2365 755 2430; x_wconf 89' lang='lat' dir='ltr'><strong>sed</strong></span> <span class='ocrx_word' id='word_1_247' title='bbox 788 2368 886 2432; x_wconf 87' lang='lat' dir='ltr'><strong>etiam</strong></span> <span class='ocrx_word' id='word_1_248' title='bbox 918 2363 1142 2432; x_wconf 86' lang='lat' dir='ltr'><strong>confirmatam</strong></span> <span class='ocrx_word' id='word_1_249' title='bbox 1173 2366 1392 2429; x_wconf 85' lang='lat' dir='ltr'><strong>imeimundo.</strong></span> <span class='ocrx_word' id='word_1_250' title='bbox 1453 2362 1548 2426; x_wconf 85' lang='lat' dir='ltr'><strong>lianc</strong></span> <span class='ocrx_word' id='word_1_251' title='bbox 1635 2365 1833 2428; x_wconf 87' lang='lat' dir='ltr'><strong>enitentiam.</strong></span> <span class='ocrx_word' id='word_1_252' title='bbox 1860 2362 1967 2447; x_wconf 81' lang='lat' dir='ltr'><strong>Apoc.</strong></span> <span class='ocrx_word' id='word_1_253' title='bbox 1989 2364 2020 2427; x_wconf 77' lang='lat'><strong>2.</strong></span> <span class='ocrx_word' id='word_1_254' title='bbox 2044 2369 2108 2442; x_wconf 88' lang='lat' dir='ltr'><strong>[vs.</strong></span> <span class='ocrx_word' id='word_1_255' title='bbox 2130 2364 2174 2443; x_wconf 88' lang='grc'><strong>5.]</strong></span> <span class='ocrx_word' id='word_1_256' title='bbox 2218 2363 2345 2428; x_wconf 84' lang='lat' dir='ltr'><strong>Memor</strong></span> <span class='ocrx_word' id='word_1_257' title='bbox 2367 2375 2458 2444; x_wconf 90' lang='lat' dir='ltr'><strong>esto,</strong></span> <span class='ocrx_word' id='word_1_258' title='bbox 2480 2367 2558 2432; x_wconf 87' lang='lat' dir='ltr'><strong>unde</strong></span> 
     </span>
     <span class='ocr_line' id='line_1_21' title="bbox 482 2445 2560 2550; baseline -0.002 -32"><span class='ocrx_word' id='word_1_259' title='bbox 482 2511 485 2518; x_wconf 93' lang='lat'><em>.</em></span> <span class='ocrx_word' id='word_1_260' title='bbox 577 2453 676 2538; x_wconf 87' lang='lat' dir='ltr'><strong>igitur</strong></span> <span class='ocrx_word' id='word_1_261' title='bbox 698 2448 957 2530; x_wconf 81' lang='lat' dir='ltr'><strong>consolationem</strong></span> <span class='ocrx_word' id='word_1_262' title='bbox 978 2447 1153 2534; x_wconf 89' lang='lat' dir='ltr'><strong>infigamus</strong></span> <span class='ocrx_word' id='word_1_263' title='bbox 1164 2450 1292 2525; x_wconf 90' lang='lat' dir='ltr'><strong>animis,</strong></span> <span class='ocrx_word' id='word_1_264' title='bbox 1310 2460 1343 2512; x_wconf 89' lang='lat' dir='ltr'><strong>et</strong></span> <span class='ocrx_word' id='word_1_265' title='bbox 1354 2449 1549 2534; x_wconf 81' lang='lat' dir='ltr'><strong>cogitemus,</strong></span> <span class='ocrx_word' id='word_1_266' title='bbox 1624 2467 1705 2531; x_wconf 83' lang='lat' dir='ltr'><strong>psus</strong></span> <span class='ocrx_word' id='word_1_267' title='bbox 1737 2448 1797 2525; x_wconf 91' lang='lat' dir='ltr'><strong>sis,</strong></span> <span class='ocrx_word' id='word_1_268' title='bbox 1830 2459 1863 2511; x_wconf 94' lang='lat' dir='ltr'><strong>et</strong></span> <span class='ocrx_word' id='word_1_269' title='bbox 1895 2450 2125 2530; x_wconf 88' lang='lat' dir='ltr'><strong>poenitentiam</strong></span> <span class='ocrx_word' id='word_1_270' title='bbox 2156 2469 2219 2550; x_wconf 83' lang='lat' dir='ltr'><strong>age</strong></span> <span class='ocrx_word' id='word_1_271' title='bbox 2251 2461 2284 2511; x_wconf 92' lang='lat' dir='ltr'><strong>et</strong></span> <span class='ocrx_word' id='word_1_272' title='bbox 2316 2445 2420 2514; x_wconf 68' lang='lat' dir='ltr'><strong>heito</strong></span> <span class='ocrx_word' id='word_1_273' title='bbox 2457 2453 2560 2532; x_wconf 90' lang='lat' dir='ltr'><strong>priora</strong></span> 
     </span>
     <span class='ocr_line' id='line_1_22' title="bbox 580 2531 2561 2685; baseline -0.001 -85"><span class='ocrx_word' id='word_1_274' title='bbox 580 2535 774 2685; x_wconf 58' lang='lat' dir='ltr'><strong>quarptaipis</strong></span> <span class='ocrx_word' id='word_1_275' title='bbox 795 2537 838 2682; x_wconf 61' lang='lat' dir='ltr'><strong>stit</strong></span> <span class='ocrx_word' id='word_1_276' title='bbox 860 2536 981 2682; x_wconf 63' lang='lat' dir='ltr'><strong>amtpris</strong></span> <span class='ocrx_word' id='word_1_277' title='bbox 1004 2534 1102 2682; x_wconf 46' lang='lat' dir='ltr'><strong>dippirpi</strong></span> <span class='ocrx_word' id='word_1_278' title='bbox 1124 2552 1205 2680; x_wconf 75' lang='lat' dir='ltr'><strong>ergai</strong></span> <span class='ocrx_word' id='word_1_279' title='bbox 1219 2553 1293 2680; x_wconf 75' lang='lat' dir='ltr'><strong>aps,</strong></span> <span class='ocrx_word' id='word_1_280' title='bbox 1315 2554 1415 2682; x_wconf 52' lang='lat' dir='ltr'><strong>quaffi</strong></span> <span class='ocrx_word' id='word_1_281' title='bbox 1432 2531 1549 2681; x_wconf 50' lang='lat' dir='ltr'><strong>utpldep:</strong></span> <span class='ocrx_word' id='word_1_282' title='bbox 1592 2552 1705 2617; x_wconf 85' lang='lat' dir='ltr'><strong>opera.</strong></span> <span class='ocrx_word' id='word_1_283' title='bbox 1749 2531 1831 2596; x_wconf 89' lang='lat' dir='ltr'><strong>Luc.</strong></span> <span class='ocrx_word' id='word_1_284' title='bbox 1855 2531 1906 2679; x_wconf 61' lang='grc' dir='ltr'><strong>Ιῗ.</strong></span> <span class='ocrx_word' id='word_1_285' title='bbox 1929 2538 1993 2609; x_wconf 88' lang='grc' dir='ltr'><strong>[νε.</strong></span> <span class='ocrx_word' id='word_1_286' title='bbox 2015 2532 2246 2681; x_wconf 52' lang='lat' dir='ltr'><strong>Zigapidrum</strong></span> <span class='ocrx_word' id='word_1_287' title='bbox 2267 2542 2332 2679; x_wconf 50' lang='lat' dir='ltr'><strong>estp</strong></span> <span class='ocrx_word' id='word_1_288' title='bbox 2442 2531 2492 2680; x_wconf 77' lang='lat' dir='ltr'><strong>tlis</strong></span> <span class='ocrx_word' id='word_1_289' title='bbox 2513 2553 2561 2598; x_wconf 91' lang='lat' dir='ltr'><strong>sa·</strong></span> 
     </span>
     <span class='ocr_line' id='line_1_23' title="bbox 579 2635 2561 2847; baseline -0.003 -78"><span class='ocrx_word' id='word_1_290' title='bbox 579 2635 1548 2785; x_wconf 46' lang='lat' dir='ltr'><strong>iactati,itatiatat‘t’tttttntt,t,</strong></span> <span class='ocrx_word' id='word_1_291' title='bbox 1590 2635 1752 2768; x_wconf 63' lang='lat' dir='ltr'><strong>timi</strong></span> <span class='ocrx_word' id='word_1_292' title='bbox 1798 2635 2389 2847; x_wconf 52' lang='lat' dir='ltr'><strong>,ptiotttttittttttt</strong></span> <span class='ocrx_word' id='word_1_293' title='bbox 2411 2637 2561 2786; x_wconf 59' lang='lat' dir='ltr'><strong>carli?</strong></span> 
     </span>
     <span class='ocr_line' id='line_1_24' title="bbox 580 2781 2436 2870; baseline -0.001 -18"><span class='ocrx_word' id='word_1_294' title='bbox 580 2789 650 2852; x_wconf 85' lang='lat' dir='ltr'><strong>stri.</strong></span> <span class='ocrx_word' id='word_1_295' title='bbox 691 2786 735 2850; x_wconf 91' lang='lat' dir='ltr'><strong>Et</strong></span> <span class='ocrx_word' id='word_1_296' title='bbox 765 2785 830 2852; x_wconf 86' lang='lat' dir='ltr'><strong>lrac</strong></span> <span class='ocrx_word' id='word_1_297' title='bbox 862 2786 1064 2870; x_wconf 74' lang='lat' dir='ltr'><strong>cogitatione</strong></span> <span class='ocrx_word' id='word_1_298' title='bbox 1094 2805 1158 2850; x_wconf 91' lang='lat' dir='ltr'><strong>nos</strong></span> <span class='ocrx_word' id='word_1_299' title='bbox 1189 2785 1233 2848; x_wconf 89' lang='lat' dir='ltr'><strong>ad</strong></span> <span class='ocrx_word' id='word_1_300' title='bbox 1264 2785 1494 2868; x_wconf 88' lang='lat' dir='ltr'><strong>poeniteutiam</strong></span> <span class='ocrx_word' id='word_1_301' title='bbox 1516 2793 1550 2847; x_wconf 90' lang='lat' dir='ltr'><strong>et</strong></span> <span class='ocrx_word' id='word_1_302' title='bbox 1592 2786 1660 2864; x_wconf 89' lang='lat' dir='ltr'><strong>diti,</strong></span> <span class='ocrx_word' id='word_1_303' title='bbox 1679 2785 1714 2848; x_wconf 90' lang='lat' dir='ltr'><strong>id</strong></span> <span class='ocrx_word' id='word_1_304' title='bbox 1735 2796 1798 2863; x_wconf 88' lang='lat' dir='ltr'><strong>est,</strong></span> <span class='ocrx_word' id='word_1_305' title='bbox 1842 2783 2012 2864; x_wconf 87' lang='lat' dir='ltr'><strong>etalibus,</strong></span> <span class='ocrx_word' id='word_1_306' title='bbox 2034 2786 2088 2870; x_wconf 93' lang='lat' dir='ltr'><strong>qui</strong></span> <span class='ocrx_word' id='word_1_307' title='bbox 2111 2797 2209 2849; x_wconf 81' lang='lat' dir='ltr'><strong>autea</strong></span> <span class='ocrx_word' id='word_1_308' title='bbox 2227 2781 2359 2850; x_wconf 81' lang='lat' dir='ltr'><strong>fuerant</strong></span> <span class='ocrx_word' id='word_1_309' title='bbox 2404 2785 2436 2850; x_wconf 81' lang='lat' dir='ltr'><strong>ii.</strong></span> 
     </span>
    </p>
   </div>
   <div class='ocr_carea' id='block_1_3' title="bbox 580 2866 2561 3186">
    <p class='ocr_par' dir='ltr' id='par_1_3' title="bbox 580 2866 2561 3186">
     <span class='ocr_line' id='line_1_25' title="bbox 580 2866 2559 2937; baseline -0.002 0"><span class='ocrx_word' id='word_1_310' title='bbox 580 2889 693 2937; x_wconf 91' lang='lat' dir='ltr'><strong>veram</strong></span> <span class='ocrx_word' id='word_1_311' title='bbox 713 2870 954 2936; x_wconf 87' lang='lat' dir='ltr'><strong>invocationem</strong></span> <span class='ocrx_word' id='word_1_312' title='bbox 970 2870 1160 2934; x_wconf 83' lang='lat' dir='ltr'><strong>excitemus.</strong></span> <span class='ocrx_word' id='word_1_313' title='bbox 1677 2869 1745 2936; x_wconf 87' lang='lat' dir='ltr'><strong>Sed</strong></span> <span class='ocrx_word' id='word_1_314' title='bbox 1766 2869 1942 2934; x_wconf 90' lang='lat' dir='ltr'><strong>Novatiani</strong></span> <span class='ocrx_word' id='word_1_315' title='bbox 1974 2871 2059 2935; x_wconf 90' lang='lat' dir='ltr'><strong>duos</strong></span> <span class='ocrx_word' id='word_1_316' title='bbox 2080 2867 2176 2934; x_wconf 90' lang='lat' dir='ltr'><strong>locos</strong></span> <span class='ocrx_word' id='word_1_317' title='bbox 2200 2888 2241 2932; x_wconf 82' lang='lat' dir='ltr'><strong>ex</strong></span> <span class='ocrx_word' id='word_1_318' title='bbox 2261 2866 2290 2931; x_wconf 93' lang='lat' dir='ltr'><strong>E</strong></span> <span class='ocrx_word' id='word_1_319' title='bbox 2313 2869 2379 2933; x_wconf 87' lang='lat' dir='ltr'><strong>isto</strong></span> <span class='ocrx_word' id='word_1_320' title='bbox 2435 2871 2483 2934; x_wconf 89' lang='lat' dir='ltr'><strong>ed</strong></span> <span class='ocrx_word' id='word_1_321' title='bbox 2504 2871 2559 2933; x_wconf 87' lang='lat' dir='ltr'><strong>lle·</strong></span> 
     </span>
     <span class='ocr_line' id='line_1_26' title="bbox 666 2949 2559 3036; baseline 0.001 -18"><span class='ocrx_word' id='word_1_322' title='bbox 666 2953 738 3019; x_wconf 86' lang='lat' dir='ltr'><strong>Nec</strong></span> <span class='ocrx_word' id='word_1_323' title='bbox 758 2952 847 3020; x_wconf 90' lang='lat' dir='ltr'><strong>valet</strong></span> <span class='ocrx_word' id='word_1_324' title='bbox 867 2952 933 3018; x_wconf 84' lang='lat' dir='ltr'><strong>lroc</strong></span> <span class='ocrx_word' id='word_1_325' title='bbox 953 2950 1029 3019; x_wconf 91' lang='lat' dir='ltr'><strong>loco</strong></span> <span class='ocrx_word' id='word_1_326' title='bbox 1052 2949 1233 3032; x_wconf 85' lang='lat' dir='ltr'><strong>cavillatio,</strong></span> <span class='ocrx_word' id='word_1_327' title='bbox 1260 2951 1350 3036; x_wconf 88' lang='lat' dir='ltr'><strong>qnod</strong></span> <span class='ocrx_word' id='word_1_328' title='bbox 1371 2962 1468 3016; x_wconf 91' lang='lat' dir='ltr'><strong>vetus</strong></span> <span class='ocrx_word' id='word_1_329' title='bbox 1489 2949 1550 3014; x_wconf 89' lang='grc' dir='ltr'><strong>Τε-</strong></span> <span class='ocrx_word' id='word_1_330' title='bbox 1593 2956 1714 3018; x_wconf 87' lang='lat' dir='ltr'><strong>bracos</strong></span> <span class='ocrx_word' id='word_1_331' title='bbox 1737 2953 1902 3018; x_wconf 89' lang='lat' dir='ltr'><strong>obiiciunt.</strong></span> <span class='ocrx_word' id='word_1_332' title='bbox 1947 2953 2048 3017; x_wconf 88' lang='lat' dir='ltr'><strong>Hebr.</strong></span> <span class='ocrx_word' id='word_1_333' title='bbox 2071 2953 2102 3016; x_wconf 89' lang='grc'><strong>6.</strong></span> <span class='ocrx_word' id='word_1_334' title='bbox 2127 2960 2190 3031; x_wconf 90' lang='grc' dir='ltr'><strong>[νε.</strong></span> <span class='ocrx_word' id='word_1_335' title='bbox 2212 2952 2256 3030; x_wconf 72' lang='lat' dir='ltr'><strong>ci]</strong></span> <span class='ocrx_word' id='word_1_336' title='bbox 2294 2951 2494 3036; x_wconf 86' lang='lat' dir='ltr'><strong>mpossibile</strong></span> <span class='ocrx_word' id='word_1_337' title='bbox 2515 2971 2559 3020; x_wconf 86' lang='grc' dir='ltr'><strong>εει</strong></span> 
     </span>
     <span class='ocr_line' id='line_1_27' title="bbox 582 3032 2561 3186; baseline -0.001 -81"><span class='ocrx_word' id='word_1_338' title='bbox 582 3049 777 3105; x_wconf 86' lang='lat' dir='ltr'><strong>stamentum</strong></span> <span class='ocrx_word' id='word_1_339' title='bbox 797 3037 949 3103; x_wconf 89' lang='lat' dir='ltr'><strong>habuerit</strong></span> <span class='ocrx_word' id='word_1_340' title='bbox 968 3037 1162 3103; x_wconf 88' lang='lat' dir='ltr'><strong>beneficium</strong></span> <span class='ocrx_word' id='word_1_341' title='bbox 1185 3038 1227 3101; x_wconf 92' lang='lat' dir='ltr'><strong>de</strong></span> <span class='ocrx_word' id='word_1_342' title='bbox 1249 3036 1482 3101; x_wconf 89' lang='lat' dir='ltr'><strong>convertendis</strong></span> <span class='ocrx_word' id='word_1_343' title='bbox 1504 3033 1550 3098; x_wconf 89' lang='lat' dir='ltr'><strong>la·</strong></span> <span class='ocrx_word' id='word_1_344' title='bbox 1593 3058 1664 3117; x_wconf 90' lang='lat' dir='ltr'><strong>eos,</strong></span> <span class='ocrx_word' id='word_1_345' title='bbox 1686 3039 1741 3120; x_wconf 88' lang='lat' dir='ltr'><strong>qni</strong></span> <span class='ocrx_word' id='word_1_346' title='bbox 1762 3032 1865 3100; x_wconf 89' lang='lat' dir='ltr'><strong>semel</strong></span> <span class='ocrx_word' id='word_1_347' title='bbox 1886 3033 2056 3100; x_wconf 88' lang='lat' dir='ltr'><strong>illuminati</strong></span> <span class='ocrx_word' id='word_1_348' title='bbox 2078 3047 2166 3115; x_wconf 90' lang='lat' dir='ltr'><strong>sunt,</strong></span> <span class='ocrx_word' id='word_1_349' title='bbox 2187 3037 2337 3101; x_wconf 84' lang='lat' dir='ltr'><strong>revocari</strong></span> <span class='ocrx_word' id='word_1_350' title='bbox 2349 3039 2469 3186; x_wconf 53' lang='lat' dir='ltr'><strong>⁶⁴pluri</strong></span> <span class='ocrx_word' id='word_1_351' title='bbox 2487 3055 2561 3124; x_wconf 87' lang='lat' dir='ltr'><strong>poe·</strong></span> 
     </span>
    </p>
   </div>
   <div class='ocr_carea' id='block_1_4' title="bbox 581 3117 2568 4727">
    <p class='ocr_par' dir='ltr' id='par_1_4' title="bbox 581 3117 2568 4727">
     <span class='ocr_line' id='line_1_28' title="bbox 620 3117 2560 3200; baseline -0.002 -14"><span class='ocrx_word' id='word_1_352' title='bbox 620 3123 661 3200; x_wconf 89' lang='lat' dir='ltr'><strong>is,</strong></span> <span class='ocrx_word' id='word_1_353' title='bbox 683 3123 717 3186; x_wconf 89' lang='lat' dir='ltr'><strong>iu</strong></span> <span class='ocrx_word' id='word_1_354' title='bbox 732 3120 829 3186; x_wconf 86' lang='lat' dir='ltr'><strong>Novo</strong></span> <span class='ocrx_word' id='word_1_355' title='bbox 852 3119 1010 3185; x_wconf 88' lang='lat' dir='ltr'><strong>dissimile</strong></span> <span class='ocrx_word' id='word_1_356' title='bbox 1032 3141 1119 3186; x_wconf 87' lang='lat' dir='ltr'><strong>esse.</strong></span> <span class='ocrx_word' id='word_1_357' title='bbox 1151 3121 1236 3186; x_wconf 87' lang='lat' dir='ltr'><strong>Nem</strong></span> <span class='ocrx_word' id='word_1_358' title='bbox 1257 3123 1375 3186; x_wconf 88' lang='lat' dir='ltr'><strong>concio</strong></span> <span class='ocrx_word' id='word_1_359' title='bbox 1395 3118 1550 3184; x_wconf 82' lang='lat' dir='ltr'><strong>Ezechie-</strong></span> <span class='ocrx_word' id='word_1_360' title='bbox 1593 3124 1759 3186; x_wconf 80' lang='lat' dir='ltr'><strong>nitentium</strong></span> <span class='ocrx_word' id='word_1_361' title='bbox 1781 3132 1844 3185; x_wconf 88' lang='lat' dir='ltr'><strong>etc.</strong></span> <span class='ocrx_word' id='word_1_362' title='bbox 1888 3117 2074 3192; x_wconf 84' lang='lat' dir='ltr'><strong>Quamlibet</strong></span> <span class='ocrx_word' id='word_1_363' title='bbox 2106 3121 2206 3186; x_wconf 91' lang='lat' dir='ltr'><strong>durus</strong></span> <span class='ocrx_word' id='word_1_364' title='bbox 2227 3121 2357 3186; x_wconf 90' lang='lat' dir='ltr'><strong>videtur</strong></span> <span class='ocrx_word' id='word_1_365' title='bbox 2404 3122 2435 3184; x_wconf 90' lang='lat' dir='ltr'><strong>&#39;c</strong></span> <span class='ocrx_word' id='word_1_366' title='bbox 2455 3119 2560 3196; x_wconf 74' lang='lat' dir='ltr'><strong>hcm,</strong></span> 
     </span>
     <span class='ocr_line' id='line_1_29' title="bbox 593 3201 2561 3289; baseline 0 -19"><span class='ocrx_word' id='word_1_367' title='bbox 593 3208 602 3227; x_wconf 88' lang='lat'>&#39;</span> <span class='ocrx_word' id='word_1_368' title='bbox 643 3205 685 3270; x_wconf 88' lang='lat' dir='ltr'><strong>ad</strong></span> <span class='ocrx_word' id='word_1_369' title='bbox 706 3206 894 3271; x_wconf 85' lang='lat' dir='ltr'><strong>universam</strong></span> <span class='ocrx_word' id='word_1_370' title='bbox 903 3201 1089 3271; x_wconf 86' lang='lat' dir='ltr'><strong>Ecclesiam</strong></span> <span class='ocrx_word' id='word_1_371' title='bbox 1112 3207 1253 3270; x_wconf 90' lang='lat' dir='ltr'><strong>omnium</strong></span> <span class='ocrx_word' id='word_1_372' title='bbox 1274 3216 1456 3289; x_wconf 88' lang='lat' dir='ltr'><strong>temporum</strong></span> <span class='ocrx_word' id='word_1_373' title='bbox 1477 3224 1550 3286; x_wconf 90' lang='lat' dir='ltr'><strong>per·</strong></span> <span class='ocrx_word' id='word_1_374' title='bbox 1594 3219 1714 3284; x_wconf 88' lang='lat' dir='ltr'><strong>tamen,</strong></span> <span class='ocrx_word' id='word_1_375' title='bbox 1745 3205 1775 3268; x_wconf 90' lang='lat' dir='ltr'><strong>si</strong></span> <span class='ocrx_word' id='word_1_376' title='bbox 1796 3205 1999 3270; x_wconf 88' lang='lat' dir='ltr'><strong>conscientia</strong></span> <span class='ocrx_word' id='word_1_377' title='bbox 2020 3205 2217 3269; x_wconf 87' lang='lat' dir='ltr'><strong>communita</strong></span> <span class='ocrx_word' id='word_1_378' title='bbox 2238 3215 2289 3268; x_wconf 89' lang='lat' dir='ltr'><strong>est</strong></span> <span class='ocrx_word' id='word_1_379' title='bbox 2311 3207 2404 3270; x_wconf 91' lang='lat' dir='ltr'><strong>veris</strong></span> <span class='ocrx_word' id='word_1_380' title='bbox 2421 3206 2561 3270; x_wconf 77' lang='lat' dir='ltr'><strong>testim·</strong></span> 
     </span>
     <span class='ocr_line' id='line_1_30' title="bbox 581 3285 2561 3395; baseline -0.002 -37"><span class='ocrx_word' id='word_1_381' title='bbox 581 3292 677 3367; x_wconf 89' lang='lat' dir='ltr'><strong>tinet,</strong></span> <span class='ocrx_word' id='word_1_382' title='bbox 709 3299 742 3352; x_wconf 86' lang='lat' dir='ltr'><strong>ct</strong></span> <span class='ocrx_word' id='word_1_383' title='bbox 773 3290 887 3386; x_wconf 81' lang='lat' dir='ltr'><strong>eadem</strong></span> <span class='ocrx_word' id='word_1_384' title='bbox 908 3308 1040 3373; x_wconf 90' lang='lat' dir='ltr'><strong>semper</strong></span> <span class='ocrx_word' id='word_1_385' title='bbox 1062 3300 1114 3354; x_wconf 88' lang='lat' dir='ltr'><strong>est</strong></span> <span class='ocrx_word' id='word_1_386' title='bbox 1135 3287 1288 3356; x_wconf 86' lang='lat' dir='ltr'><strong>Ecclesia</strong></span> <span class='ocrx_word' id='word_1_387' title='bbox 1309 3289 1450 3354; x_wconf 89' lang='lat' dir='ltr'><strong>omnium</strong></span> <span class='ocrx_word' id='word_1_388' title='bbox 1471 3301 1551 3352; x_wconf 90' lang='lat' dir='ltr'><strong>tem·</strong></span> <span class='ocrx_word' id='word_1_389' title='bbox 1593 3291 1656 3354; x_wconf 89' lang='lat' dir='ltr'><strong>niis</strong></span> <span class='ocrx_word' id='word_1_390' title='bbox 1689 3309 1790 3371; x_wconf 87' lang='lat' dir='ltr'><strong>supra</strong></span> <span class='ocrx_word' id='word_1_391' title='bbox 1816 3289 1942 3389; x_wconf 74' lang='lat' dir='ltr'><strong>pitatis,</strong></span> <span class='ocrx_word' id='word_1_392' title='bbox 1963 3307 2030 3352; x_wconf 90' lang='lat' dir='ltr'><strong>non</strong></span> <span class='ocrx_word' id='word_1_393' title='bbox 2051 3298 2162 3393; x_wconf 76' lang='lat' dir='ltr'><strong>potest</strong></span> <span class='ocrx_word' id='word_1_394' title='bbox 2181 3287 2247 3352; x_wconf 87' lang='lat' dir='ltr'><strong>hoc</strong></span> <span class='ocrx_word' id='word_1_395' title='bbox 2267 3285 2345 3392; x_wconf 73' lang='lat' dir='ltr'><strong>loco</strong></span> <span class='ocrx_word' id='word_1_396' title='bbox 2368 3290 2561 3395; x_wconf 68' lang='lat' dir='ltr'><strong>perturbari.</strong></span> 
     </span>
     <span class='ocr_line' id='line_1_31' title="bbox 581 3369 2563 3541; baseline 0.002 -22"><span class='ocrx_word' id='word_1_397' title='bbox 581 3382 752 3519; x_wconf 55' lang='lat' dir='ltr'><strong>mili</strong></span> <span class='ocrx_word' id='word_1_398' title='bbox 767 3369 1181 3538; x_wconf 55' lang='lat' dir='ltr'><strong>tttitfflt‘ibm</strong></span> <span class='ocrx_word' id='word_1_399' title='bbox 1225 3477 1267 3521; x_wconf 65' lang='lat' dir='ltr'><strong>a</strong></span> <span class='ocrx_word' id='word_1_400' title='bbox 1308 3475 1399 3521; x_wconf 69' lang='grc' dir='ltr'><strong>...ο</strong></span> <span class='ocrx_word' id='word_1_401' title='bbox 1437 3453 1552 3518; x_wconf 71' lang='grc'><strong>...-</strong></span> <span class='ocrx_word' id='word_1_402' title='bbox 1594 3373 1879 3540; x_wconf 53' lang='grc' dir='ltr'><strong>ῗῖὲεῖῗῖἓξέἔὲ</strong></span> <span class='ocrx_word' id='word_1_403' title='bbox 1894 3390 1961 3519; x_wconf 65' lang='lat' dir='ltr'><strong>„ii</strong></span> <span class='ocrx_word' id='word_1_404' title='bbox 1982 3374 2438 3541; x_wconf 50' lang='lat' dir='ltr'><strong>:bittitt‘tttt&#39;ff</strong></span> <span class='ocrx_word' id='word_1_405' title='bbox 2469 3385 2563 3522; x_wconf 65' lang='lat' dir='ltr'><strong>tit</strong></span> 
     </span>
     <span class='ocr_line' id='line_1_32' title="bbox 583 3537 2562 3626; baseline 0.001 -20"><span class='ocrx_word' id='word_1_406' title='bbox 583 3550 704 3606; x_wconf 89' lang='lat' dir='ltr'><strong>mento.</strong></span> <span class='ocrx_word' id='word_1_407' title='bbox 756 3537 907 3604; x_wconf 82' lang='lat' dir='ltr'><strong>Clnistns</strong></span> <span class='ocrx_word' id='word_1_408' title='bbox 938 3540 1043 3623; x_wconf 88' lang='lat' dir='ltr'><strong>inquit</strong></span> <span class='ocrx_word' id='word_1_409' title='bbox 1072 3537 1189 3605; x_wconf 79' lang='lat' dir='ltr'><strong>Matth.</strong></span> <span class='ocrx_word' id='word_1_410' title='bbox 1224 3540 1276 3606; x_wconf 72' lang='grc'><strong>18.</strong></span> <span class='ocrx_word' id='word_1_411' title='bbox 1308 3545 1372 3620; x_wconf 87' lang='grc' dir='ltr'><strong>[νε.</strong></span> <span class='ocrx_word' id='word_1_412' title='bbox 1406 3538 1471 3618; x_wconf 87' lang='grc'><strong>15.]</strong></span> <span class='ocrx_word' id='word_1_413' title='bbox 1516 3538 1552 3603; x_wconf 82' lang='lat' dir='ltr'><strong>si</strong></span> <span class='ocrx_word' id='word_1_414' title='bbox 1594 3552 1705 3626; x_wconf 89' lang='lat' dir='ltr'><strong>potest</strong></span> <span class='ocrx_word' id='word_1_415' title='bbox 1719 3540 1866 3617; x_wconf 86' lang='lat' dir='ltr'><strong>iudicari,</strong></span> <span class='ocrx_word' id='word_1_416' title='bbox 1888 3559 1954 3604; x_wconf 91' lang='lat' dir='ltr'><strong>non</strong></span> <span class='ocrx_word' id='word_1_417' title='bbox 1975 3559 2078 3623; x_wconf 92' lang='lat' dir='ltr'><strong>posse</strong></span> <span class='ocrx_word' id='word_1_418' title='bbox 2098 3539 2152 3607; x_wconf 83' lang='lat' dir='ltr'><strong>hic</strong></span> <span class='ocrx_word' id='word_1_419' title='bbox 2174 3541 2307 3605; x_wconf 91' lang='lat' dir='ltr'><strong>retineri</strong></span> <span class='ocrx_word' id='word_1_420' title='bbox 2328 3540 2363 3604; x_wconf 77' lang='lat' dir='ltr'><strong>ri</strong></span> <span class='ocrx_word' id='word_1_421' title='bbox 2384 3541 2484 3626; x_wconf 68' lang='grc' dir='ltr'><strong>ῥηιὸν,</strong></span> <span class='ocrx_word' id='word_1_422' title='bbox 2507 3543 2562 3608; x_wconf 88' lang='lat' dir='ltr'><strong>sed</strong></span> 
     </span>
     <span class='ocr_line' id='line_1_33' title="bbox 583 3619 2561 3709; baseline 0.002 -21"><span class='ocrx_word' id='word_1_423' title='bbox 583 3621 735 3709; x_wconf 87' lang='lat' dir='ltr'><strong>peccavit</strong></span> <span class='ocrx_word' id='word_1_424' title='bbox 754 3623 788 3686; x_wconf 90' lang='lat' dir='ltr'><strong>in</strong></span> <span class='ocrx_word' id='word_1_425' title='bbox 809 3632 842 3686; x_wconf 92' lang='grc' dir='ltr'><strong>ιε</strong></span> <span class='ocrx_word' id='word_1_426' title='bbox 863 3619 967 3688; x_wconf 87' lang='lat' dir='ltr'><strong>irater</strong></span> <span class='ocrx_word' id='word_1_427' title='bbox 987 3633 1074 3702; x_wconf 88' lang='lat' dir='ltr'><strong>tuus,</strong></span> <span class='ocrx_word' id='word_1_428' title='bbox 1096 3627 1225 3708; x_wconf 84' lang='lat' dir='ltr'><strong>corripe</strong></span> <span class='ocrx_word' id='word_1_429' title='bbox 1246 3644 1339 3702; x_wconf 88' lang='lat' dir='ltr'><strong>eum,</strong></span> <span class='ocrx_word' id='word_1_430' title='bbox 1362 3625 1391 3688; x_wconf 88' lang='lat' dir='ltr'><strong>si</strong></span> <span class='ocrx_word' id='word_1_431' title='bbox 1413 3623 1553 3688; x_wconf 90' lang='lat' dir='ltr'><strong>audierit</strong></span> <span class='ocrx_word' id='word_1_432' title='bbox 1594 3626 1778 3691; x_wconf 83' lang='lat' dir='ltr'><strong>addendam</strong></span> <span class='ocrx_word' id='word_1_433' title='bbox 1811 3643 1888 3689; x_wconf 89' lang='lat' dir='ltr'><strong>esse</strong></span> <span class='ocrx_word' id='word_1_434' title='bbox 1917 3625 2121 3690; x_wconf 86' lang='lat' dir='ltr'><strong>commodam</strong></span> <span class='ocrx_word' id='word_1_435' title='bbox 2154 3625 2469 3708; x_wconf 81' lang='lat' dir='ltr'><strong>interpretationem.</strong></span> <span class='ocrx_word' id='word_1_436' title='bbox 2502 3623 2561 3692; x_wconf 79' lang='lat' dir='ltr'><strong>att</strong></span> 
     </span>
     <span class='ocr_line' id='line_1_34' title="bbox 583 3703 2561 3856; baseline 0.003 -85"><span class='ocrx_word' id='word_1_437' title='bbox 583 3706 794 3786; x_wconf 65' lang='lat' dir='ltr'><strong>reluctatus</strong></span> <span class='ocrx_word' id='word_1_438' title='bbox 815 3725 853 3772; x_wconf 86' lang='lat' dir='ltr'><strong>cs</strong></span> <span class='ocrx_word' id='word_1_439' title='bbox 873 3703 1019 3772; x_wconf 81' lang='lat' dir='ltr'><strong>fratrem</strong></span> <span class='ocrx_word' id='word_1_440' title='bbox 1050 3706 1134 3773; x_wconf 84' lang='lat' dir='ltr'><strong>Cum</strong></span> <span class='ocrx_word' id='word_1_441' title='bbox 1162 3709 1261 3788; x_wconf 86' lang='lat' dir='ltr'><strong>dicat,</strong></span> <span class='ocrx_word' id='word_1_442' title='bbox 1281 3707 1467 3774; x_wconf 90' lang='lat' dir='ltr'><strong>lucraberis</strong></span> <span class='ocrx_word' id='word_1_443' title='bbox 1487 3703 1553 3770; x_wconf 82' lang='lat' dir='ltr'><strong>fra·</strong></span> <span class='ocrx_word' id='word_1_444' title='bbox 1595 3709 1691 3776; x_wconf 89' lang='lat' dir='ltr'><strong>aliter</strong></span> <span class='ocrx_word' id='word_1_445' title='bbox 1722 3709 1867 3856; x_wconf 50' lang='grc' dir='ltr'><strong>ιιιὶιίἱειιι</strong></span> <span class='ocrx_word' id='word_1_446' title='bbox 1899 3706 1988 3772; x_wconf 88' lang='lat' dir='ltr'><strong>hunc</strong></span> <span class='ocrx_word' id='word_1_447' title='bbox 2020 3707 2144 3787; x_wconf 91' lang='lat' dir='ltr'><strong>locum,</strong></span> <span class='ocrx_word' id='word_1_448' title='bbox 2176 3721 2212 3774; x_wconf 92' lang='lat' dir='ltr'><strong>ut</strong></span> <span class='ocrx_word' id='word_1_449' title='bbox 2243 3708 2280 3773; x_wconf 89' lang='lat' dir='ltr'><strong>iit</strong></span> <span class='ocrx_word' id='word_1_450' title='bbox 2298 3710 2331 3773; x_wconf 92' lang='lat' dir='ltr'><strong>in</strong></span> <span class='ocrx_word' id='word_1_451' title='bbox 2354 3711 2515 3778; x_wconf 76' lang='lat' dir='ltr'><strong>obscuris</strong></span> <span class='ocrx_word' id='word_1_452' title='bbox 2534 3725 2561 3776; x_wconf 86' lang='lat' dir='ltr'><strong>et</strong></span> 
     </span>
     <span class='ocr_line' id='line_1_35' title="bbox 583 3787 2562 3879; baseline 0 -19"><span class='ocrx_word' id='word_1_453' title='bbox 583 3803 678 3870; x_wconf 72' lang='lat' dir='ltr'><strong>uem,</strong></span> <span class='ocrx_word' id='word_1_454' title='bbox 705 3787 795 3860; x_wconf 84' lang='lat' dir='ltr'><strong>clare</strong></span> <span class='ocrx_word' id='word_1_455' title='bbox 814 3794 1005 3877; x_wconf 87' lang='lat' dir='ltr'><strong>pronuntiet</strong></span> <span class='ocrx_word' id='word_1_456' title='bbox 1025 3811 1063 3857; x_wconf 90' lang='lat' dir='ltr'><strong>se</strong></span> <span class='ocrx_word' id='word_1_457' title='bbox 1081 3793 1123 3856; x_wconf 90' lang='lat' dir='ltr'><strong>de</strong></span> <span class='ocrx_word' id='word_1_458' title='bbox 1146 3791 1198 3858; x_wconf 90' lang='lat' dir='ltr'><strong>his</strong></span> <span class='ocrx_word' id='word_1_459' title='bbox 1220 3791 1323 3876; x_wconf 85' lang='lat' dir='ltr'><strong>loqui,</strong></span> <span class='ocrx_word' id='word_1_460' title='bbox 1355 3793 1475 3877; x_wconf 89' lang='lat' dir='ltr'><strong>quibus</strong></span> <span class='ocrx_word' id='word_1_461' title='bbox 1496 3787 1554 3855; x_wconf 85' lang='lat' dir='ltr'><strong>illa</strong></span> <span class='ocrx_word' id='word_1_462' title='bbox 1592 3793 1766 3879; x_wconf 77' lang='lat' dir='ltr'><strong>ambiguis,</strong></span> <span class='ocrx_word' id='word_1_463' title='bbox 1821 3811 1920 3856; x_wconf 89' lang='lat' dir='ltr'><strong>raece</strong></span> <span class='ocrx_word' id='word_1_464' title='bbox 1951 3811 2020 3856; x_wconf 90' lang='lat' dir='ltr'><strong>non</strong></span> <span class='ocrx_word' id='word_1_465' title='bbox 2052 3804 2149 3860; x_wconf 89' lang='lat' dir='ltr'><strong>sonat</strong></span> <span class='ocrx_word' id='word_1_466' title='bbox 2176 3816 2199 3859; x_wconf 95' lang='lat' dir='ltr'><strong>u</strong></span> <span class='ocrx_word' id='word_1_467' title='bbox 2241 3814 2282 3859; x_wconf 89' lang='lat' dir='ltr'><strong>ue</strong></span> <span class='ocrx_word' id='word_1_468' title='bbox 2314 3795 2402 3860; x_wconf 86' lang='lat' dir='ltr'><strong>adeo</strong></span> <span class='ocrx_word' id='word_1_469' title='bbox 2445 3799 2562 3862; x_wconf 85' lang='lat' dir='ltr'><strong>incom-</strong></span> 
     </span>
     <span class='ocr_line' id='line_1_36' title="bbox 583 3871 2562 3960; baseline 0.001 -16"><span class='ocrx_word' id='word_1_470' title='bbox 583 3878 766 3944; x_wconf 88' lang='lat' dir='ltr'><strong>emendatio</strong></span> <span class='ocrx_word' id='word_1_471' title='bbox 786 3875 935 3960; x_wconf 85' lang='lat' dir='ltr'><strong>prodest.</strong></span> <span class='ocrx_word' id='word_1_472' title='bbox 972 3871 1016 3939; x_wconf 89' lang='lat' dir='ltr'><strong>Et</strong></span> <span class='ocrx_word' id='word_1_473' title='bbox 1037 3876 1126 3960; x_wconf 85' lang='lat' dir='ltr'><strong>quod</strong></span> <span class='ocrx_word' id='word_1_474' title='bbox 1148 3877 1191 3942; x_wconf 90' lang='lat' dir='ltr'><strong>de</strong></span> <span class='ocrx_word' id='word_1_475' title='bbox 1209 3874 1367 3942; x_wconf 81' lang='lat' dir='ltr'><strong>fratribus</strong></span> <span class='ocrx_word' id='word_1_476' title='bbox 1387 3874 1553 3960; x_wconf 83' lang='lat' dir='ltr'><strong>loquatur,</strong></span> <span class='ocrx_word' id='word_1_477' title='bbox 1594 3879 1701 3942; x_wconf 89' lang='lat' dir='ltr'><strong>mode.</strong></span> <span class='ocrx_word' id='word_1_478' title='bbox 1751 3876 1808 3940; x_wconf 86' lang='lat' dir='ltr'><strong>Ait</strong></span> <span class='ocrx_word' id='word_1_479' title='bbox 1829 3876 1930 3940; x_wconf 81' lang='lat' dir='ltr'><strong>enim:</strong></span> <span class='ocrx_word' id='word_1_480' title='bbox 1973 3875 2050 3942; x_wconf 89' lang='lat' dir='ltr'><strong>Non</strong></span> <span class='ocrx_word' id='word_1_481' title='bbox 2067 3888 2119 3943; x_wconf 89' lang='lat' dir='ltr'><strong>est</strong></span> <span class='ocrx_word' id='word_1_482' title='bbox 2184 3880 2231 3942; x_wconf 93' lang='lat' dir='ltr'><strong>ssi</strong></span> <span class='ocrx_word' id='word_1_483' title='bbox 2254 3875 2298 3943; x_wconf 94' lang='lat' dir='ltr'><strong>ilc</strong></span> <span class='ocrx_word' id='word_1_484' title='bbox 2319 3883 2478 3946; x_wconf 87' lang='lat' dir='ltr'><strong>renovari</strong></span> <span class='ocrx_word' id='word_1_485' title='bbox 2499 3899 2562 3956; x_wconf 83' lang='lat' dir='ltr'><strong>ens,</strong></span> 
     </span>
     <span class='ocr_line' id='line_1_37' title="bbox 582 3956 2564 4048; baseline 0.002 -24"><span class='ocrx_word' id='word_1_486' title='bbox 582 3959 649 4024; x_wconf 83' lang='lat' dir='ltr'><strong>luoc</strong></span> <span class='ocrx_word' id='word_1_487' title='bbox 680 3970 744 4038; x_wconf 87' lang='lat' dir='ltr'><strong>est,</strong></span> <span class='ocrx_word' id='word_1_488' title='bbox 774 3956 879 4044; x_wconf 84' lang='lat' dir='ltr'><strong>lapsis</strong></span> <span class='ocrx_word' id='word_1_489' title='bbox 898 3969 976 4043; x_wconf 91' lang='lat' dir='ltr'><strong>post</strong></span> <span class='ocrx_word' id='word_1_490' title='bbox 997 3957 1277 4038; x_wconf 85' lang='lat' dir='ltr'><strong>iustificationem,</strong></span> <span class='ocrx_word' id='word_1_491' title='bbox 1297 3961 1332 4026; x_wconf 94' lang='lat' dir='ltr'><strong>id</strong></span> <span class='ocrx_word' id='word_1_492' title='bbox 1354 3977 1485 4044; x_wconf 84' lang='lat' dir='ltr'><strong>quoque</strong></span> <span class='ocrx_word' id='word_1_493' title='bbox 1507 3968 1553 4022; x_wconf 90' lang='lat' dir='ltr'><strong>te·</strong></span> <span class='ocrx_word' id='word_1_494' title='bbox 1597 3962 1653 4045; x_wconf 89' lang='lat' dir='ltr'><strong>qui</strong></span> <span class='ocrx_word' id='word_1_495' title='bbox 1673 3959 1840 4025; x_wconf 84' lang='lat' dir='ltr'><strong>Christum</strong></span> <span class='ocrx_word' id='word_1_496' title='bbox 1872 3959 2067 4048; x_wconf 79' lang='lat' dir='ltr'><strong>cruciligimt</strong></span> <span class='ocrx_word' id='word_1_497' title='bbox 2096 3973 2130 4028; x_wconf 93' lang='lat' dir='ltr'><strong>et</strong></span> <span class='ocrx_word' id='word_1_498' title='bbox 2162 3963 2290 4028; x_wconf 88' lang='lat' dir='ltr'><strong>udibrio</strong></span> <span class='ocrx_word' id='word_1_499' title='bbox 2312 3963 2452 4029; x_wconf 89' lang='lat' dir='ltr'><strong>habent.</strong></span> <span class='ocrx_word' id='word_1_500' title='bbox 2496 3961 2564 4028; x_wconf 85' lang='lat' dir='ltr'><strong>lica</strong></span> 
     </span>
     <span class='ocr_line' id='line_1_38' title="bbox 584 4039 2563 4132; baseline 0.003 -24"><span class='ocrx_word' id='word_1_501' title='bbox 584 4053 701 4120; x_wconf 87' lang='lat' dir='ltr'><strong>statur,</strong></span> <span class='ocrx_word' id='word_1_502' title='bbox 719 4042 809 4126; x_wconf 89' lang='lat' dir='ltr'><strong>quod</strong></span> <span class='ocrx_word' id='word_1_503' title='bbox 825 4053 904 4108; x_wconf 90' lang='lat' dir='ltr'><strong>tunc</strong></span> <span class='ocrx_word' id='word_1_504' title='bbox 925 4042 1055 4107; x_wconf 91' lang='lat' dir='ltr'><strong>demum</strong></span> <span class='ocrx_word' id='word_1_505' title='bbox 1072 4041 1143 4109; x_wconf 88' lang='lat' dir='ltr'><strong>vuit</strong></span> <span class='ocrx_word' id='word_1_506' title='bbox 1158 4045 1371 4110; x_wconf 85' lang='lat' dir='ltr'><strong>eiicieumex</strong></span> <span class='ocrx_word' id='word_1_507' title='bbox 1387 4039 1553 4120; x_wconf 85' lang='lat' dir='ltr'><strong>Ecclesia,</strong></span> <span class='ocrx_word' id='word_1_508' title='bbox 1597 4042 1835 4129; x_wconf 89' lang='lat' dir='ltr'><strong>simplicissime</strong></span> <span class='ocrx_word' id='word_1_509' title='bbox 1866 4041 2015 4132; x_wconf 84' lang='lat' dir='ltr'><strong>intelligo</strong></span> <span class='ocrx_word' id='word_1_510' title='bbox 2046 4046 2080 4110; x_wconf 92' lang='lat' dir='ltr'><strong>in</strong></span> <span class='ocrx_word' id='word_1_511' title='bbox 2111 4045 2198 4112; x_wconf 81' lang='lat' dir='ltr'><strong>lianc</strong></span> <span class='ocrx_word' id='word_1_512' title='bbox 2225 4049 2440 4115; x_wconf 80' lang='lat' dir='ltr'><strong>sententiam:</strong></span> <span class='ocrx_word' id='word_1_513' title='bbox 2467 4045 2563 4114; x_wconf 86' lang='lat' dir='ltr'><strong>&#39;l&#39;alea</strong></span> 
     </span>
     <span class='ocr_line' id='line_1_39' title="bbox 585 4123 2565 4216; baseline 0.003 -24"><span class='ocrx_word' id='word_1_514' title='bbox 585 4145 659 4192; x_wconf 87' lang='lat' dir='ltr'><strong>cum</strong></span> <span class='ocrx_word' id='word_1_515' title='bbox 689 4143 758 4190; x_wconf 89' lang='lat' dir='ltr'><strong>uon</strong></span> <span class='ocrx_word' id='word_1_516' title='bbox 778 4123 958 4202; x_wconf 78' lang='lat' dir='ltr'><strong>anscultat3</strong></span> <span class='ocrx_word' id='word_1_517' title='bbox 989 4125 1149 4212; x_wconf 85' lang='lat' dir='ltr'><strong>Loquitur</strong></span> <span class='ocrx_word' id='word_1_518' title='bbox 1170 4147 1252 4213; x_wconf 89' lang='lat' dir='ltr'><strong>ergo</strong></span> <span class='ocrx_word' id='word_1_519' title='bbox 1271 4126 1314 4192; x_wconf 91' lang='lat' dir='ltr'><strong>da</strong></span> <span class='ocrx_word' id='word_1_520' title='bbox 1334 4125 1399 4205; x_wconf 84' lang='lat' dir='ltr'><strong>iiis,</strong></span> <span class='ocrx_word' id='word_1_521' title='bbox 1465 4125 1554 4189; x_wconf 81' lang='lat' dir='ltr'><strong>‘an·</strong></span> <span class='ocrx_word' id='word_1_522' title='bbox 1596 4149 1663 4193; x_wconf 90' lang='lat' dir='ltr'><strong>non</strong></span> <span class='ocrx_word' id='word_1_523' title='bbox 1690 4138 1830 4212; x_wconf 88' lang='lat' dir='ltr'><strong>possunt</strong></span> <span class='ocrx_word' id='word_1_524' title='bbox 1850 4130 2015 4206; x_wconf 89' lang='lat' dir='ltr'><strong>renovari,</strong></span> <span class='ocrx_word' id='word_1_525' title='bbox 2049 4131 2104 4213; x_wconf 92' lang='lat' dir='ltr'><strong>qui</strong></span> <span class='ocrx_word' id='word_1_526' title='bbox 2125 4150 2192 4194; x_wconf 91' lang='lat' dir='ltr'><strong>non</strong></span> <span class='ocrx_word' id='word_1_527' title='bbox 2213 4130 2407 4199; x_wconf 88' lang='lat' dir='ltr'><strong>auscultant</strong></span> <span class='ocrx_word' id='word_1_528' title='bbox 2428 4129 2565 4216; x_wconf 77' lang='lat' dir='ltr'><strong>amplius</strong></span> 
     </span>
     <span class='ocr_line' id='line_1_40' title="bbox 584 4147 2565 4301; baseline 0.004 -26"><span class='ocrx_word' id='word_1_529' title='bbox 584 4221 639 4275; x_wconf 87' lang='lat' dir='ltr'><strong>tea</strong></span> <span class='ocrx_word' id='word_1_530' title='bbox 670 4205 800 4276; x_wconf 79' lang='lat' dir='ltr'><strong>iireruut</strong></span> <span class='ocrx_word' id='word_1_531' title='bbox 830 4211 864 4274; x_wconf 89' lang='lat' dir='ltr'><strong>in</strong></span> <span class='ocrx_word' id='word_1_532' title='bbox 894 4207 1056 4276; x_wconf 86' lang='lat' dir='ltr'><strong>Ecclesia.</strong></span> <span class='ocrx_word' id='word_1_533' title='bbox 1104 4210 1147 4275; x_wconf 91' lang='lat' dir='ltr'><strong>Et</strong></span> <span class='ocrx_word' id='word_1_534' title='bbox 1179 4211 1295 4277; x_wconf 89' lang='lat' dir='ltr'><strong>deinde</strong></span> <span class='ocrx_word' id='word_1_535' title='bbox 1327 4232 1403 4278; x_wconf 87' lang='lat' dir='ltr'><strong>cum</strong></span> <span class='ocrx_word' id='word_1_536' title='bbox 1420 4147 1553 4275; x_wconf 53' lang='lat' dir='ltr'><strong>‘llleum</strong></span> <span class='ocrx_word' id='word_1_537' title='bbox 1596 4211 1788 4299; x_wconf 88' lang='lat' dir='ltr'><strong>Evangelio,</strong></span> <span class='ocrx_word' id='word_1_538' title='bbox 1821 4213 1880 4276; x_wconf 88' lang='lat' dir='ltr'><strong>sed</strong></span> <span class='ocrx_word' id='word_1_539' title='bbox 1901 4225 2121 4292; x_wconf 83' lang='lat' dir='ltr'><strong>contemnunt,</strong></span> <span class='ocrx_word' id='word_1_540' title='bbox 2148 4233 2211 4279; x_wconf 91' lang='lat' dir='ltr'><strong>nec</strong></span> <span class='ocrx_word' id='word_1_541' title='bbox 2232 4211 2289 4280; x_wconf 92' lang='lat' dir='ltr'><strong>illa</strong></span> <span class='ocrx_word' id='word_1_542' title='bbox 2308 4217 2406 4282; x_wconf 87' lang='lat' dir='ltr'><strong>initia</strong></span> <span class='ocrx_word' id='word_1_543' title='bbox 2428 4216 2565 4301; x_wconf 63' lang='lat' dir='ltr'><strong>pietads</strong></span> 
     </span>
     <span class='ocr_line' id='line_1_41' title="bbox 586 4291 2566 4388; baseline 0.005 -29"><span class='ocrx_word' id='word_1_544' title='bbox 586 4291 860 4374; x_wconf 67' lang='lat' dir='ltr'><strong>[macalati]</strong></span> <span class='ocrx_word' id='word_1_545' title='bbox 882 4296 1079 4382; x_wconf 80' lang='lat' dir='ltr'><strong>interrogat:</strong></span> <span class='ocrx_word' id='word_1_546' title='bbox 1102 4294 1238 4369; x_wconf 85' lang='lat' dir='ltr'><strong>Quoties</strong></span> <span class='ocrx_word' id='word_1_547' title='bbox 1260 4295 1440 4363; x_wconf 69' lang='lat' dir='ltr'><strong>dimittam?</strong></span> <span class='ocrx_word' id='word_1_548' title='bbox 1460 4291 1555 4360; x_wconf 81' lang='lat' dir='ltr'><strong>cin-</strong></span> <span class='ocrx_word' id='word_1_549' title='bbox 1597 4300 1639 4364; x_wconf 91' lang='lat' dir='ltr'><strong>de</strong></span> <span class='ocrx_word' id='word_1_550' title='bbox 1666 4300 1783 4382; x_wconf 90' lang='lat' dir='ltr'><strong>quibus</strong></span> <span class='ocrx_word' id='word_1_551' title='bbox 1805 4298 1903 4376; x_wconf 87' lang='lat' dir='ltr'><strong>dixit,</strong></span> <span class='ocrx_word' id='word_1_552' title='bbox 1930 4299 2070 4364; x_wconf 88' lang='lat' dir='ltr'><strong>retinere</strong></span> <span class='ocrx_word' id='word_1_553' title='bbox 2091 4299 2234 4378; x_wconf 88' lang='lat' dir='ltr'><strong>student,</strong></span> <span class='ocrx_word' id='word_1_554' title='bbox 2256 4297 2385 4366; x_wconf 90' lang='lat' dir='ltr'><strong>scilicet</strong></span> <span class='ocrx_word' id='word_1_555' title='bbox 2408 4302 2566 4388; x_wconf 81' lang='lat' dir='ltr'><strong>Baptismi</strong></span> 
     </span>
     <span class='ocr_line' id='line_1_42' title="bbox 583 4378 2568 4538; baseline 0.007 -97"><span class='ocrx_word' id='word_1_556' title='bbox 583 4387 681 4527; x_wconf 56' lang='lat' dir='ltr'><strong>ffifi</strong></span> <span class='ocrx_word' id='word_1_557' title='bbox 677 4378 873 4526; x_wconf 57' lang='lat' dir='ltr'><strong>repstpppedpt:</strong></span> <span class='ocrx_word' id='word_1_558' title='bbox 888 4379 1099 4527; x_wconf 41' lang='lat' dir='ltr'><strong>peptupgies·</strong></span> <span class='ocrx_word' id='word_1_559' title='bbox 1109 4382 1242 4466; x_wconf 87' lang='lat' dir='ltr'><strong>septies.</strong></span> <span class='ocrx_word' id='word_1_560' title='bbox 1268 4381 1359 4484; x_wconf 80' lang='lat' dir='ltr'><strong>Ergo</strong></span> <span class='ocrx_word' id='word_1_561' title='bbox 1372 4378 1460 4527; x_wconf 54' lang='lat' dir='ltr'><strong>{capsi</strong></span> <span class='ocrx_word' id='word_1_562' title='bbox 1477 4391 1555 4462; x_wconf 90' lang='lat' dir='ltr'><strong>post</strong></span> <span class='ocrx_word' id='word_1_563' title='bbox 1597 4395 1630 4531; x_wconf 56' lang='lat' dir='ltr'><strong>pit</strong></span> <span class='ocrx_word' id='word_1_564' title='bbox 1657 4384 1877 4532; x_wconf 53' lang='lat' dir='ltr'><strong>poepptpntiae</strong></span> <span class='ocrx_word' id='word_1_565' title='bbox 1904 4384 2097 4486; x_wconf 81' lang='lat' dir='ltr'><strong>doctrinam.</strong></span> <span class='ocrx_word' id='word_1_566' title='bbox 2139 4382 2231 4532; x_wconf 54' lang='lat' dir='ltr'><strong>lpaec</strong></span> <span class='ocrx_word' id='word_1_567' title='bbox 2254 4398 2317 4464; x_wconf 89' lang='lat' dir='ltr'><strong>est,</strong></span> <span class='ocrx_word' id='word_1_568' title='bbox 2339 4385 2481 4489; x_wconf 68' lang='lat' dir='ltr'><strong>utmilil</strong></span> <span class='ocrx_word' id='word_1_569' title='bbox 2491 4385 2568 4538; x_wconf 43' lang='grc' dir='ltr'>ᾗ</span> 
     </span>
     <span class='ocr_line' id='line_1_43' title="bbox 584 4481 2568 4638; baseline 0.007 -28"><span class='ocrx_word' id='word_1_570' title='bbox 584 4482 1153 4626; x_wconf 47' lang='grc' dir='ltr'><strong>ἱιιῑιειΕεεΙεείιιιιιριειιῗιιὶιέὶιειζῗῃνωιιῗιι</strong></span> <span class='ocrx_word' id='word_1_571' title='bbox 1172 4484 1554 4635; x_wconf 46' lang='grc' dir='ltr'><strong>ἓΐῗξξὲᾞειῃίιὸιὲινεωωε-</strong></span> <span class='ocrx_word' id='word_1_572' title='bbox 1596 4487 2131 4637; x_wconf 50' lang='lat' dir='ltr'><strong>ffletvlnzdllr’mffffltisepeus</strong></span> <span class='ocrx_word' id='word_1_573' title='bbox 2146 4489 2223 4619; x_wconf 60' lang='lat' dir='ltr'><strong>agre:</strong></span> <span class='ocrx_word' id='word_1_574' title='bbox 2242 4481 2568 4638; x_wconf 48' lang='lat' dir='ltr'><strong>psiglslffiallttmreffovari,</strong></span> 
     </span>
     <span class='ocr_line' id='line_1_44' title="bbox 585 4569 2568 4727; baseline 0.009 -35"><span class='ocrx_word' id='word_1_575' title='bbox 585 4629 663 4692; x_wconf 87' lang='lat' dir='ltr'><strong>tenti</strong></span> <span class='ocrx_word' id='word_1_576' title='bbox 684 4639 717 4693; x_wconf 91' lang='lat' dir='ltr'><strong>et</strong></span> <span class='ocrx_word' id='word_1_577' title='bbox 738 4630 893 4695; x_wconf 83' lang='lat' dir='ltr'><strong>credenti</strong></span> <span class='ocrx_word' id='word_1_578' title='bbox 937 4629 1015 4696; x_wconf 88' lang='lat' dir='ltr'><strong>ideo</strong></span> <span class='ocrx_word' id='word_1_579' title='bbox 1031 4651 1132 4716; x_wconf 90' lang='lat' dir='ltr'><strong>supra</strong></span> <span class='ocrx_word' id='word_1_580' title='bbox 1153 4633 1248 4698; x_wconf 86' lang='lat' dir='ltr'><strong>dixit:</strong></span> <span class='ocrx_word' id='word_1_581' title='bbox 1270 4633 1468 4700; x_wconf 88' lang='lat' dir='ltr'><strong>Lucraberis</strong></span> <span class='ocrx_word' id='word_1_582' title='bbox 1489 4569 1554 4696; x_wconf 55' lang='lat' dir='ltr'><strong>ila-</strong></span> <span class='ocrx_word' id='word_1_583' title='bbox 1597 4636 1673 4701; x_wconf 91' lang='lat' dir='ltr'><strong>dnm</strong></span> <span class='ocrx_word' id='word_1_584' title='bbox 1694 4656 1762 4699; x_wconf 91' lang='lat' dir='ltr'><strong>non</strong></span> <span class='ocrx_word' id='word_1_585' title='bbox 1780 4635 1966 4700; x_wconf 86' lang='lat' dir='ltr'><strong>auscultant</strong></span> <span class='ocrx_word' id='word_1_586' title='bbox 1975 4634 2169 4724; x_wconf 89' lang='lat' dir='ltr'><strong>Evangelio,</strong></span> <span class='ocrx_word' id='word_1_587' title='bbox 2185 4639 2246 4705; x_wconf 90' lang='lat' dir='ltr'><strong>sed</strong></span> <span class='ocrx_word' id='word_1_588' title='bbox 2259 4639 2465 4727; x_wconf 86' lang='lat' dir='ltr'><strong>crucifigunt</strong></span> <span class='ocrx_word' id='word_1_589' title='bbox 2480 4641 2568 4712; x_wconf 78' lang='lat' dir='ltr'><strong>cart</strong></span> 
     </span>
    </p>
   </div>
   <div class='ocr_carea' id='block_1_5' title="bbox 586 4717 2052 4959">
    <p class='ocr_par' dir='ltr' id='par_1_5' title="bbox 586 4717 2052 4959">
     <span class='ocr_line' id='line_1_45' title="bbox 586 4717 2052 4787; baseline 0.001 -1"><span class='ocrx_word' id='word_1_590' title='bbox 586 4722 680 4776; x_wconf 67' lang='lat' dir='ltr'><strong>irem·</strong></span> <span class='ocrx_word' id='word_1_591' title='bbox 1597 4733 1683 4786; x_wconf 86' lang='lat' dir='ltr'><strong>stum</strong></span> <span class='ocrx_word' id='word_1_592' title='bbox 1706 4731 1738 4786; x_wconf 91' lang='lat' dir='ltr'><strong>et</strong></span> <span class='ocrx_word' id='word_1_593' title='bbox 1759 4717 1897 4787; x_wconf 89' lang='lat' dir='ltr'><strong>ludibrio</strong></span> <span class='ocrx_word' id='word_1_594' title='bbox 1919 4718 2052 4787; x_wconf 82' lang='lat' dir='ltr'><strong>habent.</strong></span> 
     </span>
     <span class='ocr_line' id='line_1_46' title="bbox 673 4793 1554 4880; baseline 0.007 -22"><span class='ocrx_word' id='word_1_595' title='bbox 673 4793 750 4860; x_wconf 87' lang='lat' dir='ltr'><strong>Scio</strong></span> <span class='ocrx_word' id='word_1_596' title='bbox 772 4797 932 4880; x_wconf 84' lang='lat' dir='ltr'><strong>disputari</strong></span> <span class='ocrx_word' id='word_1_597' title='bbox 962 4817 983 4860; x_wconf 92' lang='lat' dir='ltr'><strong>a</strong></span> <span class='ocrx_word' id='word_1_598' title='bbox 1008 4799 1222 4880; x_wconf 85' lang='lat' dir='ltr'><strong>quibusdam,</strong></span> <span class='ocrx_word' id='word_1_599' title='bbox 1253 4811 1362 4865; x_wconf 90' lang='lat' dir='ltr'><strong>utrum</strong></span> <span class='ocrx_word' id='word_1_600' title='bbox 1381 4799 1437 4866; x_wconf 85' lang='lat' dir='ltr'><strong>hic</strong></span> <span class='ocrx_word' id='word_1_601' title='bbox 1456 4798 1554 4867; x_wconf 87' lang='lat' dir='ltr'><strong>locus</strong></span> 
     </span>
     <span class='ocr_line' id='line_1_47' title="bbox 588 4875 1554 4959; baseline 0.005 -17"><span class='ocrx_word' id='word_1_602' title='bbox 588 4877 631 4942; x_wconf 93' lang='lat' dir='ltr'><strong>de</strong></span> <span class='ocrx_word' id='word_1_603' title='bbox 650 4875 928 4944; x_wconf 78' lang='lat' dir='ltr'><strong>Reeonusslatione</strong></span> <span class='ocrx_word' id='word_1_604' title='bbox 948 4877 1104 4959; x_wconf 71' lang='lat' dir='ltr'><strong>staterae,</strong></span> <span class='ocrx_word' id='word_1_605' title='bbox 1135 4903 1179 4946; x_wconf 90' lang='lat' dir='ltr'><strong>an</strong></span> <span class='ocrx_word' id='word_1_606' title='bbox 1209 4904 1289 4950; x_wconf 90' lang='lat' dir='ltr'><strong>vero</strong></span> <span class='ocrx_word' id='word_1_607' title='bbox 1311 4886 1352 4948; x_wconf 91' lang='lat' dir='ltr'><strong>de</strong></span> <span class='ocrx_word' id='word_1_608' title='bbox 1372 4882 1554 4949; x_wconf 87' lang='lat' dir='ltr'><strong>Ministcrio</strong></span> 
     </span>
    </p>
   </div>
   <div class='ocr_carea' id='block_1_6' title="bbox 588 4957 2574 5134">
    <p class='ocr_par' dir='ltr' id='par_1_6' title="bbox 588 4957 2574 5134">
     <span class='ocr_line' id='line_1_48' title="bbox 588 4957 2574 5134; baseline 0.034 -94"><span class='ocrx_word' id='word_1_609' title='bbox 588 4957 732 5127; x_wconf 33' lang='lat' dir='ltr'><strong>aba&amp;</strong></span> <span class='ocrx_word' id='word_1_610' title='bbox 753 4964 842 5110; x_wconf 53' lang='lat' dir='ltr'><strong><em>w</em></strong></span> <span class='ocrx_word' id='word_1_611' title='bbox 856 4961 1556 5134; x_wconf 45' lang='lat' dir='ltr'><strong>fflfflnmffiwmffissmlssj</strong></span> <span class='ocrx_word' id='word_1_612' title='bbox 1597 5027 1645 5089; x_wconf 83' lang='lat' dir='ltr'><strong>so)</strong></span> <span class='ocrx_word' id='word_1_613' title='bbox 1661 5026 1772 5078; x_wconf 74' lang='lat' dir='ltr'><strong>acinum</strong></span> <span class='ocrx_word' id='word_1_614' title='bbox 1790 5027 1827 5090; x_wconf 83' lang='lat' dir='ltr'><strong>et]</strong></span> <span class='ocrx_word' id='word_1_615' title='bbox 1843 5025 1918 5080; x_wconf 77' lang='lat' dir='ltr'><strong>rure</strong></span> <span class='ocrx_word' id='word_1_616' title='bbox 1936 5028 1978 5077; x_wconf 84' lang='lat' dir='ltr'><strong>aa.</strong></span> <span class='ocrx_word' id='word_1_617' title='bbox 1995 5029 2037 5077; x_wconf 70' lang='lat' dir='ltr'><strong>aa.</strong></span> <span class='ocrx_word' id='word_1_618' title='bbox 2055 5029 2087 5078; x_wconf 81' lang='lat' dir='ltr'><strong>aa</strong></span> <span class='ocrx_word' id='word_1_619' title='bbox 2100 5028 2192 5091; x_wconf 78' lang='lat'><strong>-³⁴-‚</strong></span> <span class='ocrx_word' id='word_1_620' title='bbox 2211 5031 2282 5095; x_wconf 74' lang='lat' dir='ltr'><strong>born·</strong></span> <span class='ocrx_word' id='word_1_621' title='bbox 2300 5029 2409 5097; x_wconf 72' lang='lat'><strong>2-⁸··</strong></span> <span class='ocrx_word' id='word_1_622' title='bbox 2428 5035 2496 5102; x_wconf 61' lang='lat'><strong>⁰1*-</strong></span> <span class='ocrx_word' id='word_1_623' title='bbox 2515 5039 2536 5090; x_wconf 91' lang='lat'><strong>¹·</strong></span> <span class='ocrx_word' id='word_1_624' title='bbox 2553 5039 2574 5088; x_wconf 85' lang='lat'><strong>²·</strong></span> 
     </span>
    </p>
   </div>
   <div class='ocr_carea' id='block_1_7' title="bbox 588 5093 2474 5560">
    <p class='ocr_par' dir='ltr' id='par_1_7' title="bbox 588 5093 2474 5560">
     <span class='ocr_line' id='line_1_49' title="bbox 1512 5093 1819 5156; baseline 0.003 -12"><span class='ocrx_word' id='word_1_625' title='bbox 1512 5138 1520 5156; x_wconf 87' lang='grc'><strong>,</strong></span> <span class='ocrx_word' id='word_1_626' title='bbox 1665 5096 1692 5145; x_wconf 85' lang='grc' dir='ltr'><strong>ει</strong></span> <span class='ocrx_word' id='word_1_627' title='bbox 1708 5093 1819 5145; x_wconf 88' lang='lat' dir='ltr'><strong>solutum</strong></span> 
     </span>
     <span class='ocr_line' id='line_1_50' title="bbox 588 5127 2386 5358; baseline 0.013 -84"><span class='ocrx_word' id='word_1_628' title='bbox 588 5127 1083 5293; x_wconf 47' lang='lat' dir='ltr'><strong>incussisti-3¹¹</strong></span> <span class='ocrx_word' id='word_1_629' title='bbox 1104 5132 1344 5284; x_wconf 48' lang='lat' dir='ltr'><strong>”initiat</strong></span> <span class='ocrx_word' id='word_1_630' title='bbox 1356 5133 1555 5284; x_wconf 52' lang='lat' dir='ltr'><strong>stitit</strong></span> <span class='ocrx_word' id='word_1_631' title='bbox 1597 5193 1644 5358; x_wconf 67' lang='lat' dir='ltr'><strong>{i}</strong></span> <span class='ocrx_word' id='word_1_632' title='bbox 1661 5193 2100 5358; x_wconf 55' lang='lat' dir='ltr'><strong>gffffl‘gggfflijssggi</strong></span> <span class='ocrx_word' id='word_1_633' title='bbox 2118 5207 2218 5251; x_wconf 58' lang='lat' dir='ltr'><strong>‘rw</strong></span> <span class='ocrx_word' id='word_1_634' title='bbox 2236 5198 2386 5253; x_wconf 64' lang='lat' dir='ltr'><strong>man</strong></span> 
     </span>
     <span class='ocr_line' id='line_1_51' title="bbox 1598 5394 2474 5465; baseline 0.022 -23"><span class='ocrx_word' id='word_1_635' title='bbox 1598 5394 1644 5456; x_wconf 78' lang='lat' dir='ltr'><strong>tt)</strong></span> <span class='ocrx_word' id='word_1_636' title='bbox 1662 5397 1849 5462; x_wconf 82' lang='lat' dir='ltr'><strong>contumacem]</strong></span> <span class='ocrx_word' id='word_1_637' title='bbox 1868 5397 1940 5449; x_wconf 77' lang='lat' dir='ltr'><strong>itditt</strong></span> <span class='ocrx_word' id='word_1_638' title='bbox 1961 5397 2001 5446; x_wconf 77' lang='lat' dir='ltr'><strong>tt.</strong></span> <span class='ocrx_word' id='word_1_639' title='bbox 2022 5399 2071 5462; x_wconf 67' lang='grc'><strong>27.</strong></span> <span class='ocrx_word' id='word_1_640' title='bbox 2090 5401 2161 5465; x_wconf 86' lang='lat' dir='ltr'><strong>corp.</strong></span> <span class='ocrx_word' id='word_1_641' title='bbox 2181 5403 2255 5452; x_wconf 79' lang='lat'>1-8.</span> <span class='ocrx_word' id='word_1_642' title='bbox 2274 5403 2474 5463; x_wconf 73' lang='lat' dir='ltr'><strong>conmmeatum</strong></span> 
     </span>
     <span class='ocr_line' id='line_1_52' title="bbox 589 5480 2098 5560; baseline 0.016 -31"><span class='ocrx_word' id='word_1_643' title='bbox 589 5480 635 5544; x_wconf 76' lang='lat' dir='ltr'><strong>tt)</strong></span> <span class='ocrx_word' id='word_1_644' title='bbox 653 5481 848 5549; x_wconf 77' lang='lat' dir='ltr'><strong>accomodcturJ</strong></span> <span class='ocrx_word' id='word_1_645' title='bbox 865 5483 939 5537; x_wconf 78' lang='lat' dir='ltr'><strong>tuit.</strong></span> <span class='ocrx_word' id='word_1_646' title='bbox 961 5484 1032 5533; x_wconf 81' lang='grc'><strong>1-7.</strong></span> <span class='ocrx_word' id='word_1_647' title='bbox 1050 5483 1074 5534; x_wconf 77' lang='lat' dir='ltr'><strong>t.</strong></span> <span class='ocrx_word' id='word_1_648' title='bbox 1094 5486 1134 5534; x_wconf 84' lang='lat' dir='ltr'><strong>it.</strong></span> <span class='ocrx_word' id='word_1_649' title='bbox 1152 5489 1392 5544; x_wconf 84' lang='lat' dir='ltr'><strong>accommodaretur.</strong></span> <span class='ocrx_word' id='word_1_650' title='bbox 1598 5493 1644 5556; x_wconf 79' lang='lat' dir='ltr'><strong>tt)</strong></span> <span class='ocrx_word' id='word_1_651' title='bbox 1661 5496 1783 5560; x_wconf 71' lang='lat' dir='ltr'><strong>nronri]</strong></span> <span class='ocrx_word' id='word_1_652' title='bbox 1800 5498 1872 5560; x_wconf 86' lang='lat' dir='ltr'><strong>corp.</strong></span> <span class='ocrx_word' id='word_1_653' title='bbox 1890 5498 1965 5546; x_wconf 81' lang='lat' dir='ltr'><strong>t-t.</strong></span> <span class='ocrx_word' id='word_1_654' title='bbox 1982 5500 2098 5552; x_wconf 86' lang='lat' dir='ltr'><strong>renovari</strong></span> 
     </span>
    </p>
   </div>
   <div class='ocr_carea' id='block_1_8' title="bbox 0 0 2959 6724">
    <p class='ocr_par' dir='ltr' id='par_1_8' title="bbox 0 0 2959 6724">
     <span class='ocr_line' id='line_1_53' title="bbox 0 0 2959 6724; baseline 0 0"><span class='ocrx_word' id='word_1_655' title='bbox 0 0 2959 6724; x_wconf 95' lang='lat' dir='ltr'><strong> </strong></span> 
     </span>
    </p>
   </div>
  </div>
 </body>
</html>
