5859 6734
435 747 497 813 aa
876 737 900 799 ι.
923 732 1026 798 uoci
1047 730 1322 799 ruacuoaroa
1352 730 1390 796 c.
1414 727 1626 797 sacenae
1646 726 1804 794 acaum
1825 729 1981 798 ueras
2186 694 2213 807 ’,
2362 738 2427 807 ars

434 932 580 995 iudicare
601 935 742 1009 oportet.
774 921 850 986 Non
873 922 959 984 enim
981 917 1152 1002 indulgere
1170 919 1327 982 debemus
1349 914 1410 979 dil-
1453 913 1607 979 videlicet
1622 913 1699 976 iusti
1714 924 1903 993 reputemur
1914 926 2051 998 propter
2062 914 2240 995 Christum,
2262 918 2425 989 etdeinde

437 1012 590 1078 fidentiae
606 1020 662 1073 aut
684 1007 831 1071 desidiae
853 1002 1002 1069 naturali.
1475 999 1584 1064 laceat
1606 997 1761 1061 inchoata
1781 998 1979 1077 obedientia,
2001 1001 2129 1064 etiamsi
2149 998 2218 1087 legi
2238 1021 2306 1066 non
2326 1006 2424 1069 satie-

521 1095 697 1159 Praeterea
719 1094 748 1154 si
769 1092 811 1154 de
831 1100 900 1153 tota
921 1089 989 1153 vita
1004 1090 1048 1163 ⁶⁵)
1077 1088 1203 1169 piorum
1224 1083 1409 1169 loquamur,
1451 1020 1541 1147 lacit.
1565 1082 1621 1148 Sic
1632 1079 1833 1165 intelligatur
1843 1080 1914 1146 Lex
1928 1081 2099 1166 possibilis
2115 1104 2191 1149 esse
2201 1106 2263 1189 per
2314 1089 2424 1155 atim.

438 1183 499 1246 etsi
517 1191 569 1244 est
590 1180 707 1261 ingens
724 1171 951 1249 imbecillitate,
976 1185 1087 1237 tamen
1108 1183 1160 1235 est
1181 1168 1291 1253 aliqua
1313 1166 1424 1232 liber··
1453 1166 1545 1232 llaec
1572 1167 1797 1251 interpretatio
1826 1171 2017 1231 necessaria
2043 1180 2112 1248 est,
2144 1182 2181 1234 ut
2201 1181 2268 1234 mte
2295 1172 2305 1233 i
2329 1190 2424 1239 amns

437 1280 488 1330 tae
510 1261 701 1337 voluntatis,
724 1280 797 1323 cum
818 1260 949 1341 quidem
970 1260 1034 1321 iam
1057 1257 1230 1321 adiuvetur
1251 1253 1409 1337 aSpiritu
1451 1263 1644 1335 utrumque,
1677 1263 1710 1315 et
1732 1250 1820 1335 qued
1843 1251 2030 1316 obedientia
2052 1256 2179 1337 piorum
2199 1274 2282 1337 proc
2336 1256 2426 1321 atstt

437 1359 563 1425 sanew,
586 1360 619 1411 et
639 1364 740 1429 agere
761 1342 806 1407 ali
830 1343 884 1405 uid
905 1352 1017 1423 potest
1035 1343 1070 1403 in
1092 1341 1237 1405 externis
1258 1336 1408 1420 lapsibus
1452 1358 1473 1401 a
1494 1333 1696 1421 perfectione
1714 1334 1811 1419 legis,
1833 1347 1865 1400 et
1883 1346 1990 1401 tamen
2012 1335 2155 1419 placeat,
2177 1336 2331 1403 videlieet
2344 1338 2425 1423 quia·

438 1433 605 1498 cavendis.
650 1428 727 1494 ldeo
751 1440 783 1491 et
806 1364 948 1509 Spiritus
971 1426 1078 1489 sancti
1099 1422 1253 1489 aurelium
1271 1420 1408 1529 ampllli·
1452 1440 1617 1567 personae
1640 1430 1774 1522 propter
1796 1416 1962 1485 Christum
1980 1418 2125 1504 placent.
2166 1420 2233 1487 Sed
2255 1420 2340 1489 haee
2358 1442 2423 1489 ene

439 1519 506 1583 cari
530 1517 644 1591 debet,
674 1526 707 1576 et
734 1510 832 1576 simul
859 1512 934 1573 acui
956 1508 1125 1593 diligentia
1146 1518 1271 1572 nostra.
1316 1508 1410 1570 Sicut
1469 1526 1531 1570 ooo
1549 1508 1594 1588 ⁰⁷)
1616 1522 1786 1588 copiosius
1808 1524 1983 1588 exponam.

438 1599 561 1667 Paulus
592 1599 682 1662 iubet
706 1615 842 1671 cavere,
873 1614 914 1657 ne
940 1592 1064 1658 flustra
1085 1594 1223 1677 gratiam
1245 1592 1409 1675 acceperi-
1728 1594 1731 1601 '

438 1706 522 1749 mus.
566 1681 608 1747 Et
626 1680 791 1757 Christus,
814 1700 888 1745 cum
908 1680 1013 1763 inquit
1035 1676 1134 1756 [Luc.¹
1155 1677 1206 1754 11,
1230 1674 1308 1753 134,
1342 1675 1409 1738 Da·
1786 1686 1849 1752 DE
1880 1687 2094 1754 ΡΕΟΟΑΤΟ,

439 1770 485 1833 bit
505 1766 662 1851 Spiritum
679 1775 830 1829 sanetum
851 1765 1048 1846 petentibus,
1070 1762 1225 1844 promittit
1243 1780 1310 1825 non
1328 1760 1410 1823 otio-

438 1855 497 1929 sis,
519 1872 588 1917 nou
609 1850 873 1933 aspernantibus,
896 1868 963 1911 non
985 1847 1256 1931 repugnantibus.
1290 1843 1332 1917 Et
1354 1864 1410 1907 au·
1539 1838 1701 1914 ctutsus,
1734 1836 1927 1922 complexus
1967 1851 2019 1903 est
2056 1859 2216 1907 summam
2254 1842 2424 1909 doctrinae

438 1936 608 2039 &pens
630 1936 717 2082 qlona
734 1935 767 1997 in
788 1932 934 2079 his,·lqui
956 1944 1046 1996 recte
1067 1940 1221 2001 utunturt
1253 1940 1289 1991 ut
1310 1928 1410 1991 docet
1452 1921 2223 2075 Εἶθζιὲῗὲὲῗθοιοὲῐιὶῇἰὲῐιιιέὧὴὲῗᾞξῗὲἓιέωνίς
2243 1944 2319 1995 eum
2334 1926 2428 2075 m

439 2019 715 2177 sumlllluogtorenlon
749 2030 982 2182 etlgihlliplsma.
1026 2099 1102 2161 Dixi
1135 2117 1176 2161 su
1198 2116 1237 2157 ra
1262 2092 1411 2157 volunta·
1452 2032 1496 2155 lli
1517 2104 1595 2157 sunt
1615 2032 1784 2176 prtlecipui
1805 2089 1873 2157 loci
1893 2094 2070 2159 universae
2091 2022 2425 2171 domrinpaemcthrletlg

439 2202 502 2253 tem
523 2206 624 2271 posse
646 2187 716 2249 suis
738 2186 864 2246 uiribus
886 2182 997 2265 aliquo
1024 2182 1122 2245 modo
1203 2196 1280 2240 cere
1302 2174 1411 2240 civilia
1453 2176 1497 2239 ad
1522 2175 1587 2239 hos
1613 2188 1769 2261 tanquam
1795 2177 1839 2241 ad
1866 2188 1966 2261 caput
1993 2174 2115 2243 referti.
2135 2178 2258 2243 dehent
2277 2176 2426 2265 reliquae

438 2269 558 2337 officia.
601 2269 643 2333 Et
665 2270 751 2332 hanc
773 2263 977 2348 disciplinam
994 2266 1130 2348 requirit
1145 2262 1240 2326 Deus
1259 2262 1355 2325 etiam
1377 2260 1410 2323 in
1453 2270 1576 2342 partes.
1619 2260 1725 2325 Porro
1753 2262 1955 2345 praedicatio
2005 2262 2204 2327 cenitentiae
2229 2272 2366 2331 mearat
2390 2270 2434 2351 pl-

438 2357 505 2433 his,
534 2356 590 2439 qui
612 2353 756 2416 nondum
780 2361 859 2413 sunt
886 2349 1093 2413 sanctificati.
1143 2347 1215 2410 Nec
1242 2342 1332 2408 nulla
1359 2356 1410 2408 est
1453 2346 1586 2409 damnat
1601 2356 1788 2446 peccatum3
1810 2282 2103 2421 simtmltlbame
2123 2344 2190 2425 116,
2200 2344 2246 2425 8.]
2268 2346 2427 2431 scripturn

439 2441 510 2504 eius
536 2437 672 2502 utilitas.
720 2434 804 2496 Nam
826 2440 971 2495 'externa
999 2430 1121 2495 delicta
1146 2432 1264 2513 poenis
1294 2448 1410 2510 eorpo-
1453 2439 1520 2492 est:
1553 2427 1695 2519 Spiritqs
1723 2438 1861 2495 sanctus
1888 2440 2007 2517 arguet
2033 2430 2190 2495 muudum
2216 2430 2259 2496 de
2283 2436 2452 2515 peecata

440 2520 565 2587 ratibus
589 2531 622 2584 et
642 2518 790 2583 aeternis·
807 2519 991 2598 prmiuutur.
1034 2514 1089 2579 Ad
1115 2514 1199 2578 haec
1219 2511 1341 2577 Paulus
1362 2514 1419 2575 in·¹
1453 2524 1516 2576 etc
1558 2511 1707 2577 Necesse
1738 2526 1791 2579 est
1821 2512 1922 2607 igitur
1953 2516 1987 2578 in
2020 2514 2170 2592 doctriua
2197 2512 2426 2589 ecclesiastiea

439 2607 508 2691 quit
531 2602 618 2682 [Gal.
636 2601 668 2679 3,
690 2602 771 2680 241,
788 2598 838 2662 Le
863 2620 914 2663 cm
932 2597 1255 2683 esse-Paedagognm
1271 2598 1305 2660 in
1318 2594 1410 2659 Chri·
1453 2593 1510 2660 dili
1535 2608 1629 2660 enter
1651 2596 1826 2681 explicari,
1852 2600 1932 2683 quid
1953 2600 2425 2683 vecetsertptmapeeeamm

439 2702 536 2753 stum.
577 2687 720 2751 Prodest
744 2685 828 2747 enim
879 2701 939 2748 aec
966 2684 1188 2769 paedagogia,
1211 2693 1247 2745 ut
1269 2682 1410 2765 docean-
1452 2692 1486 2744 et
1505 2616 1630 2745 Saulus
1653 2684 1696 2745 ob
1719 2702 1793 2747 eam
1820 2702 1956 2772 eausam
1975 2684 2213 2767 propemodum
2233 2696 2336 2750 totam
2357 2686 2424 2769 epi·

441 2788 493 2838 tur
513 2773 662 2837 homines
684 2780 718 2834 et
737 2769 870 2833 audiant
890 2768 1027 2831 verbum
1048 2765 1121 2829 Dei.
1154 2764 1197 2828 Et
1218 2766 1295 2849 quia
1316 2763 1409 2830 Deus
1453 2760 1573 2835 stolam
1609 2766 1653 2829 ad
1686 2762 1781 2829 Rem.
1814 2768 1979 2831 consumit
2019 2768 2052 2831 in
2090 2764 2268 2835 collatione
2306 2768 2425 2833 horum

440 2870 493 2921 est
524 2854 642 2920 efficax
674 2873 735 2937 per
766 2854 920 2928 verbum,
951 2852 1026 2915 ideo
1053 2868 1115 2935 per
1146 2850 1231 2915 haec
1254 2850 1410 2915 exercitia
1452 2851 1550 2915 trium
1576 2844 1744 2929 locorum,
1770 2849 1919 2928 Peccati,
1946 2848 2066 2939 Legis,
2093 2850 2239 2921 Gratiae.
2253 2856 2298 2931 ⁶⁸)
2345 2853 2426 2935 ldeq

440 2940 529 3005 multi
548 2950 706 3006 vocantur
722 2938 764 3000 ad
785 2956 896 3001 veram
913 2936 1080 3017 pietatem.
1452 2946 1484 2998 et
1509 2952 1572 2997 nos
1593 2933 1683 2998 hunc
1703 2932 1813 3001 locum
1833 2936 2040 3019 suscepimus
2063 2934 2306 3021 explicandum,
2327 2957 2424 3021 prae·

490 3062 493 3067 -
525 3023 616 3088 Haec
649 3020 811 3085 sententia
844 3020 885 3083 de
908 3016 1013 3083 libero
1042 3020 1177 3084 arbitrio
1205 3016 1286 3083 nihil
1310 3018 1410 3083 habet
1452 3018 1565 3083 sertim
1601 3038 1676 3083 etim
1714 3014 1810 3085 aliter
1846 3020 1970 3086 iudicet
2000 3022 2165 3103 scriptura
2198 3024 2240 3086 de
2271 3035 2424 3105 peccato,

439 3108 591 3185 absurdi,
624 3120 657 3172 et
678 3117 927 3190 estgenuana,
952 3124 1026 3169 oum
1054 3101 1192 3167 alionum
1213 3104 1410 3185 scriptorum
1452 3123 1552 3187 quam
1589 3100 1734 3168 hmnana
1768 3104 1852 3169 ratio
1893 3123 1954 3168 seu
1987 3100 2203 3186 Philosophia
2235 3124 2298 3171 seu
2328 3104 2424 3192 leges

439 3191 747 3259 Ecclesiastioorum
778 3208 819 3251 ec
850 3188 1070 3290 synodorum,
1097 3199 1166 3251 trum
1199 3206 1278 3250 vero
1312 3187 1410 3251 etiam
1451 3183 1617 3267 politicae.
1661 3185 1822 3271 ltaques
1952 3187 1963 3251 i
1989 3188 2166 3269 prudentia
2190 3190 2226 3253 iu
2252 3188 2321 3255 hee
2345 3188 2424 3257 leco

440 3278 622 3363 Augustini.
682 3273 755 3337 Nec
792 3272 896 3357 adigit
930 3272 973 3334 ad
1005 3272 1270 3356 desperationem
1302 3272 1409 3334 bonas
1453 3290 1537 3353 opus
1568 3280 1631 3333 est.
1673 3269 1759 3333 Nam
1785 3283 1818 3335 et
1882 3266 1992 3353 eologi
2023 3269 2114 3339 multi
2141 3272 2196 3335 hic
2223 3268 2258 3337 la
2297 3273 2423 3355 ient,

440 3373 584 3438 mentes,
618 3378 681 3423 nec
715 3360 858 3421 deterret
887 3374 962 3431 eas,
1001 3376 1066 3438 quo
1099 3356 1205 3417 mines
1238 3365 1408 3417 conentur.
1474 3354 1509 3416 ui
1522 3363 1698 3435 peceatum
1713 3350 1946 3421 intellexerunt
1960 3366 2087 3421 tanmm
2103 3354 2242 3423 civiliter
2256 3292 2411 3425 llatae

439 3445 504 3511 luto
526 3458 558 3509 et
574 3440 753 3525 amplificat
774 3440 915 3522 Spiritus
936 3440 1044 3502 sancti
1077 3434 1245 3519 auxilium,
1270 3448 1302 3499 et
1322 3439 1411 3500 acuit
1484 3437 1514 3501 'c
1541 3456 1635 3501 error
1683 3440 1788 3519 aperit
1808 3434 1894 3505 alios
1937 3450 2032 3505 ostea
2052 3460 2196 3505 errores.
2238 3442 2316 3507 Non
2337 3444 2424 3509 enim

440 3550 550 3593 emam
571 3548 612 3591 ac
634 3523 833 3609 diligentiam
855 3532 990 3584 nostrae
1007 3517 1196 3589 voluntatis,
1240 3518 1316 3585 Nou
1358 3541 1410 3585 ro·
1451 3530 1562 3603 potest
1597 3521 1644 3585 int
1688 3522 1697 3540 ⁰
1725 3522 1745 3609 Ἰ
1768 3460 1963 3628 maguitullo
1992 3524 2145 3591 beneficii
2179 3524 2320 3605 Christi,
2358 3520 2429 3593 nisi

441 3615 482 3675 bo
505 3608 719 3675 deliramenta
734 3604 1021 3682 Manichaeorum,
1050 3604 1104 3687 qui
1125 3622 1265 3685 prorsus
1285 3624 1307 3667 n
1452 3605 1592 3691 cognitis
1613 3625 1676 3671 nes
1757 3604 1862 3673 mahs.

438 3694 599 3759 voluntati
621 3692 781 3755 actionem
808 3687 1009 3766 tribuebant,
1037 3687 1225 3771 nequidem
1255 3689 1411 3753 adiamm
1536 3689 1701 3773 Principio
1728 3692 1737 3710 ⁰
1765 3694 1827 3757 'tur
1854 3694 1896 3757 de
1920 3691 2083 3757 vocabulo
2105 3699 2232 3762 moneri
2252 3699 2423 3785 imperitos

438 3793 471 3842 te
504 3778 627 3860 Spiritu
655 3783 786 3847 sanct03
815 3773 911 3856 qnasi
944 3770 1024 3836 nihil
1045 3774 1221 3836 interesset
1241 3774 1327 3839 inter
1344 3785 1410 3838 sta·
1451 3793 1593 3839 necesse
1624 3786 1686 3841 est
1771 3772 1920 3845 eoeatain
1954 3797 2022 3841 non
2053 3778 2219 3863 siguificat
2250 3785 2283 3847 in
2316 3786 2423 3851 sacris

438 3875 527 3926 tuam
539 3864 585 3937 ⁶⁸)
606 3870 639 3923 et
659 3855 865 3922 voluntatem.
944 3888 946 3893 ·
1449 3855 1555 3923 literis
1575 3870 1711 3938 tantem,
1733 3871 1769 3925 ut
1789 3863 1999 3948 grammatice
2021 3876 2119 3927 sonat
2138 3864 2276 3946 Latinis,
2297 3864 2422 3935 iactum

524 3944 634 4026 Atque
656 3942 733 4005 hino
755 3938 853 4005 facile
874 3952 1015 4022 possunt
1035 3936 1203 4005 conciliari
1226 3942 1409 4007 sententiae
1450 3939 1604 4028 aliquod,
1635 3946 1697 4011 sed
1723 3945 1890 4030 siguificat
1916 3958 1950 4011 et
1975 3958 2167 4031 perpetuum
2195 3952 2323 4031 vitium,
2354 3944 2421 4020 hiic

439 4033 481 4093 de
503 4027 664 4092 libertate.
708 4022 967 4090 Ecclesiasticus
986 4026 1088 4110 inquit
1110 4024 1179 4103 115,
1197 4026 1281 4105 244:
1314 4024 1408 4091 Deus
1452 4039 1521 4107 est,
1550 4030 1794 4113 corruptionem
1816 4040 1952 4096 naturae
1973 4044 2175 4117 pugnantem
2196 4057 2271 4100 cum
2291 4034 2366 4121 lege
2389 4050 2422 4103 et

440 4110 569 4196 reliquit
600 4110 763 4175 hominem
790 4112 822 4172 in
855 4128 953 4173 manu
981 4106 1108 4173 consilii
1134 4111 1186 4173 sui
1213 4122 1276 4175 etc.
1321 4109 1408 4176 Dico
1450 4109 1540 4177 lacta
1559 4115 1740 4199 pugnantia
1761 4134 1836 4177 curu
1857 4110 1931 4200 lege
1952 4115 2028 4181 Dei.
2067 4115 2169 4201 ldque
2191 4120 2234 4183 de
2256 4120 2420 4187 vocabulo

440 4195 639 4260 voluntatem
661 4196 693 4259 in
715 4195 777 4278 piis
794 4195 979 4257 actionibus
1001 4206 1034 4257 et
1055 4194 1229 4257 conatibus
1247 4214 1313 4259 non
1330 4214 1408 4259 esse
1450 4197 1614 4262 admoneo
1643 4198 1686 4261 ob
1713 4194 1800 4263 hanc
1826 4218 1975 4279 causam,
1985 4202 2098 4350 tquod
2127 4202 2259 4285 quidam
2286 4206 2421 4271 adducti

440 4281 589 4358 otiosam,
606 4280 668 4343 sed
688 4291 798 4342 tamen
819 4278 1035 4342 adiuvandam
1057 4296 1168 4342 essee
1189 4275 1312 4362 Spiritu
1333 4298 1408 4343 sau-
1451 4280 1664 4365 grammatica
1673 4282 1906 4364 superstitione
1925 4304 1984 4349 sus
2034 4297 2129 4349 erunt
2145 4288 2257 4352 titium
2274 4290 2420 4375 originis,

416 4377 510 4430 -etot
529 4366 576 4428 ita
597 4364 633 4427 lit
650 4364 761 4428 verius
782 4359 896 4426 libera.
1450 4383 1492 4428 eo
1518 4364 1608 4447 quod
1633 4376 1807 4448 peccatum
1831 4366 1995 4455 significet
2021 4365 2123 4433 latino
2145 4391 2237 4435 more
2259 4393 2327 4437 non
2370 4374 2421 4439 er·

524 4447 668 4527 Addam,
697 4458 732 4512 ut
758 4447 841 4511 haec
868 4446 947 4511 liant
973 4443 1167 4525 illustriora,
1202 4447 1267 4510 duo
1295 4445 1408 4510 lliero·
1473 4460 1583 4513 etuum
1603 4450 1769 4529 morbum,
1796 4452 1858 4515 sed
1883 4448 2006 4517 lactum
2035 4450 2186 4537 aliquod3
2218 4477 2281 4523 nec
2308 4396 2420 4526 vitlem

441 4535 527 4617 uymi
552 4534 648 4597 dicta.
694 4530 877 4595 Anathema
906 4532 964 4607 sit,
997 4532 1025 4593 si
1055 4532 1128 4614 quis
1157 4532 1274 4595 dixerit
1300 4530 1408 4596 Deum
1449 4469 1606 4597 hebraica
1634 4553 1718 4597 voce
1746 4532 1925 4621 significari
1951 4538 2082 4621 proprie
2109 4539 2263 4622 quiddam
2285 4542 2418 4608 damna·

441 4616 652 4701 impossibilia
673 4636 793 4699 praece
816 4617 892 4677 isse.
917 4613 990 4678 lloc
1011 4616 1101 4679 dicto
1124 4614 1221 4681 valde
1232 4617 1408 4680 abutuntur
1450 4628 1535 4694 tum,
1562 4636 1641 4694 seu,
1669 4628 1704 4681 ut
1724 4618 1770 4681 ita
1790 4621 1912 4699 dicam,
1933 4641 2043 4699 remu,
2070 4626 2307 4706 propemodum
2330 4630 2420 4713 qued

441 4702 578 4785 imperiti
610 4702 751 4783 quidam.
833 4717 949 4763 ecesse
975 4710 1026 4763 est
1054 4701 1152 4783 igitur
1179 4702 1267 4763 dicto
1295 4699 1408 4764 lliero-
1448 4698 1539 4764 latini
1561 4698 1673 4765 scelus
1695 4702 1817 4768 dieunt.
1860 4704 1911 4771 Sit
1936 4706 2034 4791 igitur
2054 4709 2088 4769 iu
2109 4728 2232 4792 genere
2245 4724 2419 4796 peccatum

443 4788 529 4870 nymi
561 4787 764 4848 commodam
796 4783 1093 4864 interpretationem
1128 4786 1261 4849 addere.
1316 4782 1409 4849 Hanc
1451 4785 1563 4850 vitium
1590 4806 1632 4868 pe
1674 4797 1785 4852 etuum
1813 4800 1869 4854 aut
1897 4786 2020 4854 sactum
2051 4812 2204 4877 pugnans
2236 4816 2311 4861 cum
2342 4794 2419 4883 lege

443 4888 606 4935 sumemus
639 4890 679 4933 ex
711 4864 816 4931 altero
850 4866 937 4932 dieto
972 4869 1117 4933 eiusdem
1158 4869 1300 4934 autoris:
1344 4868 1408 4942 Qui
1449 4870 1523 4934 Dei.
1566 4808 1730 4937 Divllhtur
1755 4885 1864 4937 autem
1892 4886 2065 4958 peccatum
2094 4878 2127 4940 in
2154 4892 2328 4961 peecatum
2355 4882 2418 4945 ori·

443 4956 568 5034 dixerit,
590 4973 653 5017 nos
674 4972 774 5036 posse
795 4951 949 5015 inundata
966 4950 1029 5017 Dei
1051 4951 1186 5038 implere
1208 4956 1280 5018 sine
1302 4954 1409 5037 gratia
1450 4956 1536 5039 ginis
1559 4967 1592 5019 et
1611 4952 1753 5021 actuale.
1792 4956 1852 5024 llis
1875 4961 1960 5023 enim
1982 4958 2254 5044 appellationibus
2276 4966 2418 5031 docendi

442 5037 520 5118 Dei,
553 5036 727 5103 anathema
759 5037 811 5101 sit
862 5035 923 5100 llic
955 5037 1061 5118 gratia
1092 5036 1309 5123 intelligatur,
1342 5058 1408 5103 non
1451 5059 1554 5104 causa
1574 5040 1732 5105 utendum
1753 5052 1815 5105 est.

443 5118 549 5188 solum
571 5122 660 5207 quod
681 5122 872 5187 adiuvemur
892 5141 913 5184 a
931 5118 1054 5221 Spiritu
1075 5136 1204 5201 sancto,
1225 5124 1287 5186 sed
1311 5124 1409 5187 etiam

444 5207 513 5289 ipsa
530 5209 672 5294 gratuita
687 5208 854 5289 imputatio
871 5205 1013 5269 iustitrae
1029 5224 1090 5269 seu
1101 5209 1297 5290 acceptatio,
1320 5208 1408 5291 quod

1451 5360 1651 5373 ————

444 5460 489 5521 tt)
509 5459 541 5510 de
553 5462 606 5511 teta
624 5458 685 5519 rita]
703 5459 774 5511 editt
791 5461 815 5511 8.
836 5459 942 5511 11-13,
960 5464 987 5509 et
1003 5459 1078 5522 opp:
1098 5460 1130 5510 de
1149 5460 1260 5513 moribus
1451 5462 1497 5525 et)
1522 5462 1579 5513 Stil.
1598 5464 1623 5513 ln
1641 5464 1696 5515 loeo
1714 5460 1750 5513 de
1768 5460 1852 5514 bonit
1869 5463 2016 5532 apertius.

445 5561 489 5619 tt)
507 5558 630 5619 statum}
649 5560 754 5620 interpr.
771 5554 866 5610 Klotz.
1451 5563 1498 5624 68)
1523 5561 1560 5613 Cr.
1579 5562 1737 5616 simulatam
1755 5564 1825 5617 initio
1838 5566 2004 5629 theologicae
2021 5568 2185 5622 iustitutionis
2203 5581 2280 5632 supra
2298 5582 2413 5623 norme.
