5859 6734
464 694 529 762 roo
1016 697 1055 712 ··
1095 689 1207 756 run.
1229 687 1333 756 trau.
1351 675 1540 756 sennua
1555 673 1832 757 uoouanc'n.
1867 671 1886 712 ¹
2402 701 2470 768 eoo

467 893 522 950 t'ur
545 880 610 945 alia
630 879 778 968 praemia
795 873 984 962 corporalia
1005 879 1039 941 e't
1060 897 1077 940 s
1100 873 1241 941 iritualia
1254 877 1288 940 ln
1305 875 1448 940 hacvita
1490 887 1544 941 tur
1566 886 1598 940 et
1619 888 1808 941 sanctorum
1831 881 2286 962 experieutlamtconsidarct.
2317 883 2469 952 Dicimus

468 963 636 1033 etsutura.
666 963 760 1030 Sicut
771 960 926 1028 Christus
937 963 1041 1047 inquit
1100 959 1292 1042 anesten:
1315 959 1447 1024 Merces
1491 961 1716 1025 necessariam
1737 981 1813 1025 esse
1833 963 2076 1047 poeniteutiam,
2097 968 2307 1048 etaddimus,
2331 973 2469 1036 creden

469 1063 585 1118 vestra
607 1051 745 1134 copiosa
767 1050 829 1112 erit
849 1049 882 1111 in
906 1044 1013 1114 coelo.
1040 1046 1144 1125 llaec,
1166 1065 1251 1130 quae
1273 1046 1351 1126 dixi,
1375 1059 1447 1110 cor·
1492 1046 1567 1109 dum
1591 1064 1680 1123 esse,
1701 1046 1790 1129 quod
1810 1059 1946 1132 propter
1966 1045 2141 1114 filideei
2158 1053 2302 1118 donetur
2316 1057 2468 1122 remissio

469 1137 556 1202 datis
581 1145 614 1199 et
635 1136 697 1218 piis
720 1133 932 1196 conscientiis
954 1128 1172 1195 satisfaciunt.
1342 1187 1346 1193 .
1386 1167 1389 1172 -
1491 1130 1607 1215 gratis,
1630 1149 1697 1194 non
1718 1141 1854 1215 propter
1875 1144 2022 1200 nostram
2034 1136 2239 1219 dignitatem
2261 1139 2469 1226 ltem„quod

558 1219 651 1284 Vera
679 1227 730 1282 est
762 1231 794 1282 et
822 1216 906 1280 haec
938 1218 1111 1299 responsio
1120 1239 1134 1280 ε·
1161 1211 1232 1278 llas
1267 1215 1446 1292 orationes,
1490 1233 1584 1277 mens
1606 1231 1673 1277 non
1695 1213 1814 1279 debeat
1835 1219 2049 1282 succumbere
2071 1221 2283 1302 dubitationi,
2318 1227 2382 1290 sed
2404 1226 2470 1291 lide

470 1305 547 1370 Vita
574 1316 710 1367 aeterna
737 1305 798 1365 erit
826 1320 972 1375 merces3
1005 1301 1103 1378 ltem,
1129 1300 1300 1364 Reddatur
1329 1301 1447 1382 cuique
1490 1300 1624 1363 vincere
1653 1299 1896 1364 dubitationem.
1940 1300 2118 1367 Praeterea
2146 1306 2284 1372 dicimus
2310 1329 2468 1375 necessa·

469 1391 563 1454 iuxta
585 1408 687 1471 opera
710 1407 790 1464 sua,
820 1386 960 1470 phrases
988 1404 1065 1449 esse
1085 1383 1206 1470 Legis,
1235 1404 1320 1467 quae
1340 1383 1448 1467 loqui·
1491 1385 1572 1446 riam
1599 1402 1675 1447 esse
1700 1382 1887 1448 inchoatam
1915 1388 2144 1456 obedientiam:
2178 1388 2248 1454 Sed
2268 1392 2363 1458 hanc
2394 1415 2467 1459 non

470 1487 524 1539 tur
538 1475 585 1554 ⁸⁰)
611 1473 652 1536 de
681 1474 802 1536 iustitia
823 1483 978 1555 tanquam
1001 1471 1042 1533 de
1062 1482 1180 1534 nostra
1201 1470 1376 1553 diguitate3
1404 1467 1446 1530 Et
1490 1465 1687 1532 satisfacere
1709 1467 1793 1554 Legi
1814 1467 1896 1548 Dei,
1929 1473 1990 1535 sed
2016 1470 2149 1557 placere
2174 1475 2209 1536 in
2238 1477 2463 1544 reconciliatis

472 1571 583 1623 mmen
612 1557 695 1620 lides
723 1557 893 1638 accipiens
920 1554 1220 1620 reconciliationem
1248 1556 1363 1617 statuit
1382 1573 1446 1616 nos
1490 1564 1626 1636 propter
1646 1549 1880 1638 Mediatoren'r,
1909 1576 1950 1619 ac
1978 1576 2110 1620 manere
2129 1559 2263 1642 quidem
2285 1563 2321 1625 in
2342 1564 2466 1628 renatis

470 1654 608 1727 propter
630 1639 731 1719 aliud,
752 1661 819 1704 uon
836 1651 972 1724 propter
985 1640 1279 1714 nostrasvirtutes,
1302 1635 1447 1719 placere,
1490 1647 1640 1722 peccata,
1664 1638 1725 1700 sed
1747 1647 1854 1702 tamen
1872 1640 2088 1705 discernenda
2107 1647 2342 1727 essepecc'ata
2352 1658 2467 1711 contra

471 1728 550 1813 quia
582 1746 680 1789 nemo
709 1725 793 1810 Legi
826 1723 988 1790 satisfacit
1014 1737 1047 1788 et
1072 1725 1105 1786 in
1134 1721 1199 1786 hac
1225 1719 1447 1786 imbecillitate
1491 1722 1727 1786 conscientiam
1749 1723 1792 1785 ab
1814 1723 1867 1800 iis,
1889 1742 1975 1808 qnae
1996 1737 2131 1790 manent
2150 1729 2185 1791 in
2205 1731 2349 1794 sanctis.
2380 1729 2466 1795 Dici·

471 1823 612 1876 naturae
634 1807 737 1873 multa
757 1821 890 1873 manent
910 1820 1059 1893 peccata.
1093 1806 1187 1872 llanc
1209 1808 1447 1892 interpretatio·
1491 1825 1563 1870 mus
1593 1806 1677 1868 enim
1703 1807 1810 1890 ,amici
1841 1810 1996 1892 gratiam,
2030 1830 2105 1876 cum
2130 1811 2278 1878 violatur
2300 1813 2379 1882 Lex
2404 1815 2465 1880 Dei

472 1915 549 1960 nem
561 1894 638 1958 addi
655 1913 797 1958 necesse
816 1906 868 1957 est
885 1915 927 1959 ex
939 1892 1032 1958 Evan
1059 1890 1134 1968 elio,
1156 1891 1317 1975 quaehoc
1335 1887 1447 1968 allicit,
1491 1899 1608 1955 contra
1629 1891 1874 1956 conscientiam.
1908 1893 1999 1957 llaec
2021 1915 2090 1957 nou
2111 1891 2219 1961 solum
2239 1896 2326 1962 nihil
2348 1899 2467 1964 habent

472 1990 509 2044 ut
531 1980 718 2044 mercedem
740 1976 961 2065 intelligamus
978 1915 1109 2061 quilem
1133 1977 1446 2061 compensationem,
1490 1975 1636 2054 absurdi,
1656 1973 1717 2038 add
1730 1995 1849 2040 revera
1861 1989 2046 2063 congruunt
2057 2001 2131 2058 cum
2143 1999 2314 2047 consensu
2325 1987 2466 2049 omnium

474 2066 535 2128 sed
564 2084 631 2127 non
658 2061 878 2148 intelligamus
901 2065 971 2128 dari
991 2058 1291 2127 reconciliationem
1311 2069 1448 2144 propter
1491 2069 1681 2124 sanctorum
1702 2059 1777 2122 inde
1797 2079 1904 2145 usque
1925 2066 1967 2128 ab
1990 2064 2091 2128 initio.

473 2159 621 2213 nostram
633 2148 835 2233 dignitatem,
855 2169 919 2212 nec
930 2143 1118 2212 inchoatam
1140 2145 1357 2210 obedientiam
1377 2141 1447 2227 pla·
1576 2141 1697 2232 Cogita
1723 2141 1905 2226 Davidem,
1938 2169 2012 2212 cum
2045 2149 2237 2234 obiurgator
2270 2171 2292 2214 a
2322 2152 2465 2216 Nathan.

476 2252 552 2297 cere
572 2245 708 2317 propter
730 2252 768 2296 se
789 2234 911 2317 ipsam,
933 2232 994 2297 sed
1016 2234 1049 2297 in
1071 2228 1292 2296 reconciliatis
1312 2238 1448 2313 propter
1491 2227 1553 2293 llic
1574 2227 1684 2292 David
1710 2231 1863 2312 agnoscit
1889 2232 1972 2295 lrarn
1998 2232 2077 2308 Dei,
2111 2244 2144 2297 et
2170 2254 2249 2298 vere
2276 2238 2466 2322 expavescit

475 2317 701 2402 Mediatorem.
740 2316 812 2380 Hos
834 2329 954 2401 postea
975 2318 1124 2402 sequitur
1146 2316 1371 2399 compensatio
1389 2315 1447 2377 bo·
1492 2334 1533 2377 ac
1560 2310 1660 2380 dolet.
1703 2312 1832 2378 Rursus
1859 2327 1984 2395 autem,
2019 2337 2094 2382 cnm
2123 2319 2212 2390 audit
2228 2317 2464 2406 Evangelium:

474 2422 591 2467 norum
614 2421 761 2483 operum.
1491 2395 1638 2462 Abstulit
1647 2394 1810 2462 Dominus
1820 2405 1994 2483 peccatum
2009 2412 2111 2481 mum,
2133 2405 2270 2488 erigitur
2288 2405 2357 2470 hac
2375 2427 2465 2483 voce,

561 2484 647 2549 lllud
668 2505 748 2549 vero
771 2498 998 2569 argumentum
1019 2481 1259 2568 explodendum
1275 2493 1338 2559 cst,
1381 2482 1449 2546 uod
1492 2502 1555 2547 nec
1589 2482 1714 2568 cogitat
1746 2501 1784 2545 se
1809 2482 1935 2548 habere
1964 2487 2189 2552 remissionem
2217 2501 2360 2573 propter
2389 2512 2465 2556 suas

477 2571 590 2635 dicunt
616 2567 766 2633 homines
792 2572 966 2656 segniores
995 2569 1066 2634 lieri
1094 2571 1139 2634 ad
1166 2503 1449 2644 benefacienlum,
1492 2565 1735 2644 virtutes,'Sed
1757 2565 1834 2632 huic
1855 2570 1930 2634 voci
1952 2572 2054 2634 credit
2077 2583 2109 2636 et
2131 2574 2254 2657 cogitat
2274 2574 2465 2659 depromis·

478 2657 507 2719 si
528 2655 611 2719 ratio
632 2656 738 2718 meriti
760 2652 905 2719 tollatur.
949 2655 1027 2718 Dixi
1048 2674 1168 2738 supra,
1195 2651 1297 2719 multo
1319 2652 1448 2736 gravio·
1492 2653 1660 2728 sionibus,
1692 2670 1778 2734 quae
1804 2665 1880 2716 sunt
1906 2653 2003 2718 datae
2028 2657 2193 2737 patribuS,
2219 2655 2372 2724 luctatur
2395 2681 2466 2723 ctum

476 2759 532 2804 res
561 2757 639 2802 esse
664 2738 809 2803 rationes
831 2740 1039 2804 necessitatis
1062 2751 1095 2802 et
1117 2739 1228 2802 debiti.
1271 2737 1449 2800 Praeterea
1494 2737 1694 2800 dubitatione
1715 2743 1749 2798 et
1769 2735 1834 2802 lide
1855 2738 1965 2802 vincit.
1994 2738 2080 2811 Quid
2102 2741 2283 2826 deinceps?
2305 2744 2360 2806 An
2378 2755 2466 2828 post·

478 2823 654 2889 discrimen
675 2823 852 2888 tenendum
874 2836 926 2887 est
946 2823 1212 2907 promissionum,
1236 2823 1376 2907 gratuita
1398 2829 1450 2882 est
1493 2839 1533 2883 ea
1554 2829 1649 2904 putat
1670 2839 1708 2882 se
1723 2819 1808 2906 Legi
1829 2822 1894 2886 Dei
1916 2822 2132 2898 satisfacere?
2175 2825 2243 2890 lruo
2260 2846 2344 2892 vero
2365 2849 2466 2912 agno-

475 2908 655 2992 promissio
677 2906 954 2973 reconciliationis
976 2918 1009 2972 et
1021 2910 1108 2972 vitae
1122 2919 1292 2980 aetemae;
1313 2905 1381 2969 Sed
1401 2901 1450 2966 le·
1493 2906 1556 2967 scit
1587 2903 1807 2968 infirmitatem
1828 2904 1915 2972 hanc
1936 2906 2054 2993 procul
2076 2912 2197 2976 abesse
2218 2931 2239 2974 a
2259 2909 2466 2994 perfectione

477 2991 572 3080 galas
593 2993 831 3078 promissiones
850 2995 982 3077 proprie
995 2995 1041 3077 ³¹)
1064 3002 1141 3055 sunt
1158 2993 1287 3056 additae
1297 3011 1359 3070 pro
1371 3007 1449 3072 ope-
1493 2987 1613 3074 Legis;
1644 2988 1722 3051 ldeo
1751 2989 1843 3052 dicit:
1876 2991 1951 3054 Non
1980 2993 2207 3059 iustificabitur
2227 2996 2261 3058 in
2282 3013 2466 3080 conspectu

476 3080 585 3144 ribus:
609 3075 673 3149 Qui
695 3078 819 3142 dederit
841 3089 953 3162 potum
974 3097 1092 3161 aquae,
1114 3097 1181 3141 non
1197 3077 1449 3161 perdetmerce·
1493 3085 1549 3138 tuo
1573 3074 1678 3139 omnis
1700 3073 1832 3152 vivens,
1860 3086 1893 3140 et
1913 3077 1977 3141 scit
1998 3090 2105 3141 tamen
2126 3099 2187 3163 per
2207 3081 2467 3148 misericordiam

478 3164 562 3228 dem.
605 3158 677 3226 Etsi
699 3162 801 3248 igitur
822 3164 909 3226 bona
932 3182 1034 3246 opera
1057 3182 1126 3225 uon
1147 3171 1313 3225 merentur
1334 3177 1450 3223 recon-
1492 3156 1627 3243 placere
1653 3155 1729 3221 Deo
1756 3156 1843 3224 hauc
1869 3162 2023 3230 iustitiam
2048 3164 2155 3227 bonae
2183 3166 2401 3229 conscientiae
2420 3167 2465 3230 'in

477 3245 686 3323 ciliationem,
708 3266 772 3310 nec
792 3258 870 3310 sunt
889 3249 1028 3332 pretium
1057 3249 1145 3312 vitae
1172 3258 1343 3319 aeternae3
1364 3243 1451 3308 Nam
1493 3241 1718 3307 reconciliato.
1763 3242 1855 3310 Sicut
1880 3246 1997 3330 inquitz
2026 3245 2097 3310 Pax
2124 3247 2228 3314 multa
2252 3247 2466 3334 diligentibus

476 3329 777 3397 reconciliationem
798 3333 1226 3416 praeoederenecesseest,
1248 3329 1450 3395 utobedien-
1493 3328 1618 3415 Legem
1639 3338 1738 3391 tuam.

476 3418 524 3481 tia
543 3416 651 3500 possit
670 3413 824 3500 placere;
857 3415 980 3481 Tamen
1008 3428 1175 3481 merentur
1202 3414 1268 3479 alia
1295 3414 1451 3496 praemia,
1579 3411 1650 3476 llas
1671 3431 1815 3477 summas
1836 3415 2020 3478 intueantur
2037 3418 2147 3495 anhni,
2168 3438 2255 3502 qnae
2277 3429 2370 3481 certe
2391 3432 2468 3483 suut

476 3512 514 3567 ut
535 3501 658 3565 dictum
680 3511 741 3564 est.
824 3500 829 3508 ’
1494 3509 1673 3581 perpetuus
1707 3508 1739 3560 et
1770 3496 1885 3562 irrel'ra
1911 3497 2007 3563 abilis
2042 3520 2227 3566 consensus
2267 3515 2465 3581 sanctorum,

561 3582 691 3649 Deinde
713 3586 801 3669 quod
827 3585 869 3650 de
891 3586 1031 3670 segnitie
1052 3585 1220 3663 obiicitur,
1248 3579 1452 3647 refirtandmu
1495 3583 1639 3647 omniurn
1667 3592 1859 3666 temporum.
1935 3604 1974 3648 ec
2002 3581 2135 3651 difficile
2163 3589 2223 3650 erit
2246 3583 2396 3652 refutare
2416 3609 2465 3653 ca-

477 3683 531 3736 est
560 3672 714 3756 opposito
742 3667 889 3754 periculo
911 3671 1134 3734 dubitationis.
1180 3668 1216 3733 Si
1238 3668 1452 3732 dubitandum
1495 3664 1695 3742 villationes,
1717 3687 1803 3749 qnae
1825 3679 1941 3732 contra
1961 3667 2048 3733 hanc
2069 3673 2268 3735 sententiam
2279 3674 2465 3759 excogitau-

478 3757 540 3822 erit
562 3756 603 3819 de
624 3757 692 3819 vita
714 3765 862 3833 aeterna,
883 3767 919 3819 ut
942 3755 1092 3819 doctrina
1112 3752 1243 3817 illorum
1265 3751 1451 3816 demeritis
1494 3763 1558 3828 tur,
1581 3752 1611 3814 si
1631 3749 1696 3815 hae
1719 3769 1865 3815 summae
1886 3749 2006 3817 fuerint
2027 3755 2060 3817 in
2082 3768 2266 3838 conspectu
2289 3768 2324 3821 et
2347 3759 2465 3843 inquo

478 3842 575 3919 dicit,
596 3841 755 3904 dubitatio
776 3841 884 3924 magis
905 3835 1107 3924 languefaoit
1128 3839 1271 3903 studium
1294 3848 1384 3901 recte
1403 3832 1452 3899 ia·
1494 3837 1616 3899 tidiana
1636 3837 1847 3900 invocatione
1869 3849 2094 3903 exerceantur.
2127 3837 2228 3905 Nulla
2249 3843 2339 3906 enim
2362 3853 2465 3925 potest

478 3924 596 3988 ciendi.
645 3923 713 3988 Sed
744 3923 830 3987 haec
862 3923 987 3987 omitto.
1035 3921 1159 4010 Magna
1192 3921 1255 3986 cali
1334 3931 1386 3984 est
1417 3921 1452 3983 in
1495 3939 1572 3983 esse
1593 3937 1673 3983 vera
1700 3922 1883 4000 invocatio,
1915 3924 1979 3986 nisi
2002 3925 2133 4007 cognita
2155 3925 2308 3990 doctrina
2332 3929 2377 3993 de
2398 3927 2463 3991 fide.

479 4010 595 4073 animis
616 4005 781 4072 hominum
804 4017 837 4071 et
853 4004 1021 4071 horribilis
1043 4007 1224 4071 infirmitas.
1286 4005 1452 4069 aucissimi
1494 4003 1729 4068 accedendum
1750 4019 1803 4070 est
1825 4009 1911 4072 enim
1929 4009 1971 4071 ad
1989 4007 2097 4072 Deum
2118 4007 2237 4073 fiducia
2265 4009 2464 4076 Mediatoris.

478 4094 608 4168 vident,
637 4092 715 4176 quid
737 4092 781 4155 sit
801 4092 930 4156 servire
950 4090 1035 4158 Deo.
1080 4091 1149 4158 Sed
1169 4092 1230 4175 pii,
1253 4092 1308 4174 qui
1329 4087 1452 4173 aliquid
1493 4101 1530 4153 ut
1540 4088 1634 4153 Rom.
1646 4090 1678 4153 5.
1691 4096 1754 4168 [vs.
1765 4094 1810 4173 2]
1833 4091 1900 4155 Per
1920 4090 2009 4156 hunc
2030 4092 2190 4159 habemus
2212 4114 2394 4162 accessum
2405 4107 2465 4160 etc.

479 4177 566 4244 lucis
587 4174 722 4253 habeut,
743 4187 844 4262 agant
864 4174 939 4240 Deo
962 4176 1099 4262 gratias,
1142 4176 1210 4240 nod
1231 4195 1294 4239 nos
1316 4186 1452 4259 propter
1494 4173 1573 4238 ltern
1596 4174 1696 4239 Hebr.
1717 4179 1749 4241 4.
1774 4184 1839 4257 [vs.
1864 4175 1929 4257 16.]
1963 4176 2131 4242 Habentes
2153 4177 2251 4243 talem
2275 4180 2468 4247 Pontificem

369 4271 372 4279 ’
478 4262 581 4328 lilium
596 4262 721 4346 recipit,
743 4274 777 4326 et
789 4264 878 4345 quod
889 4273 1026 4366 propter
1034 4259 1122 4327 huuc
1170 4261 1348 4326 adiutorem
1363 4258 1451 4323 hanc
1494 4261 1691 4324 accedamus
1714 4282 1788 4325 curn
1810 4260 1940 4326 fiducia

479 4344 674 4413 imbecillem
702 4357 734 4410 et
762 4357 1015 4412 contaminatam
1044 4347 1262 4414 obedientiam
1289 4346 1452 4430 approbat

480 4445 513 4498 et
542 4442 638 4496 omat
663 4433 837 4516 praemiis,
866 4443 899 4495 et
927 4452 991 4496 nos
1020 4434 1207 4518 excitemus
1226 4433 1269 4496 ad
1295 4429 1453 4494 exercitia

478 4517 555 4582 fidei
577 4528 609 4583 et
629 4520 791 4584 bonorum
813 4536 967 4601 operum3
989 4517 1075 4582 Nam
1097 4519 1130 4581 in
1143 4516 1197 4581 his
1214 4517 1378 4582 exercitiis
1388 4513 1453 4578 hae
1946 4512 2017 4596 [lt]

481 4604 693 4687 quaestiones
715 4599 813 4666 facile
834 4613 989 4686 poterunt
1010 4603 1188 4668 diiudicari.

565 4685 712 4771 Exposui
733 4697 834 4751 totam
861 4688 1126 4752 controversiam
1154 4685 1195 4750 de
1220 4682 1453 4751 iustificatione
1601 4682 1662 4747 DE
1683 4680 1939 4747 DlSCthllNE
1966 4683 2152 4750 VETERlS
2174 4684 2230 4749 ET
2250 4685 2366 4750 NOVl

481 4791 541 4836 seu
580 4771 621 4836 de
652 4770 931 4837 reconciliatione.
987 4769 1070 4837 Gran
1102 4783 1212 4836 autem
1244 4768 1335 4836 multi
1367 4768 1454 4832 hanc
1839 4766 2127 4834 TESTAMENTI.

482 4858 679 4921 senteutiam
706 4867 913 4942 oppugnent,
943 4856 1019 4940 piae
1051 4857 1170 4921 mentis
1199 4868 1251 4920 ast
1281 4854 1454 4940 diligenter

481 4941 596 5006 videre
622 4940 700 5024 quid
719 4943 831 5024 praec·
853 4960 896 5005 ue
916 4951 1052 5026 agatur,
1085 4953 1133 5021 et,
1164 4952 1202 5004 ut
1221 4939 1352 5005 facilius
1372 4939 1454 5003 iudi·
1580 4935 1655 5000 Una
1684 4946 1736 5000 est
1763 4949 1921 5020 perpetua
1948 4935 2100 5004 Ecclesia
2120 4937 2184 5003 Dei
2212 4939 2290 5005 inde
2316 4959 2470 5026 usquea

482 5026 610 5102 cari⁸²)
627 5026 745 5108 possit,
766 4963 953 5090 Ecllesiam
975 5027 1117 5091 omnium
1132 5036 1315 5111 temporum
1329 5026 1454 5088 intuea-
1496 5022 1661 5087 creatione
1680 5017 1822 5085 hominis
1845 5034 1877 5088 et
1897 5026 1985 5088 adita
1999 5025 2218 5107 promissione
2238 5035 2318 5107 post
2339 5022 2471 5109 lapsum

1495 5106 1606 5181 Adaa;
1628 5104 1696 5170 Sed
1712 5108 1883 5172 doctrinae
1898 5109 2094 5193 propagatio
2116 5107 2198 5173 alias
2216 5105 2335 5172 inaliis
2346 5110 2471 5194 politiis

1495 5189 1566 5256 fuit.
1593 5191 1646 5255 Ac
1656 5194 1793 5275 prodest
1805 5195 2017 5257 considerare
2027 5195 2147 5258 seriem
2162 5194 2321 5258 historiae
2333 5207 2367 5258 et
2380 5195 2471 5261 testi-

484 5281 531 5344 30)
553 5278 901 5412 ffiltlrlgdffiulffl'
921 5281 963 5331 tt.
981 5282 1089 5344 tortum
1113 5282 1185 5334 edla
1209 5280 1250 5334 aa.
1274 5282 1316 5329 tt.
1340 5280 1382 5333 ao.
1405 5280 1456 5344 ³4..
1495 5279 1622 5354 monia,
1649 5278 1822 5363 inquibus
1844 5279 1937 5343 Deus
1959 5297 1998 5341 se
2019 5276 2231 5362 patefecit³⁸j
2254 5278 2297 5341 ab
2321 5280 2419 5346 initio
2441 5293 2471 5346 et

483 5451 532 5515 ⁸¹)
556 5448 668 5514 lmlflel
687 5450 760 5503 ΕΜ
778 5450 819 5500 ²²·
840 5452 881 5503 ²⁴·
900 5449 1019 5512 ²⁸'³⁴·⁸
1037 5450 1096 5514 ⁰¹³⁹·
1118 5452 1139 5500 ¹·
1159 5451 1183 5500 ²·
1201 5449 1318 5514 ”mm
1496 5482 1543 5547 33)
1566 5485 1634 5537 bens
1651 5496 1681 5537 se
1698 5482 1830 5547 mereat]
1847 5482 1919 5535 aare
1937 5483 1978 5534 td.
1996 5482 2046 5547 aa,
2064 5483 2137 5549 corp.
2159 5484 2243 5535 1-8.
2260 5494 2290 5536 ae
2308 5484 2380 5539 bens
2400 5492 2474 5550 pate·

484 5551 533 5614 aa)
557 5551 674 5615 ludicen]
691 5551 765 5605 hdie
783 5551 873 5605 1-tt.
890 5554 932 5605 21.
948 5549 1061 5605 tudture
1564 5552 1626 5605 terit
