5859 6734
468 666 535 734 815
1105 663 1218 730 Pffll..
1239 664 1343 730 lllEL.
1364 663 1551 733 SCRIPTA
1570 665 1858 734 noetianos.
2407 672 2473 738 816

469 850 715 935 ,Prophetarum
748 860 782 911 et
802 846 1040 932 Apostolorum
1069 850 1111 913 de
1131 861 1281 932 peccato,
1303 852 1345 914 de
1366 849 1448 915 libe-
1489 853 1641 916 dentibus
1664 852 1939 935 gubernatoribus
1961 850 2041 918 utile
2061 867 2113 920 est
2134 853 2381 922 hunciormam
2393 879 2469 924 eon·

474 938 601 1002 ratione
622 953 683 1017 per
704 930 887 1014 Christum,
914 933 956 996 de
977 934 1046 997 vita
1065 945 1217 1011 aeterua,
1244 934 1385 1017 denique
1406 935 1448 998 de
1489 936 1646 1000 siderare.
1689 935 1803 1021 Leges.
1819 929 1980 1000 Ethnictie
2001 938 2034 1001 in
2056 937 2185 1006 duabus
2206 942 2311 1005 rebus
2333 938 2468 1009 fuerunt

475 1041 557 1084 vera
579 1019 747 1104 agnitione
767 1015 831 1081 Dei
854 1027 887 1080 et
908 1035 989 1080 vero
1014 1013 1105 1080 oultu
1125 1014 1206 1092 Dei;
1237 1017 1280 1081 Et
1300 1029 1371 1082 tota
1391 1015 1448 1082 illa
1489 1018 1760 1105 negligentiores,
1783 1023 1817 1084 in
1838 1022 2012 1104 puniendis
2033 1019 2247 1106 blasphemiis
2261 1028 2310 1108 ⁶⁴)
2334 1037 2371 1090 et

474 1123 596 1251 pompa
618 1100 856 1166 sacrificioram
873 1111 1020 1165 veterum
1042 1099 1207 1185 significat
1228 1122 1329 1166 uuum
1346 1104 1448 1166 sacri·
1489 1102 1642 1169 hibendis
1670 1106 1765 1189 vagis
1791 1102 1990 1169 libidinibus.
2033 1103 2079 1168 At
2098 1103 2152 1169 lex
2174 1107 2286 1173 divina
2308 1114 2468 1194 gravissi-

499 1190 584 1251 cium
606 1185 664 1250 filii
684 1184 760 1262 Dei,
784 1187 839 1268 qui
860 1206 920 1267 pro
942 1185 1038 1249 nobis
1059 1187 1192 1249 victima
1219 1182 1327 1250 iactus
1350 1188 1447 1251 susti·
1489 1208 1561 1251 mas
1592 1208 1719 1271 poenas
1752 1191 1920 1253 constituit
1952 1191 1986 1252 in
2008 1188 2154 1254 cultores
2175 1190 2353 1272 idolorum,
2378 1194 2468 1260 blas-

475 1274 546 1336 nuit
562 1273 643 1334 iram
653 1268 718 1334 Dei
729 1268 865 1333 effusam
875 1270 907 1330 in
920 1289 975 1346 se,
992 1270 1086 1414 ‹puasi
1101 1271 1174 1352 ipse
1208 1280 1323 1334 eccata
1333 1283 1449 1335 nostra
1511 1272 1647 1349 homos,
1681 1275 1797 1356 impios
1819 1275 1991 1351 doctores,
2025 1274 2119 1350 item,
2140 1275 2175 1337 in
2221 1274 2344 1341 ollutos
2366 1282 2467 1366 vagis

476 1357 672 1421 admisisset.
717 1353 820 1417 Huius
852 1354 935 1431 irae,
959 1355 1000 1416 do
1015 1355 1096 1430 oris,
1118 1373 1182 1434 cop
1219 1356 1335 1430 sionis,
1356 1357 1447 1439 igno·
1489 1294 1689 1421 librdmrbus'.
1732 1356 1896 1422 Voluntas
1928 1359 2026 1442 igitur
2046 1356 2112 1421 Dei
2140 1359 2182 1422 de
2197 1297 2257 1423 his
2278 1359 2407 1428 delictis
2430 1367 2466 1429 iu

475 1441 605 1516 niniae,
622 1436 812 1502 humilitatis
834 1438 1088 1522 magnitudinem
1109 1436 1191 1501 nulli
1212 1437 1345 1522 Angeli,
1366 1436 1447 1503 nulli
1490 1440 1583 1526 Lege
1603 1442 1714 1505 divina
1735 1462 1756 1504 a
1782 1443 1984 1525 sapientibus
2013 1443 2288 1525 gubernatoribus
2312 1449 2465 1512 conside·

475 1523 625 1587 homines
641 1576 645 1590 .
664 1519 773 1605 eloqui
810 1533 968 1604 possunt,
1008 1522 1068 1585 sed
1105 1533 1214 1586 tamen
1254 1524 1447 1586 excitandae
1490 1526 1595 1590 randa
1616 1536 1678 1589 est.

474 1619 602 1672 mentes
624 1607 763 1670 suntad
786 1618 897 1670 tantae
918 1606 967 1670 rei
989 1605 1231 1690 cogitationem.
1257 1606 1310 1671 Ac
1331 1627 1446 1672 mrsus

475 1692 652 1756 admonent
673 1689 706 1753 hi
730 1688 895 1755 Cherubin
917 1711 984 1754 non
1007 1709 1083 1754 esse
1093 1687 1290 1766 Ecclesiam,
1311 1693 1368 1754 ubi
1379 1711 1446 1754 non

475 1787 527 1839 est
559 1776 729 1839 doctrinae
750 1774 970 1857 Propheticae
1003 1785 1036 1838 et
1057 1771 1273 1857 Apostolicae
1304 1776 1448 1838 ministe·
1930 1775 2013 1856 [ΧΙ.]

473 1861 568 1924 rium.
600 1858 726 1922 Vectes
750 1870 783 1921 et
804 1857 914 1923 baculi
937 1858 1123 1944 significant
1145 1860 1243 1922 etiam
1264 1859 1446 1936 ministros,
1909 1914 1919 1926 .

475 1943 630 2007 doctores
652 1954 685 2007 et
706 1941 941 2007 scholasticos.
984 1943 1057 2006 Etsi
1078 1953 1188 2006 autem
1209 1942 1275 2005 hoo
1296 1955 1446 2006 nostrum
1532 1943 1594 2007 DE
1627 1941 1884 2010 DISCRlMlNE
1905 1942 2092 2010 PECCA'l'l
2112 1943 2348 2014 nostratis
2370 1949 2425 2016 ET

474 2047 597 2093 mutuus
618 2027 787 2091 sordidum
820 2038 872 2091 est
894 2039 927 2091 et
943 2024 1047 2113 ‚longe
1068 2024 1155 2090 infra
1174 2028 1384 2109 imperiorum
1398 2029 1444 2109 68)

476 2112 745 2196 gubernationem
784 2108 998 2189 collocatum,
1039 2122 1148 2175 tamen
1187 2112 1331 2176 sciamus
1370 2110 1444 2176 Deo
1867 2093 2082 2161 Vfflffls·

536 2207 603 2258 tum
635 2215 713 2259 esse
744 2216 786 2259 ac
815 2197 1040 2259 necessarium
1061 2194 1174 2279 generi
1195 2192 1349 2273 humano,
1371 2205 1404 2258 et
1424 2215 1445 2258 a
2262 2263 2265 2270 ,

507 2299 547 2344 eo
579 2276 769 2344 mirabiliter
794 2282 879 2344 iuter
900 2281 1052 2363 ingentes
1072 2276 1239 2361 procellas
1259 2276 1389 2343 defendi
1411 2290 1445 2343 et
1573 2281 1618 2344 Ut
1639 2277 1764 2345 Paulus
1786 2281 1889 2365 inquit
1911 2277 2018 2357 [Rom
2040 2281 2074 2358 7,
2096 2280 2162 2362 9.]:
2185 2282 2260 2366 Ego
2282 2282 2462 2372 aliquando

472 2366 608 2428 servari.
653 2361 789 2428 Plenum
810 2376 862 2428 est
882 2365 982 2448 igitur
1002 2382 1101 2427 verae
1122 2365 1300 2448 dignitatis,
1323 2383 1364 2427 ac
1381 2382 1443 2426 nos
1488 2368 1559 2430 sine
1580 2363 1657 2451 lege
1678 2366 1841 2443 vivebam,
1864 2366 1895 2428 id
1919 2376 1980 2441 est,
2002 2384 2071 2430 uon
2092 2367 2277 2430 sentiebam
2299 2390 2359 2434 rue
2382 2369 2463 2435 ale·

471 2450 534 2530 ipsi
565 2450 709 2512 muneris
742 2450 998 2533 magnitudinem
1026 2449 1211 2531 cogitantes
1232 2467 1350 2512 ornare
1370 2445 1444 2511 fun·
1511 2470 1531 2514 e
1553 2452 1716 2525 accusari,
1739 2469 1806 2513 non
1823 2450 2096 2532 expavescebam,
2110 2452 2462 2520 nonseutiebamiram

472 2535 614 2597 ctionem
639 2544 762 2600 nostra
784 2531 968 2617 diligentia,
1044 2533 1173 2609 tientia,
1193 2532 1355 2598 modestia
1375 2542 1443 2596 stu·
1485 2471 1548 2598 Cei
1570 2535 1731 2614 adversus
1752 2544 1934 2616 peccatum,
1955 2553 2022 2597 uon
2040 2536 2236 2619 cogitabam,
2260 2549 2393 2620 quanta
2412 2562 2461 2605 res

472 2618 621 2694 deamus,
644 2628 677 2679 et
698 2619 859 2681 adversus
880 2618 950 2698 peri
1042 2627 1264 2680 sustentemus
1287 2636 1350 2680 uos
1366 2635 1443 2699 pro·
1486 2622 1530 2684 sit
1559 2629 1731 2700 paccatum
1752 2628 1808 2683 aut
1828 2619 1878 2680 ira
1898 2616 1980 2690 Dei3
2023 2615 2073 2682 lta
2093 2620 2234 2682 maxima
2256 2641 2342 2702 pars
2365 2623 2461 2689 homi·

471 2700 684 2764 missionibus
699 2700 986 2780 {Matusarup
1009 2699 1098 2763 Ecce
1110 2720 1175 2785 ego
1186 2701 1359 2765 vobiscum
1369 2721 1443 2764 sum
1486 2724 1563 2767 num
1585 2721 1704 2765 secura
1725 2713 1776 2764 cst
1793 2722 1832 2765 ac
1855 2720 1898 2765 ne
1918 2698 2034 2764 leviter
2046 2703 2177 2785 quidem
2189 2705 2331 2787 cogitat,
2343 2721 2462 2791 quanta

471 2785 632 2868 usquead
643 2782 1079 2850 consummationemseculi.
1102 2785 1181 2848 ltem
1193 2785 1283 2864 [ibid.
1298 2783 1350 2862 16,
1364 2785 1442 2863 18.];
1486 2807 1541 2851 res
1564 2789 1607 2851 sit
1626 2797 1810 2869 peccatum,
1854 2795 1955 2848 uanta
1976 2803 2031 2848 res
2053 2789 2096 2851 sit
2122 2788 2172 2850 ira
2191 2786 2276 2863 Dei3
2310 2789 2397 2856 Cum
2418 2807 2461 2857 ta·

472 2867 580 2950 Supra
602 2867 689 2933 hanc
710 2881 836 2952 petram
859 2868 1041 2936 aedificabo
1062 2866 1246 2933 Ecclesiam
1267 2887 1389 2946 meam,
1411 2879 1444 2932 et
1486 2891 1562 2935 men
1592 2889 1700 2954 poena
1720 2871 1814 2951 primi
1832 2806 1949 2952 lapsus
1970 2880 2004 2931 et
2025 2891 2100 2934 erun
2121 2882 2233 2936 tantae
2257 2872 2461 2941 calamitates

472 2965 588 3018 contra
610 2973 681 3019 eam
703 2973 770 3018 nou
792 2953 1030 3037 praevalebunt
1052 2965 1169 3036 portae
1189 2949 1377 3016 inferorum.
1488 2957 1588 3018 totius
1617 2957 1749 3039 generis
1780 2953 1911 3017 humaui
1945 2973 2008 3016 nos
2031 2956 2175 3038 quotidie
2198 2957 2403 3024 admoueant
2423 2962 2460 3025 de

556 3038 630 3103 Etsi
652 3050 761 3104 autem
782 3059 913 3117 sumus,
945 3050 982 3102 ut
1003 3034 1126 3101 Paulus
1143 3039 1261 3121 inquit,
1293 3057 1377 3100 vasa
1397 3049 1443 3100 te-
1486 3040 1709 3124 magnitudine
1730 3039 1799 3102 irae
1820 3036 1902 3111 Dei3
1939 3036 2092 3121 Denique
2121 3059 2195 3102 cum
2217 3040 2346 3107 Christi
2368 3046 2459 3110 iuter·

470 3136 595 3203 stueea,
616 3122 766 3189 homines
787 3124 910 3201 miseri,
927 3122 1058 3198 infirmi,
1076 3123 1184 3207 egeni,
1201 3141 1267 3185 non
1285 3119 1443 3186 florentes
1487 3125 1597 3188 cessio
1619 3133 1653 3186 et
1673 3141 1763 3186 mors
1785 3124 1827 3186 sit
1850 3122 2080 3200 testimonium,
2102 3124 2188 3186 serio
2205 3136 2240 3188 et
2259 3146 2342 3192 vere
2355 3127 2457 3192 Deum

470 3211 605 3293 opibus,
633 3219 745 3273 tamen
765 3204 932 3294 fungimur
952 3205 1119 3355 legptiouo
1140 3226 1201 3289 pro
1224 3203 1376 3284 Christo,
1407 3216 1444 3270 ut
1487 3209 1584 3272 irasci
1606 3216 1756 3291 peccato.
1800 3205 1860 3269 llis
1887 3208 2082 3270 testimoniis
2103 3205 2309 3291 aliquantum
2330 3230 2455 3276 moven-

467 3295 572 3379 inquit
588 3291 730 3358 Paulus:
760 3313 857 3375 quam
880 3303 969 3356 certe
1023 3310 1083 3356 eus
1102 3290 1273 3367 defendet,
1305 3293 1391 3355 sicut
1409 3291 1443 3354 iu
1488 3303 1539 3358 tur
1557 3293 1658 3356 corda
1679 3292 1819 3374 piorum,
1843 3291 1898 3374 qui
1918 3292 1987 3355 irae
2008 3293 2264 3375 magnitudinem
2288 3291 2400 3379 aliqua
2417 3314 2458 3359 ex

466 3380 539 3462 ipsa
559 3375 735 3442 multorum
746 3376 984 3460 Prophetarum
1006 3388 1039 3440 et
1049 3373 1286 3459 Apostolorum
1297 3374 1443 3439 vocatio·
1486 3388 1582 3460 parte
1607 3377 1787 3440 sentientes
1818 3386 1935 3458 petunt
1954 3375 2188 3460 mitigationem
2209 3397 2407 3460 poenarum,
2425 3390 2458 3444 ut

466 3483 510 3527 ue
532 3461 725 3537 declaravit,
747 3460 814 3525 hoc
834 3481 952 3525 munus
974 3461 1037 3525 sibi
1060 3480 1160 3525 curae
1181 3477 1269 3523 esse.
1303 3458 1441 3530 Quantis
1487 3458 1621 3538 [Psalm.
1644 3459 1678 3537 6,
1698 3460 1763 3539 2.]:
1804 3459 1964 3537 Domine,
1993 3479 2036 3523 ne
2063 3460 2098 3523 in
2121 3459 2235 3525 lurore
2256 3473 2316 3526 tuo

466 3545 635 3611 miraculis
679 3547 812 3610 vocavit
849 3544 1007 3623 lesaiam,
1051 3543 1236 3621 leremiam‚
1285 3542 1442 3607 loannem
1485 3548 1602 3622 me.⁰³)
1644 3543 1725 3608 ltem
1748 3543 1887 3608 Abacuc
1908 3542 1961 3623 [3,
1982 3543 2046 3623 21:
2090 3541 2174 3608 Cmn
2194 3548 2367 3629 irasceris,
2428 3568 2458 3612 o-

466 3631 669 3715 Baptistam,
690 3627 844 3696 Paulum!
888 3629 979 3694 llaec
1007 3649 1074 3693 uon
1095 3639 1217 3693 temere
1240 3628 1440 3709 acciderunt,
1484 3632 1581 3708 mine,
1604 3629 1849 3693 misericordiae
1871 3639 1947 3692 tuae
1968 3629 2209 3694 recordaberis.
2252 3629 2458 3696 ltemlerem.

467 3737 531 3782 nec
576 3737 613 3779 ro
636 3726 687 3780 ter
702 3712 779 3782 illos
802 3725 938 3790 tantum,
961 3715 1022 3780 sed
1043 3714 1230 3778 testimonia
1251 3724 1329 3778 sunt
1350 3710 1441 3777 utilia
1487 3714 1537 3777 10.
1561 3720 1626 3794 [vs.
1647 3714 1716 3792 Ἃ]
1750 3710 1889 3795 Corripe
1909 3731 1978 3788 me,
1998 3712 2158 3792 Domine,
2178 3727 2411 3781 venuutamen
2428 3718 2459 3782 iu

467 3803 528 3866 toti
547 3738 617 3865 Coc
649 3801 732 3875 siae,
753 3819 839 3884 quae
857 3799 1039 3863 ostendunt
1054 3796 1271 3881 Evangelium
1292 3816 1371 3860 vere
1389 3815 1440 3859 es·
1483 3799 1615 3875 iudicio,
1646 3817 1713 3861 non
1745 3798 1778 3858 in
1800 3793 1913 3860 surore
1934 3807 2007 3875 tuo,
2039 3816 2082 3860 ne
2103 3799 2146 3862 ad
2166 3796 2306 3864 nihilum
2327 3804 2458 3887 redigas

469 3906 507 3949 se
528 3904 647 3949 vocem
667 3883 745 3962 Dei,
778 3895 811 3948 et
831 3882 906 3946 Deo
939 3901 1040 3945 curae
1061 3901 1139 3946 esse
1162 3901 1240 3945 suos
1262 3881 1439 3944 ministros·
1484 3904 1546 3947 me.
1590 3880 1689 3946 Tales
1722 3878 1832 3964 aliquo
1854 3881 1952 3944 modo
1974 3879 2161 3966 intelligunt
2182 3884 2364 3949 discrimen
2385 3906 2458 3969 pec-

469 3969 561 4033 Haec
593 3970 675 4031 satis
699 3970 742 4030 sit
763 3969 976 4032 admonuisse
997 3967 1039 4030 de
1057 3966 1250 4029 ceremoniis
1272 3964 1440 4040 LeviticiS‚
1485 3968 1549 4030 cati
1582 3963 1721 4029 venialis
1754 3977 1788 4028 et
1819 3962 1978 4030 mortalis.
2027 3965 2183 4032 Homines
2216 3971 2347 4046 securi,
2380 3971 2457 4034 ebrii

470 4064 505 4117 ut
527 4053 668 4117 studiosi
695 4052 839 4135 cogitent
861 4062 961 4135 typos
983 4047 1088 4114 fuisse
1108 4069 1217 4112 rerum
1237 4068 1440 4132 magnarum,
1484 4048 1706 4133 voluptatibus
1726 4069 1793 4114 non
1814 4047 1999 4133 intelligrmt
2018 4047 2085 4113 hoc
2107 4052 2304 4127 discrimem
2327 4053 2401 4118 ldeo
2422 4066 2454 4115 et

469 4148 502 4201 et
538 4137 582 4200 ad
619 4137 769 4200 dextram
801 4135 1101 4219 interpretationem
1134 4153 1217 4215 opus
1250 4152 1328 4196 esse
1359 4153 1440 4197 vera
1484 4134 1576 4200 multi
1596 4135 1778 4218 scriptores
1800 4136 1832 4197 in
1853 4134 1920 4198 hoc
1941 4132 2016 4197 loco
2038 4133 2230 4200 hallucinati
2251 4149 2346 4201 sunt.

467 4221 561 4287 Evan
588 4218 641 4284 elii
664 4220 861 4304 cognitione.
1083 4279 1096 4292 ,,
1569 4219 1641 4283 Etsi
1663 4230 1771 4283 autem
1792 4219 1982 4303 magnitudo
2004 4219 2073 4284 irae
2094 4219 2158 4284 Dei
2180 4222 2291 4283 verbis
2316 4222 2458 4286 describi

583 4318 746 4369 ostremoz
784 4306 846 4369 etsi
879 4302 972 4390 leges
1005 4300 1159 4370 forenses
1192 4298 1271 4367 nihil
1303 4301 1345 4365 ad
1377 4320 1440 4364 nos
1483 4323 1550 4369 uon
1583 4314 1705 4385 potest,
1736 4313 1846 4365 tamen
1880 4304 2028 4367 discendi
2057 4324 2180 4369 caussa
2201 4317 2377 4371 teneantur
2397 4305 2459 4370 bae

467 4391 642 4474 pertinent,
676 4390 846 4454 tamenin
868 4386 1283 4473 genereadmonentDeo
1306 4383 1441 4470 placere
1484 4387 1699 4454 definitiones.
1744 4385 1923 4451 Peccatum
1956 4386 2095 4452 mortale
2127 4390 2158 4452 in
2181 4408 2306 4473 gauere
2329 4403 2382 4454 est
2404 4393 2460 4456 de-

469 4476 569 4540 vitam
588 4473 768 4561 politicam,
791 4484 995 4550 contractus,
1017 4472 1164 4538 ordinem
1175 4471 1439 4556 magistratuum,
1483 4471 1591 4538 iectus
1626 4469 1679 4536 vel
1710 4468 1878 4535 inclinatio
1910 4468 1965 4533 vel
1997 4474 2084 4535 actio
2112 4485 2229 4538 contra
2249 4471 2363 4576 legem
2384 4475 2459 4553 Dei,

467 4557 597 4639 iudicia,
619 4579 745 4643 poenas
767 4556 1018 4635 sceleratorum,
1040 4578 1081 4621 ao
1103 4556 1282 4621 ostendunt
1297 4556 1440 4639 piosde·
1483 4557 1653 4622 offendens
1670 4556 1791 4633 Deum,
1812 4574 1878 4618 uon
1900 4555 2052 4634 remissa,
2073 4558 2133 4621 sed
2156 4559 2271 4628 iam⁰⁶)
2292 4579 2381 4624 uram
2397 4561 2459 4625 Dei

468 4645 550 4707 bere
581 4646 615 4707 in
647 4643 768 4709 talibus
802 4640 921 4708 officiis
945 4661 1101 4706 exercere
1122 4641 1231 4718 fidem,
1256 4637 1439 4704 confessio·
1482 4654 1516 4706 et
1536 4653 1690 4706 aeternas
1711 4659 1837 4723 poenas
1859 4659 2062 4721 promerens.
2107 4640 2191 4705 Sunt
2212 4644 2312 4725 igitur
2336 4645 2372 4707 in
2392 4666 2461 4710 non

465 4745 554 4804 nem,
575 4728 775 4811 patientiam,
796 4725 1021 4802 dilectionem
1063 4725 1160 4802 Nam,
1181 4735 1217 4788 ut
1238 4743 1338 4808 supra
1359 4724 1440 4788 dixi·
1482 4728 1607 4791 renatis
1639 4736 1777 4806 peccata
1808 4721 1960 4788 mortalia
1990 4725 2062 4807 ipse
2092 4728 2228 4790 morbus
2262 4727 2406 4814 originis
2428 4743 2461 4794 et

467 4830 553 4889 mus,
585 4822 662 4876 ante
683 4810 769 4877 baec
792 4832 894 4895 opera
913 4811 1048 4896 politica
1069 4807 1313 4874 fundamentum
1335 4809 1439 4872 teneri
1483 4831 1597 4876 omnes
1629 4810 1739 4873 vitiosi
1770 4807 1908 4874 allectus
1940 4820 1973 4872 et
2005 4828 2119 4873 omues
2151 4830 2275 4892 pravae
2296 4815 2460 4879 actiones.

467 4913 610 4960 necesse
631 4907 694 4973 est,
715 4894 868 4962 videlicet
888 4898 1034 4960 notitiam
1074 4892 1440 4959 romissiouisacfidem
1481 4896 1553 4960 Etsi
1584 4904 1693 4959 autem
1726 4912 1845 4976 magua
1876 4904 1928 4956 est
1954 4895 2060 4958 virtus
2082 4893 2254 4977 Pomponii
2275 4894 2383 4962 Attici
2403 4913 2462 4964 aut

466 4991 499 5044 et
520 4980 713 5063 inchoatam·
728 4982 947 5046 obedientiam
968 4978 1021 5043 De
1078 4981 1144 5064 ogi.
1482 4979 1643 5054 Senecae,
1676 4996 1743 5041 non
1776 4974 1889 5043 volunt
1917 4980 2067 5062 cuiquam
2089 4998 2224 5057 nocere,
2254 4979 2321 5044 imo
2346 4982 2462 5050 multis

552 5064 595 5130 Et
626 5065 703 5147 quie
734 5064 849 5148 politia
867 5064 1017 5129 Mosaios
1038 5066 1160 5147 optima
1181 5062 1255 5126 idea
1278 5072 1311 5125 et
1331 5058 1438 5124 forma
1540 5127 1542 5132 ,

467 5161 520 5216 est
553 5148 688 5233 politiae
720 5150 755 5212 in
776 5148 841 5213 hoc
864 5161 1001 5214 uacuae
1022 5149 1222 5230 depravatae
1243 5157 1341 5225 statu,
1362 5167 1438 5229 pru·
1480 5233 1527 5298 64)
1545 5230 1721 5297 mmmmm]
1741 5232 1813 5285 Edi
1841 5232 1999 5295 blasphemi,

1479 5333 1828 5395 emmerammum
1847 5331 1921 5385 1-t.
1938 5330 1963 5382 0.

464 5436 511 5502 ⁶³)
529 5437 704 5569 mmm]
734 5435 808 5491 rura
827 5435 934 5489 ra-ra.
951 5434 1079 5497 so-ar.‚
1096 5435 1169 5497 corp.
1189 5435 1272 5498 1-a.‚
1289 5434 1350 5497 opp.
1370 5435 1393 5482 1.
1412 5433 1437 5481 s.
1480 5431 1528 5498 cs)
1545 5434 1694 5566 {passage
1709 5436 1745 5488 aa
1761 5435 1834 5487 rua
1854 5431 1960 5483 rs-rr.
1979 5432 2021 5479 er.
2038 5432 2078 5484 aa
2096 5433 2143 5482 aa·
2155 5432 2363 5532 secacum.
2375 5434 2464 5502 s-s„
