5859 6734
473 673 535 744 sot
636 702 638 706 ·
1106 673 1216 741 PlilL.
1232 670 1336 741 ital.
1354 669 1539 742 scama
1555 672 1829 743 noonmnca.
2410 668 2475 740 sto

476 865 532 926 bet
550 860 676 928 Paulus
697 863 827 945 precari
850 871 991 939 ceteros,
1012 872 1049 926 ut
1070 858 1165 926 Deus
1188 862 1294 946 ipsum
1317 863 1448 928 adiuvet
1578 860 1631 926 De
1652 860 1704 925 his
1727 864 1826 927 rebus
1849 863 2020 938 omnibus,
2046 859 2088 925 de
2109 856 2260 924 efficacia
2280 859 2468 939 ministerii,

473 948 510 1012 iu
529 965 592 1012 sua
612 941 791 1010 iunctione.
1492 948 1533 1010 de
1561 949 1752 1029 precatione
1780 966 1841 1030 pro
1862 946 2060 1021 ministerio,
2093 945 2135 1008 de
2158 941 2296 1021 officiis,
2332 947 2470 1030 quaesi

558 1027 620 1094 Est
640 1042 672 1095 et
694 1029 778 1095 haec
799 1051 919 1116 magna
941 1027 1145 1108 consolatio,
1174 1051 1249 1094 cum
1269 1029 1336 1095 hoc
1356 1032 1448 1095 mini·
1491 1031 1668 1108 debentur,
1695 1032 1738 1094 de
1758 1033 1874 1114 poenis
1895 1031 1997 1115 spreti
2018 1029 2186 1093 ministerii
2203 1029 2388 1093 admoneat
2409 1049 2469 1096 nos

475 1116 611 1188 sterium
636 1133 658 1180 a
681 1114 756 1180 Deo
783 1117 966 1181 institutum
999 1115 1059 1192 sit,
1091 1116 1219 1180 etianrsi
1251 1134 1383 1199 semper
1413 1116 1448 1179 in
1490 1117 1639 1180 doctrina
1661 1117 1702 1180 de
1724 1115 1953 1191 ordinatione,
1976 1134 2049 1177 cum
2070 1115 2154 1177 inter
2176 1110 2400 1177 Sacramenta
2420 1133 2469 1179 re·

474 1199 595 1264 nrundo
614 1199 705 1263 varie
717 1211 904 1284 quassatur,
925 1197 1071 1265 etmulti
1092 1199 1241 1262 homines
1264 1200 1306 1263 ab
1328 1219 1370 1263 eo
1392 1202 1447 1264 de·
1491 1210 1663 1277 censetur,
1690 1200 1863 1263 admoneat
1883 1219 1946 1263 nos
1969 1210 2001 1262 et
2022 1199 2105 1261 ritus
2126 1199 2217 1280 ipsc,
2241 1217 2319 1261 cum
2337 1195 2469 1281 publice

475 1285 622 1349 sciscunt
639 1304 680 1347 ac
703 1297 852 1367 pereunt,
876 1295 984 1348 tamen
1006 1305 1074 1348 non
1093 1285 1213 1368 poterit
1233 1281 1380 1350 funditus
1392 1285 1448 1348 de·
1489 1296 1680 1368 spectamus
1701 1286 1959 1368 antiquissimum
1982 1302 2106 1345 morem
2126 1280 2214 1344 haud
2236 1283 2338 1346 dubie
2360 1304 2381 1346 a
2402 1285 2466 1366 pri·

474 1365 544 1432 leri·
600 1365 753 1432 Christus
793 1371 877 1432 enirn
909 1370 1012 1453 inquit
1043 1366 1162 1432 Matth.
1198 1367 1248 1431 16.
1283 1374 1347 1446 [vs.
1382 1368 1446 1447 18.]
1488 1369 1551 1432 mis
1572 1370 1721 1451 patribus
1746 1380 1935 1453 acceptum,
1961 1364 2113 1431 videlicet
2134 1368 2373 1447 impositionem
2396 1388 2465 1431 ma·

474 1454 583 1536 Super
602 1451 689 1516 hanc
710 1463 836 1538 petram
858 1453 1042 1517 aedificabo
1065 1450 1249 1518 Ecclesiam
1268 1473 1393 1531 meam,
1413 1454 1447 1517 id
1488 1473 1604 1530 nuum,
1660 1473 1723 1517 uae
1750 1472 1881 1536 semper
1907 1454 2036 1535 signum
2066 1449 2126 1514 fuit
2147 1451 2193 1512 rei
2216 1451 2395 1515 destinatae
2417 1453 2462 1515 ad

475 1548 536 1613 est,
558 1556 598 1600 su
623 1557 660 1600 er
681 1536 746 1601 hoc
764 1539 989 1615 ministerium,
1007 1549 1040 1601 et
1083 1548 1175 1602 ortae
1191 1535 1370 1602 inferorum
1381 1559 1447 1602 non
1489 1535 1611 1602 cultum
1668 1538 1709 1615 ei,
1731 1535 1790 1602 suit
1813 1549 1846 1601 et
1864 1539 1891 1601 si
1918 1557 1993 1599 num
2017 1536 2266 1599 benedictionis.
2304 1534 2375 1598 lloc
2397 1537 2461 1600 ritu

474 1641 577 1705 praev
610 1622 710 1684 ebunt
733 1622 895 1686 adversus
918 1643 1002 1686 eam.
1078 1641 1119 1686 ac
1147 1619 1378 1686 consolatione
1402 1623 1447 1706 pii
1489 1621 1588 1686 laceb
1610 1623 1773 1686 benedicit
1793 1620 1869 1685 filiis
1892 1559 2027 1704 ioseph3
2049 1620 2122 1683 Hoc
2144 1620 2205 1682 ritu
2216 1617 2356 1704 Moyses
2379 1621 2463 1683 ordi·

474 1708 572 1771 etiam
592 1706 658 1769 hoc
678 1719 825 1788 tempore
848 1725 886 1768 se
906 1717 1108 1784 sustentent,
1134 1716 1166 1769 et
1187 1708 1294 1769 sciant
1314 1725 1446 1772 mansu·
1488 1717 1545 1769 nat
1567 1704 1663 1770 losue
1684 1708 1728 1770 ad
1749 1705 2018 1792 gubernationem
2045 1703 2156 1788 populi
2179 1703 2261 1782 Dei,
2289 1704 2385 1767 Num.
2409 1703 2466 1778 373

474 1809 530 1854 ras
541 1809 619 1853 esse
635 1789 791 1874 reliquias
801 1787 973 1856 Ecclesiae
986 1803 1019 1854 et
1036 1793 1107 1854 veri
1116 1791 1297 1869 ministerii,
1319 1791 1446 1855 etiamsi
1488 1789 1562 1854 lloc
1584 1793 1646 1853 ritu
1668 1788 1820 1856 Christus
1843 1791 2007 1855 benedicit
2028 1791 2155 1871 pueris3
2184 1787 2256 1851 Hoc
2281 1789 2343 1851 ritu
2367 1809 2465 1872 pecu·

473 1879 611 1952 ruant⁰)
641 1876 784 1957 imperia.
829 1875 1023 1959 Quanquam
1046 1876 1079 1938 id
1106 1895 1172 1938 non
1194 1874 1232 1938 lit
1252 1877 1325 1939 sine
1346 1872 1446 1938 cladi·
1488 1875 1549 1939 des
1573 1876 1807 1939 ordinabantur
1828 1876 1870 1938 ad
1891 1874 1957 1938 hoc
1975 1892 2104 1950 munus,
2125 1883 2162 1936 nt
2172 1871 2290 1935 fierent
2301 1874 2463 1937 victimae.

475 1961 537 2022 bus
565 1949 754 2036 Ecclesiae,
786 1960 847 2023 sed
880 1959 965 2024 tales
992 1970 1069 2022 sunt
1098 1970 1131 2024 et
1157 1957 1290 2023 fuerunt
1315 1979 1446 2043 semper
1464 1953 1469 1982 ¹
1488 1958 1669 2042 Praecipue
1691 1972 1799 2023 autem
1821 1961 1904 2024 ritus
1926 1960 2130 2022 victimarum
2152 1956 2354 2041 significavit
2374 1956 2464 2021 Chri·

474 2043 585 2108 mundi
594 2063 734 2127 poenae,
757 2044 842 2108 sicut
852 2045 957 2109 Amos
980 2043 1024 2121 [9,
1037 2044 1082 2123 8.]
1106 2045 1224 2128 inquit:
1246 2042 1335 2108 Ecce
1358 2042 1446 2108 oculi
1487 2055 1584 2107 stum.
1627 2041 1721 2108 Deus
1743 2056 1898 2108 aeternus
1921 2042 2020 2107 Pater
2042 2044 2195 2125 imposuit
2217 2043 2247 2104 ei
2271 2061 2414 2119 manus,
2435 2044 2463 2105 id

473 2125 605 2193 Domini
634 2147 734 2210 super
760 2148 898 2214 regnum
920 2131 1125 2206 damnatum,
1157 2140 1190 2193 et
1217 2127 1335 2192 delebo
1363 2126 1445 2192 illud
1488 2139 1553 2207 est,
1576 2125 1697 2213 delegit
1718 2148 1809 2206 eum,
1831 2129 1999 2192 benedixit
2020 2128 2066 2203 ei,
2088 2128 2180 2188 unxit
2202 2145 2276 2190 eum
2300 2138 2335 2189 et
2357 2129 2464 2190 subie

474 2213 516 2276 de
537 2223 641 2290 terra,
663 2212 723 2276 sed
746 2212 846 2278 iacob
868 2233 935 2278 non
957 2210 1089 2291 delebo,
1111 2231 1226 2278 verum
1246 2225 1283 2277 ut
1303 2213 1445 2278 triticrun
1487 2215 1532 2276 cit
1559 2214 1623 2276 sibi
1650 2233 1692 2277 ac
1740 2214 1841 2276 resslt
1868 2213 1992 2297 ingenti
2014 2230 2115 2275 onere
2136 2231 2177 2272 ac
2198 2206 2275 2273 fecit
2299 2212 2464 2274 viotinram

473 2300 506 2361 in
519 2299 629 2361 cribro
643 2299 840 2374 concutiam,
861 2319 924 2362 nec
947 2298 1074 2362 decidet
1097 2318 1237 2383 granum
1257 2299 1292 2361 in
1313 2309 1444 2362 terram.
1487 2317 1548 2380 pro
1570 2299 1678 2361 nohis.
1717 2234 1815 2360 llunc
1836 2298 2015 2379 praecipue
2036 2293 2199 2379 significat
2221 2294 2275 2358 hic
2300 2296 2387 2360 ritus
2411 2298 2463 2358 im-

429 2416 434 2426 ·
472 2381 534 2445 llic
557 2380 722 2465 Propheta
743 2379 842 2446 simul
862 2385 967 2447 minas
989 2394 1023 2445 et
1044 2379 1305 2447 consolationem
1325 2401 1445 2466 propo·
1511 2382 1658 2445 ositionis
1681 2401 1845 2445 manuum.
1878 2379 2002 2443 Postea
2023 2400 2103 2443 vero
2116 2381 2157 2442 ad
2175 2380 2462 2443 ministrostrane

473 2468 530 2529 nit.
568 2466 639 2529 Nee
655 2467 772 2532 mirum
792 2477 846 2530 est
864 2467 971 2551 puniri
988 2467 1134 2550 imperia,
1151 2466 1233 2613 lquia
1254 2487 1328 2531 cnm
1347 2467 1444 2530 debe·
1465 2403 1613 2560 idaratur
1640 2465 1848 2550 significatio.
1892 2462 2045 2529 Christus
2073 2460 2219 2546 pontifex
2247 2466 2388 2547 imponit
2417 2466 2462 2526 eis

474 2561 546 2613 rent
558 2552 672 2615 iuvare
683 2562 716 2614 et
726 2551 811 2615 tueri
820 2551 1043 2629 ministerium,
1055 2553 1141 2615 sicut
1180 2547 1305 2616 salinus
1318 2549 1386 2630 [hd
1396 2549 1443 2628 9.]
1465 2565 1618 2615 'manum
1623 2597 1635 2628 ,
1667 2551 1702 2614 id
1723 2563 1792 2627 est,
1825 2546 1939 2633 deligit
1960 2568 2019 2613 eos
2037 2567 2122 2612 voco
2143 2546 2339 2624 Ecclesiae,
2366 2551 2462 2613 bene

473 2637 505 2700 in
532 2635 592 2698 uita
626 2635 762 2717 Aperite
790 2647 924 2718 portas,
957 2635 1145 2719 Principes,
1177 2647 1325 2714 vestras,
1358 2634 1446 2718 impii
1488 2636 1566 2698 dicit
1588 2636 1636 2698 eis
1658 2655 1699 2699 ac
1720 2655 1764 2697 un
1791 2635 1817 2696 it
1837 2653 1896 2697 eos
1910 2634 2005 2697 donis
2023 2635 2106 2710 suis,
2129 2633 2213 2694 sicut.
2225 2635 2462 2716 scriptumest:

531 2720 646 2802 ncipes
676 2716 788 2783 delere
813 2717 985 2784 Ecclesias
1015 2730 1184 2783 conantur.
1228 2718 1296 2783 Alii
1324 2720 1445 2782 medio·
1487 2720 1665 2796 Ascendit,
1687 2719 1743 2782 dat
1765 2656 1852 2782 dona
1869 2716 2074 2794 hominibus,
2096 2715 2298 2799 Prophetas,
2322 2717 2462 2800 Aposto

475 2823 552 2867 cres
575 2824 636 2867 sua
658 2799 858 2887 negligentia
880 2801 1079 2881 desonnant,
1101 2825 1167 2867 non
1189 2800 1303 2868 fovent
1325 2803 1444 2878 studia,
1464 2755 1557 2882 llos,
1584 2802 1762 2878 Pastores,
1789 2802 1974 2879 Doctores,
2004 2820 2089 2885 quos
2119 2813 2214 2864 omat
2241 2797 2320 2864 luce
2346 2803 2463 2868 doctri·

475 2908 541 2951 non
570 2898 731 2972 quaerunt
761 2890 908 2952 eruditos
935 2888 1118 2964 ministros,
1151 2908 1217 2950 non
1246 2897 1363 2951 curant
1396 2887 1443 2949 eis
1487 2907 1550 2950 nae
1572 2899 1605 2950 et
1622 2883 1694 2949 aliis
1717 2888 1823 2949 donis.
1867 2885 1996 2950 Deinde
2017 2887 2148 2950 subiicit
2170 2904 2230 2948 eos
2253 2887 2330 2962 sibi,
2354 2899 2390 2951 ut
2411 2907 2463 2950 so

475 2973 594 3036 rictum
614 2967 830 3050 mediocrem,
852 2991 918 3036 non
941 2974 1073 3036 student
1095 2970 1275 3036 conciliare
1295 2967 1445 3035 volunta·
1486 2970 1555 3036 lum
1572 2967 1786 3056 Evangelium
1809 2972 1968 3049 doceant,
1992 2968 2097 3033 solius
2119 2967 2242 3033 Christi
2267 2990 2373 3054 regno
2395 2991 2462 3035 ser-

474 3067 524 3119 tes
553 3075 676 3122 eorum.
724 3055 875 3140 Denique
907 3053 994 3121 lianc
1025 3068 1152 3139 partem
1184 3054 1306 3140 publici
1338 3066 1444 3119 status
1486 3058 1588 3133 siant,
1609 3075 1677 3117 non
1699 3067 1862 3140 quaerant
1880 3057 1943 3120 sibi
1959 3055 2151 3139 potentiam,
2173 3073 2241 3116 non
2264 3059 2462 3120 constituant

474 3137 528 3205 vel
548 3139 722 3289 neglpqrmt
743 3150 899 3225 tanquam
912 3152 1091 3206 extremam
1113 3138 1168 3205 vel
1189 3153 1262 3205 arte
1282 3151 1443 3224 premunt.
1486 3141 1621 3225 imperia
1622 3150 1815 3288 ¹'praetextu
1836 3136 2016 3226 religionis,
2037 3141 2102 3203 sint
2124 3140 2220 3202 etiam
2244 3140 2405 3215 victimae,
2428 3140 2461 3202 id

557 3225 635 3292 Bas‘
661 3245 702 3290 us
724 3226 869 3309 queritur
890 3245 953 3290 suo
976 3236 1123 3310 tempore
1145 3237 1280 3290 evectos
1303 3243 1380 3288 esse
1401 3223 1445 3287 ad
1486 3237 1556 3302 est,
1579 3245 1622 3308 pe
1654 3235 1748 3288 erant
1769 3225 1861 3302 odia,
1890 3244 2065 3288 aerumnas
2087 3235 2119 3286 et
2140 3221 2299 3306 supplicia
2321 3232 2459 3304 propter

472 3311 743 3396 gubernationem
764 3308 937 3374 Ecclesiae
959 3329 1130 3374 servorum
1151 3312 1294 3375 omnium
1324 3307 1444 3372 vilissi-
1485 3329 1598 3374 veram
1631 3310 1825 3388 doctrinam,
1858 3310 1943 3372 sicut
1974 3307 2124 3372 Psalmus
2161 3306 2226 3385 [43,
2248 3308 2314 3386 hh]
2335 3307 2459 3392 inquit:

472 3413 557 3472 mos,
577 3395 728 3458 indoctos
744 3404 777 3457 et
798 3395 949 3479 ignavos.
978 3395 1113 3473 Postea,
1136 3415 1211 3458 cnm
1228 3413 1310 3477 opes
1333 3412 1444 3457 creve-
1486 3393 1627 3476 Propter
1648 3405 1681 3456 te
1702 3405 1882 3457 mactamur
1904 3405 1974 3457 tota
1997 3394 2058 3457 die.

473 3491 559 3556 runt,
580 3475 767 3543 functiones
788 3476 1048 3544 Ecclesiasticae
1069 3476 1202 3543 fuerunt
1217 3478 1362 3563 praedae
1384 3496 1443 3561 po·
1571 3476 1653 3542 Cum
1676 3479 1776 3564 igitur
1798 3497 1838 3541 co
1864 3479 1979 3554 tabis,
2003 3497 2069 3540 non
2091 3498 2190 3553 casu,
2220 3497 2288 3540 non
2310 3478 2385 3539 sine
2405 3474 2460 3539 ali-

473 3564 626 3627 tentibus.
661 3563 771 3648 lpsum
792 3583 873 3627 vero
894 3564 1109 3628 ministerium
1130 3562 1316 3648 neglectum
1337 3572 1389 3626 est
1411 3571 1444 3625 et
1487 3583 1551 3648 qua
1573 3562 1814 3648 significatione
1864 3582 1927 3625 unc
1954 3563 2051 3626 ritum
2076 3563 2228 3645 aprirnis
2252 3560 2409 3625 Patribus
2431 3573 2461 3623 et

472 3668 532 3730 per
551 3649 774 3712 mercenarios
800 3647 952 3712 indoctos
974 3651 1091 3731 partim
1112 3648 1347 3732 superstitione
1368 3665 1443 3729 par·
1485 3651 1529 3713 ab
1551 3645 1723 3729 Apostolis
1745 3657 1937 3728 usurpatum
1961 3666 2055 3723 esse,
2083 3647 2245 3711 excitetur
2268 3647 2400 3709 animus
2422 3647 2461 3709 ad

472 3735 525 3795 tim
549 3735 687 3797 avaritia
708 3733 920 3816 depravatum
942 3745 1005 3797 est.
1552 3732 1733 3796 ascendam
1760 3732 1905 3793 muneris
1933 3729 2128 3810 efficaciam,
2159 3731 2202 3793 ad
2231 3732 2460 3806 reverentiam,

555 3817 652 3881 Nunc
679 3836 797 3880 rursus
818 3818 915 3880 etiam
936 3818 969 3879 in
990 3813 1057 3879 illis
1078 3812 1180 3893 locis,
1208 3817 1265 3880 ubl
1293 3816 1444 3880 doctrina
1485 3751 1756 3899 idnqmeoenaae
1779 3813 2047 3899 significationes,
2068 3835 2153 3899 quae
2175 3834 2237 3877 nos
2261 3816 2304 3877 de
2326 3813 2459 3879 Christo

472 3904 601 3964 sincera
619 3912 753 3984 recepta
763 3912 826 3976 est,
848 3901 1061 3964 admittuntur
1077 3900 1119 3962 ad
1129 3900 1341 3964 ministerium
1350 3895 1444 3962 multi
1485 3900 1641 4047 pontifice
1675 3910 1707 3962 et
1740 3899 1781 3962 de
1814 3894 1932 3962 officiis
1961 3898 2057 3963 huius
2086 3901 2230 3963 muneris
2270 3901 2458 3963 admonent

470 3985 592 4048 indocti
603 3995 636 4047 et
645 3986 775 4068 ignavi3
798 3985 874 4067 quia
884 3994 1035 4067 potentes
1047 3992 1151 4046 totam
1161 3982 1248 4048 hanc
1259 4003 1329 4046 rem
1339 3981 1443 4129 negli-
1515 3995 1630 4049 contra
1652 4002 1731 4046 vero
1753 3984 1786 4046 in
1809 3984 1959 4048 doctrina
1981 3984 2246 4047 deOrdinatione
2271 3985 2458 4047 etiamcon

472 4080 552 4152 gunt
568 4085 632 4131 nec
648 4079 780 4131 tuentur
795 4067 904 4146 studia
919 4087 982 4129 nec
996 4075 1111 4130 curant
1126 4065 1170 4131 ali
1184 4068 1361 4131 ministros.
1409 4078 1444 4132 ta
1485 4068 1679 4132 siderandae
1702 4079 1780 4130 sunt
1797 4069 2060 4151 depravationes.
2094 4065 2291 4144 Sacrificuli,
2315 4071 2376 4152 qui
2389 4070 2457 4132 mis

514 4154 637 4236 rpctuis
660 4147 906 4216 difficultatibus
929 4153 962 4213 in
982 4149 1049 4214 hoc
1070 4153 1190 4215 mundo
1202 4149 1355 4216 Ecclesia
1365 4170 1443 4215 con·
1485 4171 1542 4216 sas
1564 4173 1625 4236 pro
1647 4150 1719 4215 aliis
1741 4149 1875 4229 faciunt,
1896 4154 2023 4237 lingunt
2042 4152 2277 4215 ordinationem
2288 4153 2369 4216 ideo
2383 4154 2457 4228 lieri,

470 4173 629 4313 dictatur,
650 4257 734 4321 quas
755 4238 799 4319 pii
821 4237 1034 4301 considerare
1055 4236 1191 4313 debent,
1213 4247 1250 4302 ut
1271 4255 1334 4300 suo
1379 4237 1443 4301 uis·
1484 4248 1520 4301 ot
1541 4239 1635 4301 detur
1656 4248 1804 4319 potestas
1828 4238 2037 4301 sacrificandi
2062 4258 2122 4320 pro
2145 4237 2230 4300 vivis
2252 4247 2287 4300 et
2309 4239 2457 4311 mortuis,

470 4343 534 4407 que
554 4321 642 4398 loco,
665 4332 820 4405 quantum
841 4333 962 4405 potest,
986 4341 1044 4385 eas
1066 4318 1175 4400 leniat,
1197 4322 1339 4386 utetiam
1348 4257 1442 4385 deus
1485 4322 1668 4406 etquidem
1691 4321 1799 4384 dicunt
1824 4341 1862 4383 se
1884 4320 2003 4384 offerre
2025 4319 2126 4384 filiurn
2141 4321 2204 4383 Dei
2226 4333 2258 4384 et
2283 4343 2347 4386 sua
2372 4320 2458 4386 obla·

471 4410 593 4491 mitiget
615 4427 750 4488 poenas.
1483 4407 1571 4470 tione
1592 4407 1710 4469 mereri
1731 4403 1805 4468 aliis
1827 4406 2052 4469 remissionem
2069 4417 2292 4489 peccatorum.
2323 4406 2457 4472 Addunt

495 4513 498 4518 ·
554 4491 596 4553 Et
618 4490 748 4574 quidem
769 4489 853 4554 haec
875 4487 996 4568 officia,
1021 4510 1106 4575 quae
1126 4503 1266 4574 prosunt
1287 4489 1330 4554 ad
1351 4491 1442 4555 mini·
1483 4491 1576 4568 item,
1609 4492 1681 4553 sine
1712 4488 1778 4553 hoc
1805 4488 1967 4553 sacrificio
1994 4511 2059 4553 non
2093 4492 2253 4572 prodesse
2281 4489 2458 4556 Ecclesiae

470 4578 561 4639 sterii
593 4578 894 4652 conservationem,
938 4573 1034 4639 Deus
1066 4578 1276 4640 severissime
1308 4576 1442 4660 requirit
1483 4588 1620 4639 mortem
1643 4573 1775 4638 Christi.
1815 4572 1887 4636 Etsi
1910 4587 2019 4638 antem
2042 4576 2201 4659 quaedam
2224 4588 2358 4661 sumpta
2384 4587 2457 4640 sunt

471 4673 503 4722 ct
524 4661 653 4745 magnis
673 4661 827 4809 praemiis
846 4670 1047 4807 compensat,
1070 4661 1156 4726 sicut
1174 4659 1238 4723 hae
1259 4660 1442 4725 sententiae
1484 4679 1524 4724 ex
1546 4663 1704 4805 κακοζηλίῖ
1716 4658 1851 4721 Levitici
1870 4660 2045 4723 sacerdotii
2057 4658 2142 4722 male
2153 4657 2325 4736 intellecti,
2347 4675 2456 4724 tamen

470 4753 633 4828 testantur
658 4751 671 4821 ί
692 4743 790 4810 lutth.
814 4744 866 4822 10,
893 4746 978 4822 ci.]t
1022 4743 1086 4816 Qui
1115 4744 1242 4809 dederit
1273 4742 1371 4809 alicui
1400 4763 1441 4806 ex
1483 4755 1516 4808 et
1543 4743 1608 4807 alia
1636 4755 1738 4807 muta
1767 4739 1963 4807 affinxerunt
1993 4763 2033 4807 ex
2060 4743 2208 4807 Ethnicis
2233 4744 2457 4826 opinionibus

468 4829 608 4891 minimis
630 4826 745 4891 horum
763 4839 888 4892 tantum
906 4847 1013 4912 aquae
1032 4841 1145 4911 potum
1166 4837 1301 4912 propter
1322 4828 1440 4893 doctri·
1482 4828 1524 4892 lli
1546 4847 1676 4892 errores
1699 4828 1862 4891 reiiciendi
1885 4840 1979 4907 sunt,
2008 4830 2061 4912 qui
2084 4840 2281 4911 pepererunt
2304 4827 2459 4912 multipli-

468 4932 560 4988 nam,
588 4932 683 4998 amen
706 4915 779 4975 dico
802 4914 913 4989 vobis,
942 4933 1008 4976 non
1026 4916 1139 4995 perdet
1161 4914 1354 4977 mercedem.
1398 4911 1440 4976 Et
1482 4932 1552 4979 cem
1565 4912 1791 4990 εἰδωλομανίαν,
1815 4933 1912 4995 quam
1924 4913 2063 4978 Turcica
2079 4912 2251 4997 tyrannide
2267 4915 2378 4995 puniri
2393 4935 2459 4977 non

469 4993 620 5078 exempla
641 5009 719 5076 sunt
735 4995 886 5074 illustria,
907 4997 1026 5061 viduae
1044 4998 1258 5081 sareptanae,
1281 5018 1366 5082 qnae
1382 5017 1439 5060 ex·
1482 4998 1612 5061 dubium
1635 5011 1697 5059 est.
1742 4996 1808 5060 Sed
1830 5010 1964 5082 propter
1984 5017 2102 5061 munus
2121 4995 2292 5083 Evangelii
2316 4997 2459 5062 docendi

469 5081 555 5164 cepit
583 5077 705 5154 Eliam;
727 5080 872 5159 Abdiae,
900 5081 932 5146 8.
957 5079 1006 5146 Re
1032 5125 1040 5141 .
1066 5082 1115 5147 18.
1146 5082 1189 5158 11.
1212 5079 1295 5167 Reg.
1320 5081 1371 5161 18,
1393 5083 1438 5160 4.]
1482 5093 1515 5146 et
1540 5079 1721 5145 efficaciam
1751 5082 1822 5146 eius
1850 5085 1993 5146 muneris
2023 5083 2192 5145 Ordinatio
2223 5083 2397 5146 retinenda
2428 5099 2459 5146 et

467 5167 523 5250 qni
544 5173 675 5229 centum
693 5163 876 5248 Prophetas
898 5170 932 5230 in
954 5103 1121 5249 speluncis
1144 5167 1273 5231 abditos
1295 5163 1441 5231 defendit
1481 5163 1741 5249 magnifacienda
1763 5176 1823 5229 est.

467 5261 500 5314 et
520 5251 627 5332 pavit3
654 5247 829 5328 Ezechiae,
848 5250 881 5312 2.
899 5248 1008 5314 Paral.
1020 5250 1072 5315 31.
1095 5250 1277 5335 Aethiopis,
1296 5254 1354 5335 qni
1370 5271 1440 5315 ser·
1567 5249 1805 5333 Anabaptistae
1833 5262 1939 5314 autern
1966 5271 2031 5314 una
2059 5272 2132 5314 cum
2159 5252 2342 5315 ministerio
2377 5273 2460 5318 con·

467 5347 523 5400 vat
546 5333 724 5400 leremlam.
1480 5346 1626 5398 temnunt
1658 5336 1910 5412 ordinationem,
1950 5334 2077 5420 lingunt
2114 5336 2339 5416 expectandus
2379 5357 2460 5403 esse

495 5419 499 5428 '
1481 5439 1586 5483 novas
1608 5417 1827 5484 revelationes
1851 5430 1883 5483 et
1905 5418 2159 5483 illuminationes
2182 5441 2202 5482 a
2219 5419 2305 5495 Deo,
2330 5441 2460 5506 easque

484 5523 514 5586 s)
533 5523 619 5585 mant]
636 5521 708 5575 adar.
730 5521 829 5570 1-17.
847 5521 889 5569 ar.
905 5529 981 5574 ment
1457 5505 1639 5585 iperandas
1679 5506 1809 5589 magnis
1847 5505 2120 5568 macerationibus
2160 5508 2328 5585 corporis,
2369 5509 2461 5573 sient
