5859 6734
465 730 548 797 1⁰71
1061 722 1805 833 PtuL.l1EL.SCR1PTAn0GMA'ncft.
2398 724 2482 795 ton

464 913 628 982 voluerint
658 924 771 1001 partes
805 910 929 998 aliquid
961 913 1180 991 constituere,
1214 914 1302 996 quod
1323 924 1442 997 postea
1572 918 1641 983 Oro
1669 928 1778 984 autem
1810 916 1918 981 Deum
1947 926 2135 994 aeternum,
2167 926 2307 1000 patrem
2344 913 2481 985 Domim'

464 1021 532 1066 non
549 1010 666 1084 posset
686 1002 803 1064 mutati
824 1009 959 1083 propter
980 1018 1116 1083 gravem
1140 1017 1314 1077 camsam,
1348 999 1440 1063 cuius
1485 1005 1590 1070 nostri
1612 1004 1688 1069 lesu
1709 1001 1850 1079 Christi,
1879 1001 2081 1066 conditorem
2113 1001 2251 1086 generis
2283 999 2433 1066 humani
2450 1018 2481 1068 et

361 1097 366 1106 '
466 1098 544 1153 tune
565 1084 718 1148 fortassis
740 1084 823 1149 ratio
846 1081 957 1147 habita
979 1093 1040 1147 est.
1486 1090 1657 1155 custodem
1674 1087 1837 1153 honestae
1859 1086 2039 1164 societatis,
2061 1095 2097 1149 ut
2117 1087 2190 1169 ipse
2214 1107 2283 1150 nos
2309 1089 2481 1173 gubernet

446 1226 450 1247 .
514 1180 519 1184 ’
550 1171 635 1236 Sum
662 1182 770 1234 autem
800 1165 974 1251 sponsalia
1008 1164 1181 1231 defuturo
1202 1168 1441 1250 promissiones
1485 1187 1519 1241 ct
1539 1173 1651 1252 ιοοιοι,
1673 1186 1708 1239 ut
1728 1183 1845 1238 nostra
1867 1173 2022 1258 coniugia
2043 1182 2077 1235 et
2094 1168 2240 1235 famniae
2253 1183 2405 1237 nostrae
2417 1175 2481 1238 sint

465 1274 594 1333 omnes,
628 1257 747 1337 quibus
780 1253 891 1318 addita
912 1262 964 1317 est
986 1253 1129 1318 conditio
1151 1250 1313 1332 honesta,
1348 1253 1441 1317 cuius
1462 1249 1466 1262 ’
1486 1279 1586 1327 verae
1608 1260 1811 1324 domesticae
1831 1256 2016 1347 Ecclesiae,
2032 1257 2140 1341 ipsum
2161 1268 2258 1322 recte
2271 1259 2480 1324 invocantes

465 1343 550 1406 ratio
567 1341 606 1403 in
627 1339 800 1403 iudicando
823 1335 976 1401 habenda
998 1347 1067 1415 est,
1097 1348 1150 1402 ut:
1189 1336 1319 1403 Ducam
1341 1349 1392 1417 te,
1413 1339 1442 1401 si
1486 1358 1519 1411 οι
1540 1347 1570 1410 οἱ
1592 1346 1856 1428 obtemperantes
1868 1345 1902 1406 in
1916 1343 2038 1408 tuendo
2057 1342 2183 1420 ordine,
2201 1363 2311 1426 quem
2323 1345 2480 1423 institnit,

464 1437 621 1511 parentes
660 1424 875 1487 assenserint.
920 1420 1021 1486 Tales
1058 1423 1298 1505 promissiones
1331 1425 1441 1488 irritas
1485 1451 1550 1496 nec
1577 1432 1664 1495 sinat
1691 1429 1885 1493 domesticis
1918 1427 2092 1492 discordiis
2114 1429 2270 1511 impediri
2288 1430 2479 1496 invocatio

466 1530 558 1587 esse,
582 1511 612 1573 si
635 1508 813 1573 conditioni
834 1527 902 1572 non
923 1504 1022 1571 fuerit
1040 1505 1258 1587 satisfactum,
1276 1527 1379 1592 supra
1396 1509 1443 1573 di·
1484 1537 1561 1582 nem
1582 1527 1615 1580 et
1636 1513 1702 1581 alia
1723 1510 1834 1580 officia
1851 1514 2060 1588 nacessaria3
2081 1511 2200 1577 Amen.

468 1607 557 1661 ctum
579 1604 642 1658 est.

552 1677 636 1743 Sunt
667 1688 700 1742 et
731 1676 902 1762 sponsalia
934 1680 977 1743 de
1008 1674 1135 1755 futuro,
1157 1677 1288 1761 quando
1311 1679 1443 1742 nomine
1485 1686 1547 1753 DE
1576 1683 1750 1751 OFFICIO
1771 1681 2087 1754 MAGISTRATUS
2109 1682 2155 1746 IN
2176 1681 2388 1751 TUENDIS
2411 1684 2476 1750 LE

463 1764 670 1848 impuberum
686 1762 724 1827 fit
746 1764 921 1847 promissio
943 1763 1177 1848 aparentibus
1200 1760 1256 1826 vel
1277 1763 1441 1827 tutoribus

465 1852 506 1914 de
530 1849 684 1932 coniugio
708 1847 936 1913 contrahendo
958 1850 1044 1912 inter
1065 1844 1128 1911 hos
1145 1848 1345 1930 impuberes,
1367 1869 1442 1912 cum
1793 1817 1925 1885 GfflUS
1943 1818 2151 1884 CONIUGH·

464 1946 558 2001 aetas
575 1934 638 1997 erit
658 1933 789 2010 idonea,
810 1944 868 1998 aut
890 1954 964 1997 cum
986 1933 1048 2018 ipsi
1059 1933 1259 2014 impuberes,
1271 1929 1326 1997 vel
1338 1930 1443 1998 altera
1554 1993 1557 1997 ,

488 2038 621 2096 ersona,
644 2019 737 2081 cuius
759 2028 851 2083 aetas
874 2018 1018 2082 nondum
1041 2028 1093 2081 est
1114 2018 1243 2095 idonea,
1257 2019 1442 2103 coniugium
1572 2010 1798 2078 cecissimum
1824 2022 1876 2074 est
1903 2006 2081 2073 salutarem
2103 2010 2392 2093 gubernationem
2413 2008 2470 2075 Dei

464 2041 609 2168 hrenum
641 2103 809 2185 promittit.
852 2100 944 2166 llaec
966 2100 1136 2187 sponsalia
1158 2100 1298 2166 dissolvi
1327 2121 1441 2187 posse,
1486 2117 1571 2183 opus
1593 2116 1682 2161 esse·
1724 2093 1777 2161 Ac
1799 2091 2008 2159 manifestum
2031 2103 2083 2158 est
2099 2094 2259 2159 divinitus
2283 2095 2468 2159 institutam

466 2209 541 2252 cum
563 2188 680 2251 deinde
702 2184 856 2252 voluntas
876 2189 1039 2273 puberum
1059 2208 1128 2252 non
1150 2188 1294 2266 accedit,
1317 2201 1442 2255 certum
1486 2204 1562 2248 esse
1594 2179 1682 2246 huno
1709 2182 1856 2245 ordinem
1878 2183 1911 2243 in
1934 2199 2056 2266 genere
2077 2177 2233 2257 humano,
2258 2191 2299 2244 ut
2319 2182 2467 2263 praesint

465 2285 527 2336 est.
571 2272 641 2335 Nec
664 2273 815 2355 cogenda
837 2284 889 2337 est
906 2292 1050 2356 persono
1071 2291 1274 2356 repugnans,
1298 2293 1382 2358 quae
1403 2293 1442 2340 se
1485 2270 1704 2354 Magistratus
1732 2263 1939 2330 multitudini.
1994 2262 2037 2327 Et
2069 2263 2121 2329 his
2153 2264 2250 2330 Dens
2286 2267 2466 2413 &¹⁹⁸⁰ch

464 2375 533 2420 non
566 2353 727 2441 obligavit
757 2358 832 2442 ipsa
855 2369 987 2440 postea,
1017 2380 1091 2423 cum
1112 2369 1207 2422 aetas
1229 2358 1294 2422 iam
1316 2369 1443 2423 manua
1487 2353 1597 2418 officia
1618 2363 1759 2437 quatuor
1779 2351 1936 2414 attribuit.
1981 2347 2123 2413 Primum
2144 2363 2208 2426 est,
2224 2360 2266 2415 ιιι
2329 2352 2466 2436 agistra·

466 2452 557 2505 esset
580 2443 733 2526 coniugio
756 2452 789 2505 et
811 2462 873 2506 suo
896 2443 1016 2507 indicio
1040 2454 1186 2507 statuere
1208 2453 1333 2526 posset.
1485 2450 1539 2505 tus
1562 2448 1658 2502 sonet
1678 2456 1797 2502 vocem
1819 2433 1904 2521 legis
1927 2435 2057 2499 divinae
2079 2436 2112 2498 in
2133 2436 2258 2500 tuenda
2280 2434 2466 2520 disciplina,

551 2525 595 2591 Ut
607 2538 728 2590 autem
748 2524 898 2591 homines
920 2525 993 2591 aliis
1010 2526 1121 2593 multis
1137 2530 1237 2591 rebus
1255 2529 1351 2594 bonis
1362 2530 1443 2593 abu·
1485 2526 1562 2610 quia
1582 2523 1688 2607 prima
1709 2533 1742 2585 et
1763 2522 1897 2584 immota
1917 2541 2032 2584 norme
2053 2520 2140 2584 vitae
2158 2540 2233 2583 esse
2262 2522 2369 2586 debet
2400 2521 2465 2586 hex

466 2621 596 2688 tuntur,
618 2612 718 2676 itaet
740 2613 882 2697 coniugii
904 2613 1020 2676 umbra
1043 2633 1145 2696 saepe
1166 2610 1276 2677 stultis
1302 2625 1359 2678 aut
1377 2635 1443 2677 ma·
1486 2611 1605 2675 divina.
1650 2606 1851 2684 Secundum,
1883 2616 1920 2669 ut
1952 2606 1996 2669 sit
2024 2602 2165 2692 vigilans
2189 2617 2312 2671 custos
2336 2608 2465 2672 divinae

466 2694 509 2760 lis
523 2697 754 2779 cupiditatibus
765 2698 976 2781 praetexitur.
999 2697 1109 2781 Saepe
1120 2710 1257 2780 propter
1272 2700 1444 2782 pecuniam
1484 2693 1571 2782 legis
1603 2714 1644 2758 ac
1677 2692 1853 2757 severitate
1885 2710 2066 2774 poenarum
2093 2696 2250 2755 coerceat
2285 2703 2321 2755 et
2355 2697 2464 2777 puniat

467 2793 524 2844 aut
554 2782 720 2865 praesidia
752 2782 835 2847 liunt
862 2794 961 2865 pacta
983 2784 1024 2847 de
1045 2784 1250 2867 impuberum
1272 2784 1443 2867 coniugiis,
1462 2782 1467 2802 '
1487 2790 1697 2845 contumaees
1720 2788 1753 2840 et
1771 2771 1925 2840 defendat
1947 2776 2148 2839 obedientes.
2193 2774 2295 2839 Hunc
2318 2778 2465 2841 ordinem

466 2884 541 2928 cum
569 2866 603 2929 in
634 2861 701 2929 hoe
727 2876 820 2932 tanto
841 2864 976 2931 foedere
997 2879 1177 2951 perpetuae
1202 2868 1442 2932 coniunctionis
1485 2868 1532 2930 ita
1553 2865 1662 2927 sanxit
1672 2861 1777 2926 Deus
1811 2860 1854 2924 Et
1874 2858 2081 2925 manifestum
2100 2873 2151 2925 est
2172 2859 2269 2945 leges
2289 2863 2463 2939 contemni,

465 2945 642 3015 honestum
673 2952 828 3016 iudicium
861 2962 895 3015 et
926 2964 1037 3016 mutua
1070 2948 1302 3019 benevolentia
1323 2951 1441 3017 horum
1485 2951 1542 3015 ubi
1563 2945 1653 3012 nulla
1674 2957 1752 3011 sunt
1772 2965 1954 3028 poenarum
1971 2943 2131 3092 exempla.
2175 2946 2273 3011 Sicut
2295 2968 2378 3012 vere
2399 2946 2464 3011 lau-

466 3034 628 3118 ipsomm,
658 3038 713 3121 qui
733 3038 931 3121 iunguntur,
952 3038 1075 3121 requiri
1103 3048 1136 3102 et
1155 3033 1269 3102 valere
1290 3039 1444 3116 debeant,
1486 3037 1542 3099 dat
1569 3034 1692 3098 dictum
1719 3029 1896 3095 Aeschinis
1929 3030 2068 3095 Demost
2093 3050 2191 3094 enesz
2233 3032 2324 3096 οὐδὲν
2359 3033 2462 3120 ’ὄφελος

468 3137 531 3184 nee
565 3119 681 3184 deceat
714 3123 915 3205 corpora⁸²l
947 3132 1099 3186 natorum
1120 3119 1251 3186 venalia
1269 3142 1347 3187 essa
1367 3143 1443 3207 pro·
1485 3122 1535 3200 τῆς
1567 3123 1719 3191 πολιτείας
1739 3115 1780 3198 μὴ
1805 3116 1925 3196 ἐχούσης
1941 3118 2029 3201 νεῦρα
2050 3116 2125 3178 κατὰ
2149 3115 2343 3180 ἀδικούντων.
2385 3116 2462 3181 'ler-

489 3214 539 3266 tar
616 3206 745 3269 cuniam
776 3217 834 3271 aut
872 3203 937 3269 alia
970 3206 1216 3287 πλεονεκτήματα.
1281 3206 1324 3271 Ει
1375 3209 1444 3272 unit
1485 3207 1564 3270 tium
1598 3199 1744 3267 officium
1777 3212 1844 3265 est:
1883 3200 2099 3287 Magistratus
2127 3201 2250 3266 addere
2271 3211 2388 3286 potest
2409 3200 2462 3268 ali

503 3306 562 3351 eus
650 3290 816 3354 cordinis
838 3291 1108 3373 depravationem
1119 3293 1236 3375 poenis
1247 3294 1333 3356 man'
1350 3294 1442 3358 estis.
1486 3310 1571 3375 quas
1592 3286 1687 3374 leges
1711 3287 1842 3363 divinis,
1863 3307 2069 3372 nequequam
2091 3298 2200 3351 tamen
2224 3288 2460 3352 dissentientes

467 3370 579 3444 Quare
601 3386 758 3457 parentes
775 3373 918 3453 honesti,
953 3376 1203 3441 considerantes
1227 3378 1374 3441 ordinem
1396 3378 1443 3441 di·
1486 3374 1710 3451 adivims‚sed
1721 3393 1806 3457 quae
1818 3374 1884 3435 sint
1894 3369 2100 3450 adminicula,
2110 3383 2148 3436 ut
2159 3373 2356 3451 divinasse)
2367 3375 2457 3437 maio·

467 3458 593 3535 vinnm,
626 3458 726 3523 saluti
758 3457 898 3536 iiliomm
921 3473 954 3524 et
980 3457 1120 3524 filiarum
1142 3472 1234 3525 reete
1258 3460 1443 3540 consulant,
1486 3482 1524 3525 re
1542 3481 1622 3526 eura
1633 3468 1817 3522 serventur.
1839 3457 2014 3536 Quartum,
2030 3469 2067 3522 ut
2083 3455 2363 3545 et⁸²·)basleges
2372 3476 2456 3523 sere·

466 3561 529 3606 nee
559 3555 680 3629 cogant
708 3542 794 3609 lilios
826 3556 883 3609 aut
905 3543 992 3609 lilias
1015 3557 1132 3611 eontra
1152 3558 1290 3611 naturae
1308 3545 1444 3613 inclina-
1485 3547 1582 3610 ritate
1603 3564 1783 3629 poenarum
1800 3553 1940 3607 tueatur.

466 3627 587 3699 tionem
608 3629 651 3692 ad
675 3632 844 3716 coniugia,
868 3650 888 3694 a
911 3632 1030 3715 quibus
1053 3627 1250 3709 abhorrent,
1283 3651 1388 3716 eaque
1410 3633 1443 3695 in
1572 3629 1664 3693 Haec
1697 3625 1808 3692 officia
1828 3626 2045 3767 Maggstratus
2069 3638 2102 3691 et
2129 3627 2162 3691 in
2181 3629 2333 3714 coniugii
2355 3624 2458 3694 defen·

466 3732 504 3777 re
536 3725 730 3779 moveantur
762 3714 815 3779 bis
843 3717 991 3779 maximis
1026 3717 1172 3780 caussis:
1213 3715 1279 3781 Ubi
1301 3737 1369 3781 non
1391 3728 1443 3782 est
1486 3717 1580 3780 sione
1614 3714 1834 3778 considerent.
1897 3712 2011 3776 ..ciant
2043 3713 2265 3779 severissimis
2300 3714 2458 3790 mandatis

466 3808 597 3862 mutuus
620 3820 713 3863 amor
735 3802 929 3885 coniugum,
950 3801 994 3864 ibi
1018 3801 1184 3866 discordia
1206 3804 1333 3866 sauciat
1354 3823 1443 3867 men·
1485 3800 1550 3866 Dei
1582 3799 1744 3884 praecipi,
1772 3806 1810 3860 ιιι
1839 3794 1934 3883 leges
1956 3798 2182 3881 coniugiorum
2203 3811 2412 3866 conservent
2430 3810 2459 3863 et

466 3895 530 3959 tes,
553 3883 685 3966 impedit
713 3886 955 3949 invocationem
975 3884 1056 3963 Dei,
1079 3889 1188 3951 turbat
1209 3897 1311 3952 totam
1334 3889 1443 3952 dome·
1485 3889 1621 3970 puniant
1650 3880 1823 3959 adulteria,
1851 3901 1955 3966 vagas
1988 3894 2021 3947 et
2049 3884 2197 3947 incestas
2220 3882 2401 3963 libidines,
2429 3896 2455 3947 et

466 3968 585 4030 stieam
619 3971 890 4033 consuetudinem
914 3982 946 4033 et
968 3970 1053 4052 parit
1074 3970 1176 4036 multa
1197 3984 1346 4053 peccata.
1391 3972 1442 4037 ln·
1486 3969 1604 4035 tollant
1626 3989 1645 4032 e
1665 3967 1774 4032 medio
1797 3965 1854 4031 illa
1875 3967 1947 4032 dira
1992 3978 2131 4047 ortenta,
2148 3989 2235 4054 quae
2260 3982 2293 4049 et
2306 3968 2455 4036 iramDei

467 4053 595 4123 tardum
619 4060 742 4115 etcum
764 4050 952 4117 voluntates
975 4055 1154 4118 distractae
1176 4067 1271 4131 sunt,
1299 4076 1441 4141 sequnn-
1484 4057 1612 4119 irritant
1622 4066 1655 4119 et
1675 4050 1825 4136 polluunt
1845 4072 1952 4138 genus
1968 3990 2153 4120 humanum
2174 4056 2272 4119 tetris
2294 4054 2456 4122 libidinum

466 4148 521 4200 tur
553 4134 714 4201 adulteria
746 4148 779 4201 et
799 4158 945 4222 poenae,
975 4139 1008 4201 in
1053 4140 1152 4203 uibus
1174 4136 1267 4203 multi
1288 4155 1386 4205 ruunt
1407 4144 1441 4205 in
1486 4138 1752 4216 confusionibus,
1773 4140 1850 4221 quia
1877 4140 2094 4203 certissimum
2116 4151 2169 4204 est
2189 4137 2302 4206 Deum
2326 4140 2457 4206 bombi

467 4242 555 4285 nova
572 4220 701 4286 seelera
723 4234 756 4286 et
775 4224 809 4287 in
832 4225 977 4309 tragicas
1107 4226 1213 4289 itates.
1483 4224 1558 4288 liter
1585 4225 1684 4290 irasci
1709 4235 1742 4288 et
1768 4225 1848 4307 ipsis
1875 4221 2044 4288 libidinum
2072 4223 2331 4293 confusionibus
2355 4240 2390 4292 et
2408 4244 2456 4290 ne·

553 4306 643 4370 Haec
665 4306 791 4373 infinita
813 4307 900 4373 mala
920 4312 1097 4394 praecipue
1117 4322 1292 4395 parentes,
1324 4312 1379 4395 qui
1401 4331 1442 4377 ea
1485 4308 1661 4396 gligentiae
1682 4310 1955 4394 gubernatorum,
2001 4311 2033 4374 ui
2056 4329 2115 4373 eas
2135 4331 2204 4375 non
2224 4314 2382 4394 puniunt,
2401 4330 2457 4375 nec

467 4387 577 4474 aliquo
600 4393 698 4455 modo
721 4392 906 4479 intelligere
927 4406 1079 4476 possunt,
1102 4397 1313 4461 considerent
1332 4408 1441 4461 etme-
1484 4406 1600 4460 sontes
1634 4415 1653 4458 e
1685 4396 1793 4460 medio
1814 4390 1944 4458 tollunt.
1978 4331 2030 4459 lit
2056 4408 2193 4480 propter
2213 4394 2302 4463 haec
2332 4395 2456 4463 scelera

467 4486 571 4553 tuant,
594 4488 627 4539 et
642 4497 690 4540 ,ne
712 4481 866 4544 accidant
888 4478 964 4544 filiis
987 4493 1020 4545 et
1037 4477 1180 4560 filiabus,
1194 4482 1302 4546 Deum
1323 4484 1442 4547 arden·
1485 4503 1505 4544 v
1552 4492 1650 4545 antur
1671 4481 1703 4544 in
1726 4497 1847 4584 genere
1868 4479 2011 4548 humano
2021 4478 2143 4546 multae
2154 4501 2285 4565 poenae
2295 4481 2456 4569 publicae,

466 4560 554 4623 tibus
576 4563 665 4625 votis
686 4576 873 4644 precentur.
901 4564 1031 4630 Deinde
1047 4567 1110 4652 ipsi
1132 4578 1282 4647 caveant,
1302 4586 1346 4632 ne
1363 4566 1442 4632 stul-
1484 4569 1526 4631 be
1580 4611 1590 4644 ,
1624 4576 1844 4642 vastationes,
1878 4565 2112 4650 dissipationes
2133 4565 2305 4632 hominum
2321 4579 2359 4634 et
2378 4565 2456 4632 aliae

465 4644 509 4709 tis
530 4657 586 4710 aut
608 4648 713 4732 impiis
737 4646 883 4714 consiliis
906 4669 946 4714 ea
967 4664 1151 4717 accersant.
1484 4671 1623 4736 magnae
1641 4649 1855 4727 calamitates,
1876 4662 1912 4715 ut
1933 4652 2111 4717 ostendunt
2133 4649 2286 4737 exernpla
2301 4654 2456 4720 Sodomo

485 4741 490 4751 '
551 4730 588 4793 ln
620 4731 731 4798 multis
765 4733 1057 4801 deliberationibus
1081 4739 1176 4802 nimis
1199 4757 1319 4823 magna
1340 4736 1442 4824 negli·
1484 4760 1567 4817 rum,
1588 4734 1849 4813 cananaeorum,
1872 4737 1978 4801 trihus
1998 4737 2182 4816 Beniamin,
2203 4736 2295 4805 exilii
2306 4737 2456 4811 bavius,

465 4817 576 4901 gentia
610 4828 644 4880 et
676 4816 812 4884 futilitas
846 4832 898 4883 est
927 4832 1099 4903 parentum
1122 4824 1164 4887 de
1185 4824 1347 4909 coniugiis
1364 4844 1441 4888 suo·
1484 4824 1668 4888 eversionis
1689 4821 1819 4899 Troiae,
1836 4831 1869 4885 et
1890 4818 1955 4886 alia
1975 4822 2233 4890 innumerabilia.
2279 4824 2456 4910 sicigitur

465 4919 549 4965 rum.
594 4900 687 4966 Unde
720 4913 836 4987 postea
871 4914 905 4968 et
935 4907 1143 4970 tristissimae
1165 4904 1368 4973 calamitates
1389 4930 1442 4973 se·
1484 4909 1587 4992 inquit
1620 4927 1685 4970 vox
1715 4906 1825 4971 divina
1845 4905 1950 4972 Levit.
1975 4908 2024 4975 18.
2047 4912 2113 4991 [vs.
2134 4908 2203 4990 28]
2236 4909 2280 4975 de
2302 4910 2455 4974 incestis:

466 4996 621 5069 quantur,
645 4997 678 5049 et
698 4986 840 5054 familiae
861 4987 943 5055 fiunt
963 5010 1031 5056 non
1052 4989 1226 5056 Ecclesiae
1250 4992 1330 5071 Dei,
1352 4995 1441 5079 quod
1485 4992 1620 5069 Cavete,
1642 5011 1684 5054 nc
1706 5013 1768 5055 vos
1780 4989 1928 5057 similiter
1938 5005 2070 5059 evomat
2085 5006 2186 5073 tarra,
2204 5016 2282 5060 cum
2292 4992 2455 5067 similia⁸')

466 5089 543 5135 esse
561 5071 737 5150 debebant,
762 5076 824 5140 sed
835 5071 1053 5146 Diabolorum
1075 5074 1191 5156 lustra,
1215 5089 1248 5143 et
1270 5076 1363 5144 multi
1385 5081 1441 5143 mi·
1484 5076 1625 5155 iacietis,
1643 5078 1728 5141 sicut
1750 5078 1894 5144 evomuit
1912 5077 2119 5156 cananaeos.
2154 5079 2197 5145 Et
2211 5101 2380 5164 expresse
2402 5099 2456 5166 gu·

467 5155 535 5220 seri
551 5153 703 5221 homines
726 5159 758 5221 in
782 5157 846 5226 illis
869 5159 1110 5227 calamitatibus
1132 5176 1231 5227 ruunt
1243 5164 1275 5227 in
1294 5165 1441 5250 indigna·
1484 5164 1715 5227 bematoribns
1736 5164 1910 5248 praecipit,
1943 5176 1978 5229 ιιι
2000 5164 2116 5231 tollant
2137 5169 2271 5243 sontes,
2295 5167 2456 5251 inquiens.

466 5241 587 5306 tionem
608 5243 770 5309 adversus
793 5245 916 5324 Deum,
937 5249 970 5311 in
992 5248 1255 5332 desperationem
1277 5250 1365 5314 etin
1387 5270 1441 5316 ae·

466 5338 594 5391 ternum
613 5330 756 5394 exitium.

1485 5437 1546 5502 32⁸)
1564 5438 1664 5493 dinone
1682 5444 1770 5503 atoue
1787 5440 1998 5495 ateramum
2013 5442 2043 5495 itt
2060 5442 2134 5506 corp.
2155 5444 2179 5490 1.

1484 5539 1532 5607 aa)
1549 5542 1652 5610 emm]
1683 5543 1756 5596 rute
1777 5541 1817 5591 ιτ.
1836 5544 1876 5591 21.
1895 5543 1936 5595 n.
1956 5545 1997 5593 m.
2016 5545 2124 5600 ne-at
2141 5543 2260 5599 smum
2294 5518 2422 5609 (ιοιαεα
2437 5543 2463 5597 ι.

466 5599 512 5662 ³2)
531 5602 648 5666 corpora]
666 5604 737 5656 Edttt.
757 5603 796 5655 ιι,
816 5604 856 5651 24.
876 5609 926 5668 typ.
946 5616 1047 5659 errore:
1066 5619 1200 5673 corporum
1551 5611 1568 5663 Ι.
1586 5613 1665 5667 habet
1682 5612 1766 5677 paria)
