5859 6734
467 735 532 801 ret
986 737 1021 784 '-·
1068 727 1831 800 -Priu,:hffl1‚scm1⁷r.tnot}tta'itlc.t
1879 741 1882 770 ³
1988 767 1990 774 ·
2398 727 2463 793 730

467 924 548 986 mitti
578 920 806 985 remissionem
837 930 1048 1003 peccatorum
1070 929 1103 982 at
1123 916 1435 997 reconciliationem,
1476 918 1538 1001 piis
1561 928 1594 982 et
1616 917 1801 982 anraudbua
1823 916 2003 992 veritatem,
2023 911 2121 980 facile
2142 911 2278 980 refutari
2299 927 2459 999 possum.

467 1026 507 1070 ac
528 1005 594 1072 lide
615 1007 732 1090 accipi,
754 1025 821 1069 non
841 1016 979 1089 propter
1000 1004 1190 1160 Ἣιιιιοιιι
1212 1014 1369 1067 nostram.
1476 1002 1584 1067 Fateri
1607 1003 1692 1065 enim
1713 1020 1814 1064 sanos
1837 1018 1977 1064 necesse
1999 1018 2077 1064 esse
2094 1001 2212 1077 est,¹ne
2232 1002 2460 1082 ceremordar,

550 1088 710 1154 Maiorem
730 1091 851 1172 prohat
866 1086 1002 1166 Paulus,
1079 1089 1110 1150 ‘a
1130 1085 1200 1151 Lex
1221 1089 1303 1151 iram
1324 1083 1436 1164 efficit,
1476 1106 1540 1151 nac
1555 1083 1693 1149 moralia
1708 1105 1810 1167 opera
1820 1084 2053 1168 praecedentia
2063 1081 2119 1148 vel
2129 1084 2459 1174 sequentiaregne·

465 1175 499 1240 id
531 1184 601 1252 est,
635 1194 709 1239 cum
740 1194 836 1238 nemo
857 1173 941 1258 Legi
968 1171 1169 1246 satisfaciat·;
1204 1172 1277 1238 Lex
1298 1181 1437 1235 accusat
1477 1172 1647 1248 rationem,
1667 1171 1785 1235 mereri
1807 1171 2034 1233 remissionem
2053 1181 2278 1251 peccatorum.
2403 1203 2405 1208 ·

466 1277 743 1411 ffiiiieqii‘i
760 1269 1026 1427 mciii
1047 1258 1436 1420 &micitia
1478 1254 1736 1416 miiiimi
1759 1254 2255 1421 [3133333334
2270 1251 2455 1405 iliad&

467 1441 571 1505 esset,
590 1428 637 1494 ita
657 1429 786 1494 demum
806 1447 871 1493 nos
892 1428 1004 1509 recipi,
1036 1437 1213 1512 postquam
1232 1426 1318 1512 Legi
1339 1425 1436 1489 satis·
1478 1425 1557 1490 item
1579 1424 1687 1500 [Rom.
1712 1389 1769 1501 li),
1804 1424 1885 1501 lii.]r
1930 1420 2039 1486 Corde
2065 1423 2209 1487 credimr
2230 1424 2275 1486 ad
2298 1385 2450 1488 iustitlani

466 1510 652 1578 fecerimus.
696 1512 892 1597 Quanquam
923 1523 1032 1576 autem
1064 1529 1206 1578 securae
1242 1523 1276 1575 et
1308 1511 1437 1575 otiosae
1478 1519 1542 1575 etc.
1587 1508 1678 1573 llaec
1710 1520 1744 1573 et
1775 1504 1893 1570 similia
1913 1507 2225 1572 adversariiomnia
2248 1508 2450 1573 contendum

465 1610 592 1662 mentes
613 1617 680 1662 non
700 1608 875 1663 moventur
896 1597 960 1662 hoc
981 1607 1186 1682 argumento,
1207 1598 1366 1660 tamenin
1383 1611 1439 1682 ve·
1476 1595 1653 1677 improprie
1673 1604 1706 1657 et
1726 1594 1998 1676 incircumspecte
2020 1588 2318 1678 diti,etaffingunt
2333 1613 2379 1657 ex
2394 1592 2452 1658 hu·

465 1681 512 1746 ris
532 1683 714 1747 terroribus
735 1684 950 1768 agnoscimus
971 1700 1034 1744 nos
1056 1699 1134 1746 reos
1156 1697 1242 1744 esse.
1286 1680 1441 1743 Necesse·
1477 1698 1574 1742 mano
1607 1678 1727 1743 iudicio
1760 1678 2070 1760 interpretationem.
2113 1676 2184 1740 Nos
2211 1696 2295 1741 vero
2319 1674 2453 1742 collatis

465 1768 549 1831 esti
573 1768 581 1786 ‘
656 1769 761 1832 teneri
772 1771 816 1843 ⁶⁶)
838 1766 926 1830 hanc
946 1766 1141 1829 contanciam
1163 1767 1204 1829 de
1226 1764 1366 1850 gratuita
1386 1781 1438 1827 re·
1478 1765 1629 1828 omnibus
1649 1764 1805 1827 membris
1826 1759 1986 1825 Paulinae
2006 1762 2236 1844 disputationis
2253 1773 2289 1826 et
2307 1763 2454 1828 testinno-

465 1869 530 1916 con
574 1852 712 1929 atione,
746 1851 834 1916 sicut
864 1847 988 1915 Paulus
1020 1851 1124 1936 inquit
1157 1848 1266 1930 [Rom.
1287 1848 1328 1926 4,
1352 1847 1434 1927 16.]ε
1478 1849 1540 1912 niis
1561 1845 1801 1930 Prophetarum
1822 1847 2004 1910 iudicamus
2021 1844 2159 1910 Paulum
2181 1848 2345 1924 sensisse,
2364 1848 2456 1931 quod

466 1934 544 2001 ideo
565 1955 608 2000 ex
630 1935 696 2000 fide
712 1937 830 2021 gratis,
861 1947 899 2000 ut
919 1937 963 2000 sit
983 1933 1078 1998 firma
1096 1935 1285 2018 promissio.
1329 1931 1438 2018 Urget
1478 1934 1573 1997 dicite
1617 1930 1697 1995 Fide
1725 1930 1873 2005 homines
1895 1932 2002 1994 iustos
2019 1930 2180 2014 reputari,
2201 1930 2267 1995 hoo
2289 1939 2355 2009 est,
2378 1951 2454 2015 pro·

488 2018 660 2085 articulam
682 2021 802 2105 gratis,
830 2032 864 2085 ut
885 2017 974 2084 illam
996 2019 1101 2102 ipsam
1121 2017 1364 2104 Syuecdochen
1385 2036 1437 2082 re·
1477 2028 1551 2101 pter
1583 2014 1751 2081 Christum
1781 2013 1998 2079 Mediatorem
2035 2015 2189 2098 accipere
2221 2017 2454 2082 remissionem

464 2043 561 2171 intuta
582 2103 694 2169 Habes
717 2105 943 2169 remissionem
966 2106 1072 2191 gratis
1093 2115 1306 2188 nonpropter
1322 2100 1436 2184 imple·
1477 2113 1689 2184 peccatorum
1722 2112 1755 2165 et
1786 2097 2102 2176 reconciliationem,
2127 2098 2246 2165 fiducia
2267 2103 2456 2166 misericor·

466 2192 588 2256 tionem
607 2188 726 2340 lxxta,
758 2203 794 2253 ut
825 2190 903 2254 dicit
925 2188 1159 2274 Synecdoch03
1202 2187 1270 2253 imo
1304 2184 1435 2250 dilectio
1478 2186 1551 2250 diae
1571 2196 1705 2268 propter
1725 2187 1833 2267 ipsum
1852 2185 2048 2267 promissae,
2069 2202 2136 2246 non
2157 2196 2292 2268 propter
2303 2199 2456 2250 nostram

327 2327 335 2338 ,
465 2274 529 2340 Dei
550 2293 614 2340 erro
692 2295 759 2339 ncrr
779 2284 903 2357 potest,
921 2275 983 2338 nisi
1005 2276 1096 2358 prius
1117 2273 1184 2339 fide
1206 2283 1333 2336 statuas
1354 2272 1436 2335 iram
1478 2271 1679 2355 dignatam.
1722 2269 1853 2333 Deinde
1883 2280 1920 2332 ut
1951 2266 2035 2333 haec
2069 2269 2135 2330 sint
2156 2266 2317 2351 planiora,
2353 2270 2456 2336 docc-

470 2358 534 2425 cu
562 2357 730 2445 placatam
762 2377 855 2437 esse,
886 2371 922 2422 ut
955 2357 1049 2422 Rom.
1081 2357 1113 2421 ὅ.
1147 2364 1213 2438 [vs.
1236 2357 1282 2438 9.]
1305 2356 1438 2420 dicitur:
1478 2374 1551 2420 mus
1572 2355 1683 2433 etiam,-
1702 2373 1777 2418 curn
1797 2352 1863 2416 hoo
1884 2352 1981 2415 modo
1998 2353 2102 2416 corda
2117 2363 2348 2418 sustentantur
2368 2373 2456 2420 voce

465 2445 546 2509 Fide
577 2463 639 2529 per
659 2441 827 2508 Christum
854 2441 1013 2508 habemus
1045 2462 1220 2507 accessum
1251 2442 1294 2506 ad
1316 2439 1436 2505 Deum.
1477 2438 1651 2523 Evangelii
1678 2438 1796 2504 obfide
1819 2438 2002 2521 eriguntur,
2035 2438 2209 2519 concipere
2229 2455 2270 2500 ea
2291 2437 2456 2521 Spiritum

465 2528 534 2595 Res
555 2529 709 2606 ostendit,
730 2529 764 2591 irr
784 2526 851 2593 hoa
870 2539 1063 2614 argumento
1085 2525 1325 2613 synecdochen
1347 2523 1437 2590 illam
1478 2537 1647 2601 sanctum,
1677 2525 1764 2589 sicut
1785 2520 1909 2587 Paulus
1932 2523 2034 2606 inquit
2052 2518 2127 2586 Gal.
2150 2521 2182 2588 3.
2206 2527 2272 2602 [vs.
2297 2522 2363 2603 14]
2409 2522 2455 2588 Ut

467 2611 609 2678 refutari.
815 2651 818 2656 ·
1478 2610 1726 2692 promissionem
1745 2607 1886 2692 Spiritus
1909 2607 2108 2689 accipiamus
2134 2626 2194 2689 per
2222 2605 2332 2671 iidem.
2376 2608 2454 2673 Non

551 2698 755 2762 Observabis
777 2692 884 2762 autem
906 2707 939 2761 et
959 2695 1036 2774 hoc,
1058 2696 1146 2779 quod
1167 2696 1253 2758 idem
1274 2693 1437 2758 lomrsdo·
1476 2695 1576 2780 igitur
1608 2694 1650 2756 de
1670 2690 1780 2776 aliqua
1802 2693 1908 2756 otiosa
1929 2692 2042 2754 notitia
2070 2688 2250 2775 loquimur,
2278 2704 2311 2756 et
2340 2707 2454 2758 errant

467 2795 520 2847 cet
540 2782 620 2847 Fide
652 2781 831 2868 significari
863 2799 931 2846 non
952 2793 1078 2846 tautum
1098 2779 1256 2844 historiae
1276 2778 1436 2853 notitiam,
1478 2777 1634 2860 imperiii,
1674 2778 1729 2860 qui
1762 2777 1945 2840 existimant
1978 2776 2203 2838 remissionem
2234 2787 2451 2858 peccatorum

465 2864 573 2952 qualis
594 2868 699 2931 estin
720 2862 892 2946 Diabolis,
907 2868 967 2931 sed
984 2867 1177 2943 assensum,
1212 2883 1277 2947 quo
1298 2863 1437 2945 promis·
1478 2863 1671 2946 contingere
1703 2862 1839 2937 oticsis,
1872 2862 1944 2924 sine
1976 2858 2020 2924 ali
2043 2882 2086 2924 uo
2118 2861 2218 2924 animi
2240 2873 2349 2937 motu,
2377 2864 2453 2926 sine

466 2953 551 3016 sioni
574 2951 748 3028 credimus,
770 2971 830 3015 seu
849 2951 1001 3015 fiduciam
1018 2948 1278 3024 misericordiae,
1299 2965 1386 3030 quae
1402 2946 1436 3007 in
1479 2946 1666 3023 certamine,
1688 2947 1759 3008 sine
1781 2944 1900 3008 fiducia
1921 2881 2117 3009 consciente
2136 2946 2288 3009 animum.

466 3036 682 3122 promissione
716 3035 861 3102 offertur.
906 3036 998 3099 lubet
1030 3035 1117 3098 enim
1148 3032 1214 3098 fide
1235 3033 1305 3096 acci
1330 3032 1339 3092 i
1361 3049 1436 3112 pro·
1564 3028 1648 3095 Cum
1668 3040 1778 3095 autern
1790 3028 1930 3111 Spiritus
1953 3042 2090 3095 sanctus
2113 3028 2227 3093 inilia
2248 3028 2452 3094 consolatio·

467 3122 672 3198 missionem,
703 3121 808 3199 lubet,
839 3131 876 3184 ut
892 3130 1020 3185 statuas
1040 3118 1149 3183 Deum
1171 3137 1251 3182 vere
1268 3138 1290 3181 v
1337 3115 1435 3179 etihi
1477 3136 1519 3179 ne
1551 3134 1659 3180 novos
1691 3126 1801 3179 motus
1835 3125 1869 3179 et
1898 3133 2018 3179 novam
2052 3116 2152 3179 vitam
2174 3113 2302 3191 afferat,
2327 3114 2450 3178 dicitur

467 3206 473 3221 “
521 3225 657 3285 oscere,
690 3217 722 3269 te
743 3207 908 3288 recipere,
941 3226 981 3269 ac
1003 3200 1190 3286 postulare,
1221 3211 1258 3266 ut
1277 3200 1343 3265 hoc
1366 3219 1435 3263 ore·
1476 3199 1560 3264 haec
1592 3201 1768 3264 conversio
1795 3200 2019 3284 regeneratio,
2053 3199 2142 3263 ioan.
2175 3199 2207 3264 3.
2241 3204 2318 3276 [vas.
2339 3197 2371 3262 3.
2396 3197 2444 3278 5.]

487 3310 527 3355 as
558 3302 592 3355 et
624 3289 689 3354 hac
720 3288 787 3353 iide
814 3292 924 3373 ipsum
955 3290 1102 3353 invoces.
1150 3285 1241 3351 Talis
1262 3285 1346 3350 fidas
1367 3303 1435 3349 non
1477 3296 1510 3349 et
1531 3286 1624 3369 sequi
1647 3305 1766 3350 novam
1787 3285 2008 3350 obedientiam
2025 3303 2164 3349 neeesse
2186 3296 2249 3362 est,
2266 3295 2302 3347 ut
2322 3295 2449 3367 postea

465 3387 516 3438 est
536 3386 661 3439 tantum
682 3373 840 3439 historiae
859 3373 977 3438 notitia
998 3384 1055 3437 aut
1065 3384 1328 3457 praeceptorum,
1349 3388 1436 3453 quae
1477 3371 1594 3434 dicam.

465 3461 575 3542 potius
594 3460 746 3543 ingentes
766 3469 913 3523 terrores
934 3458 1049 3522 incutit
1070 3457 1197 3534 animis,
1219 3467 1255 3521 ut
1275 3465 1366 3519 recte
1388 3455 1435 3517 di·
1561 3452 1604 3518 Et
1635 3475 1709 3519 cum
1742 3455 1947 3519 conscientia
1978 3454 2103 3537 quaerit
2125 3454 2352 3517 remissionem
2373 3472 2450 3537 pec·

466 3545 510 3608 cit
519 3543 660 3608 lacobus
674 3543 720 3623 [3,
733 3541 799 3623 19.]
810 3543 902 3608 deea
913 3543 1041 3606 notitia:
1052 3542 1243 3607 Daemones
1254 3542 1435 3606 creduntet
1477 3551 1636 3617 catorum,
1654 3540 2088 3622 seponanturquaestiones
2109 3537 2151 3600 de
2172 3534 2451 3602 Proedestinatio·

466 3630 734 3704 conmemiscunt,
766 3641 885 3694 norunt
907 3626 1007 3691 filium
1030 3627 1111 3706 Dei,
1143 3626 1292 3691 sednon
1313 3621 1435 3707 ample·
1475 3643 1528 3687 ne.
1582 3623 1666 3687 Nam
1697 3634 1735 3686 ut
1766 3624 1968 3705 praedicatio
2000 3623 2217 3706 poenitentiae
2256 3622 2300 3686 ad
2334 3642 2450 3687 omncs

466 3725 596 3780 ctnrrrur
627 3714 889 3795 promissionem.
934 3713 1013 3777 ideo
1044 3710 1193 3776 horribili
1214 3720 1303 3774 metu
1325 3710 1435 3773 iudicii
1476 3710 1628 3792 pertinet,
1648 3709 1695 3771 ita
1716 3707 1889 3790 promissio
1912 3708 2039 3792 gratiae
2061 3717 2113 3771 est
2134 3704 2333 3771 universalis
2349 3711 2395 3776 ⁶⁷)
2418 3719 2450 3771 ct

361 3813 364 3818 ·
465 3798 681 3881 impendentis
705 3800 902 3863 cruciantur.
1476 3794 1627 3857 omnibus
1665 3790 1814 3865 affeew)
1857 3789 2168 3857 reconciliationerrr.
2218 3791 2270 3854 Ac
2310 3791 2450 3876 prodest

549 3879 632 3965 Eph.
655 3883 686 3944 2.
710 3887 776 3962 [vs.
797 3882 844 3962 C]
872 3881 984 3944 Gratis
1005 3877 1124 3944 salvati
1146 3880 1228 3943 estis
1245 3898 1304 3963 per
1326 3877 1434 3955 fidem,
1475 3877 1542 3941 hoc
1574 3874 1650 3939 loco
1684 3874 1808 3940 hebere
1829 3877 1863 3940 in
1886 3889 2068 3960 conspeetu
2090 3875 2217 3961 aliquas
2238 3875 2448 3954 universales

466 3968 564 4049 idque
583 3985 651 4030 non
674 3985 715 4028 ex
736 3967 844 4041 vobis,
864 3965 927 4028 Dei
950 3967 1070 4029 donum
1091 3975 1159 4040 est,
1180 3983 1248 4026 non
1265 3982 1307 4026 ex
1328 3962 1434 4044 operi·
1477 3961 1670 4038 senteutias,
1692 3971 1729 4025 ut
1749 3980 1812 4025 nos
1833 3982 1912 4027 vere
1933 3963 1967 4025 in
1978 3954 2051 4026 illas
2063 3960 2279 4038 includamus,
2302 3964 2448 4026 sciamus

467 4053 546 4127 bus,
580 4070 622 4113 ne
654 4052 729 4134 quis
751 4048 920 4133 glorietmu
959 4048 1094 4112 Diserte
1116 4044 1262 4111 excludit
1288 4056 1435 4109 nostram
1476 4065 1554 4110 vere
1577 4046 1672 4107 nobis
1695 4065 1824 4130 quoque
1846 4047 1955 4112 Deum
1977 4044 2063 4111 velle
2085 4048 2277 4129 ignoscere,
2304 4066 2370 4109 nos
2393 4067 2449 4110 err·

466 4136 666 4221 dignitatem,
688 4145 720 4198 et
741 4131 883 4198 aiiirmat
903 4133 967 4198 fide
989 4130 1222 4198 reconciliatos
1243 4150 1330 4196 esse.
1359 4129 1434 4194 Non
1477 4131 1590 4195 audire
1611 4142 1643 4193 et
1665 4131 1823 4214 recipere.

465 4222 563 4305 igitur
595 4220 840 4288 concedendum
875 4221 942 4295 est,
974 4230 1010 4282 ut
1043 4218 1206 4281 sententia
1238 4217 1435 4300 depravetur
1561 4213 1676 4278 Matth.
1702 4214 1752 4278 ll.
1776 4222 1838 4292 [vs.
1861 4215 1926 4294 23]
1949 4213 2067 4278 Venite
2088 4214 2132 4278 ad
2152 4235 2215 4291 me,
2233 4214 2371 4291 Omnes,
2417 4215 2449 4278 ui

465 4325 524 4389 per
539 4301 629 4369 iliam
640 4302 893 4389 synecdochen,
914 4304 975 4367 sed
997 4304 1120 4367 sentire
1130 4299 1328 4384 Apostolum
1337 4300 1381 4377 id,
1389 4305 1433 4378 ⁶⁶)
1475 4297 1644 4364 laboratis.
1690 4299 1833 4364 loculi.
1859 4297 2012 4376 [vs.16.]
2058 4297 2103 4361 Ut
2120 4299 2246 4374 Omnis,
2269 4301 2363 4382 quic
2426 4302 2451 4362 't

466 4391 555 4494 guod
587 4391 676 4468 dicit,
698 4399 881 4454 statuamus
902 4387 982 4451 hire
1014 4399 1150 4471 propter
1172 4384 1337 4452 Christum
1371 4405 1434 4451 nos
1475 4386 1508 4447 in
1531 4404 1616 4461 eum,
1638 4404 1705 4447 non
1726 4395 1850 4487 pereat.
1872 4383 1948 4448 Act.
1974 4380 2024 4484 lb.
2049 4387 2111 4456 ivs.
2135 4381 2199 4461 43]
2223 4382 2307 4485 11ιιίο
2328 4403 2448 4450 oroneo

466 4495 498 4538 m
520 4486 841 4642 griiiiinhfiggptiii.
854 4491 1059 4635 es{hiantes
1081 4558 1170 4641 quod
1191 4576 1258 4620 non
1280 4554 1434 4622 iustificc-
1475 4466 1897 4638 331133ιί386ρὲζῖἲὲωέ
1918 4464 2351 4637 Εὲξιιιιὲῗιθὲξῖιεΐῧᾚῗιέῗῃξῧ
2371 4489 2449 4619 {lig

467 4655 519 4706 tur
549 4642 647 4708 homo
681 4665 723 4709 ex
756 4644 847 4726 operi
870 4662 910 4707 us
943 4640 1047 4728 legis,
1073 4642 1138 4706 nisi
1158 4661 1217 4725 per
1238 4639 1337 4705 fidem
1357 4639 1434 4705 lesu
1476 4639 1556 4703 dunt
1588 4640 1620 4701 in
1653 4658 1737 4703 eum.
1780 4637 1856 4701 Act.
1891 4636 1942 4700 13.
1976 4640 2039 4713 [vs.
2061 4634 2127 4714 39]
2174 4635 2209 4698 lu
2229 4635 2295 4700 hoo
2317 4637 2449 4715 Omnis,

467 4725 604 4804 Christi,
638 4741 671 4792 et
692 4747 754 4792 nos
777 4731 810 4792 irr
832 4725 998 4791 Christum
1020 4727 1127 4791 lesum
1154 4725 1367 4803 credidimus,
1397 4736 1434 4789 ιιι
1476 4724 1532 4806 qui
1555 4723 1676 4802 credit,
1709 4720 1911 4788 iustihcatur.
1954 4719 2050 4786 Rom.
2072 4720 2104 4785 3.
2123 4725 2186 4796 ivs.
2208 4721 2275 4803 22]
2320 4721 2449 4789 iustitia

467 4810 677 4878 iustihceurur
708 4835 751 4877 ex
782 4812 849 4877 fide
880 4810 1019 4888 Christi,
1052 4822 1086 4874 et
1116 4831 1184 4875 narr
1211 4812 1430 4893 exoperibus
1476 4819 1584 4871 autem
1605 4808 1670 4872 Dei
1692 4828 1752 4891 per·
1772 4804 1870 4869 fidem
1890 4805 1968 4871 lesu
1989 4804 2111 4870 Christi
2133 4806 2165 4869 in
2188 4804 2313 4871 Omnes
2335 4817 2369 4869 et
2390 4828 2450 4874 su·

394 5001 399 5008 ·
468 4895 657 5045 wione
678 4979 731 5046 alii
754 4979 827 5047 aliis
847 4977 1110 5046 cavillationibus
1131 4976 1267 5044 eludunt
1282 4978 1366 5042 haec
1387 4979 1434 5042 di·
1475 4988 1511 5039 ut
1531 4978 1677 5041 sciamus
1699 4995 1770 5040 eam
1791 4976 1947 5041 scribenti
1968 4995 2036 5040 non
2058 4974 2224 5041 excidisse
2235 4996 2327 5041 casu.
2350 4975 2449 5041 Rom.

467 5081 531 5131 cta.
557 5064 699 5139 Quum
719 5065 819 5143 alunt,
841 5077 965 5129 tautum
987 5060 1116 5129 excludi
1138 5066 1341 5128 ammonias
1362 5062 1434 5126 liic·
1477 5060 1528 5126 li).
1552 5066 1618 5141 [vs.
1632 5060 1696 5139 li.]
1720 5061 1846 5139 Omnis,
1869 5062 1922 5145 qui
1946 5060 2050 5125 credit
2070 5059 2104 5122 irr
2126 5064 2263 5139 eum,⁶⁹)
2280 5080 2348 5123 non
2367 5079 2449 5126 con·

467 5153 597 5227 scieas,
617 5147 672 5215 alii
705 5148 865 5234 latentur,
892 5150 1018 5214 detrahi
1046 5148 1306 5213 iustificationem
1329 5149 1433 5231 operi·
1475 5142 1639 5210 fundetur.
1667 5145 1741 5208 Non
1763 5155 1816 5209 est
1836 5147 1920 5210 enirn
1941 5145 2115 5209 discrimen
2138 5145 2248 5211 iudaei
2265 5144 2448 5224 etGraeci,

467 5235 530 5299 bus
551 5253 618 5300 non
639 5247 838 5301 renatorum.
869 5232 938 5297 Sed
959 5231 1270 5298 hae-cavillationes
1292 5233 1434 5310 asanis,
1485 5291 1679 5302 ,-......

1475 4910 1535 4974 per
1557 4893 1692 4956 Omnes.
1736 4890 1797 4955 Hic
1818 4893 1957 4976 repetita
1979 4903 2032 4955 est
2051 4890 2215 4974 particula
2236 4890 2448 4970 universalis,

473 5443 668 5452 -.-.....,.
1475 5385 1521 5447 37)
1541 5383 1702 5447 universalis]
1721 5384 1794 5436 editt
1816 5388 1836 5436 l.
1854 5386 1878 5435 3.
1897 5382 1963 5434 utilis

467 5511 513 5572 aa)
532 5510 713 5572 renaturus.
731 5508 771 5555 aa.
791 5509 832 5554 ar.
850 5505 891 5558 aa.
908 5505 949 5557 tc.
967 5508 1084 5565 ar-aa,
1102 5505 1164 5565 oon.
1186 5504 1206 5549 r.
1226 5506 1249 5549 a.
1272 5512 1362 5554 renea
1475 5486 1521 5543 68)
1539 5483 1624 5548 areu]
1642 5485 1716 5537 Edit·
1739 5487 1827 5537 1-15·
1847 5487 1885 5535 ¹⁹·
1905 5484 1977 5534 oren

467 5594 514 5655 oc)
532 5592 565 5652 iti,
583 5594 663 5645 obeat
679 5593 715 5646 ad
732 5591 803 5644 Edita
826 5592 896 5643 ·-ι.
915 5593 939 5641 ι.
958 5592 981 5642 7.
999 5592 1023 5642 ιι.
1308 5631 1311 5638 ,
1474 5586 1521 5648 ιιι)
1540 5585 1620 5648 eom]
1636 5586 1707 5638 Editt
1730 5588 1801 5638 i-a.
1819 5589 1843 5636 t.
1863 5587 1885 5638 ι.
1903 5589 1927 5634 9.
1947 5585 1986 5632 12.
2005 5585 2084 5644 iiiam,
