5859 6734
468 673 531 739 sn

918 670 942 734 l.
965 663 1068 735 LOCl
1088 661 1364 733 THEOLOGle
1386 665 1426 731 C.
1448 662 1661 733 SECUNDA
1679 664 1839 731 EORUM
1858 666 2014 733 AETAS.

624 862 747 937 siones,
768 858 885 942 Neque
902 868 1011 921 tamen
1028 852 1181 940 intelligit
1203 864 1321 919 natura
1341 851 1445 917 homi·
1489 862 1618 937 partem
1638 852 1786 931 rationis,
1808 852 1869 917 scd
1890 854 2038 937 spiritum
2055 866 2206 921 sanctum
2228 852 2310 921 divi·

624 943 814 1031 nislegeru,
834 961 1041 1027 aequavere
1064 944 1293 1022 obtemperare
1314 948 1441 1020 potest:
1490 939 1578 1001 nitus
1600 936 1757 1001 donatum
1776 938 1817 1002 iis
1835 939 1894 1086 gni
1913 939 2062 1003 credunt.
2095 938 2179 1005 Cam
2199 952 2311 1021 autem

505 1036 546 1098 ιι,
565 1034 591 1087 b.
624 1049 732 1113 neque
759 1027 1031 1112 promissionibus
1060 1027 1132 1089 sine
1164 1024 1366 1087 dubitatione
1392 1042 1445 1085 as·
1490 1018 1735 1105 spiritns'aliud
1756 1022 1835 1106 quid
1857 1042 1910 1085 um
1933 1025 1976 1087 sit
1997 1044 2095 1108 quam
2115 1036 2310 1091 nostrane·

623 1116 772 1180 sentitur.
816 1111 930 1183 Quare
956 1130 974 1174 s
996 1120 1138 1174 naturae
1165 1108 1334 1189 corruptio
1366 1124 1444 1170 con·
1489 1116 1575 1183 tura,
1596 1124 1731 1171 curnem
1750 1102 1890 1193 intelligi
1907 1126 2047 1171 necesse
2063 1119 2114 1171 est
2132 1120 2235 1175 totam
2251 1131 2310 1175 na·

623 1199 802 1274 sideretur,
833 1193 933 1259 facile
964 1195 1091 1260 videbis
1124 1192 1214 1278 quod
1246 1191 1346 1255 bomo
1377 1210 1445 1254 non
1490 1200 1596 1254 turam
1604 1189 1745 1255 hominis
1761 1208 1896 1255 sensnm
1913 1204 1946 1257 et
1960 1194 2131 1257 rationem.
2163 1193 2207 1258 Et
2223 1196 2311 1261 idem

667 1293 733 1346 test
752 1281 992 1364 praestare'int
1052 1298 1105 1342 arn
1133 1277 1351 1342 obedientiam
1381 1277 1444 1376 dei.
1491 1273 1537 1337 lo.
1559 1273 1591 1337 3.
1615 1279 1681 1354 [vs.
1692 1274 1739 1355 6.]
1762 1274 1975 1363 significatur.
2007 1277 2111 1381 'Quod
2127 1290 2240 1343 natum
2258 1284 2310 1343 'est

623 1378 760 1516 titii„
777 1360 1445 1532 iiiittttiiiiiffltiii
1490 1378 1779 1509 mimmii
1799 1360 2310 1513 :iaist‘tiiiitsfftff

623 1539 669 1600 ita
691 1534 833 1601 delirant
854 1533 931 1618 qnia
952 1553 1018 1597 non
1041 1533 1074 1595 vi
1098 1542 1154 1595 ent
1177 1540 1300 1614 quanta
1328 1531 1380 1593 vis
1402 1529 1445 1593 sit
1491 1525 1568 1591 Cor.
1590 1526 1621 1591 3.
1646 1526 1768 1607 [vsi]
1789 1526 1901 1595 Litera
1922 1532 2053 1610 occidit,
2074 1532 2208 1616 spiritus
2229 1532 2311 1597 vivi·

648 1621 771 1699 eccati,
799 1629 832 1683 ει
860 1628 984 1702 quanta
1004 1618 1053 1680 sit
1077 1616 1244 1697 corruptio
1271 1616 1304 1677 in
1325 1624 1445 1677 natura
1489 1609 1578 1675 licat.
1626 1609 1718 1698 Ergo
1749 1609 1903 1678 voluntas
1930 1614 2074 1681 bumana
2102 1636 2168 1680 non
2198 1627 2311 1702 potest

623 1642 777 1769 Karnana.
821 1702 876 1767 Ad
896 1701 981 1767 baec
1002 1702 1167 1765 somniant
1187 1697 1254 1785 legi
1276 1698 1329 1762 dci
1347 1699 1445 1762 satis·
1490 1696 1563 1759 sine
1585 1697 1701 1779 spiritu
1729 1708 1848 1761 sancto
1875 1696 2045 1763 siviiicari.
2087 1698 2198 1766 Vocat
2221 1704 2308 1767 enim

625 1789 697 1853 fleri
724 1807 785 1872 per
812 1806 915 1872 opera
936 1799 1080 1852 externa.
1114 1784 1204 1870 qnod
1231 1792 1284 1848 est
1304 1780 1443 1847 falsissi-
1489 1781 1534 1851 ibi
1552 1777 1643 1844 clare
1665 1781 1813 1865 spiritum
1834 1782 1983 1865 spiritum
2004 1782 2144 1863 Christi,
2173 1790 2248 1873 quu'
2260 1787 2309 1849 in·

623 1892 722 1937 mum.
1490 1866 1560 1950 quit
1579 1883 1643 1929 nos
1664 1864 1909 1946 transformari,
1935 1877 1972 1931 nt
1999 1868 2096 1933 deum
2123 1872 2309 1955 agnoscere

667 1954 811 2021 Primum
838 1955 938 2042 igitur
965 1956 1013 2019 sic
1043 1952 1128 2018 tollit
1157 1954 1307 2017 doctrina
1334 1949 1444 2016 Evan-
1490 1960 1524 2014 et
1537 1950 1568 2014 ei
1581 1952 1717 2016 credere
1726 1953 1903 2037 possimus.
1928 1948 2058 2019 literam
2071 1965 2171 2019 vocat
2181 1974 2310 2019 omnem

648 2038 702 2105 alii
723 2040 781 2106 lib.
804 2041 991 2118 arbitrium,
1020 2039 1112 2124 quod
1139 2038 1238 2101 docet
1258 2038 1292 2100 in
1313 2036 1445 2100 bomine
1490 2034 1689 2114 doctrinam,
1730 2037 1898 2113 notitiam,
1930 2038 2057 2103 'bonam
2098 2040 2310 2123 intentionem

622 2060 814 2190 lon-{bilem
836 2126 1080 2208 corruptionem
1108 2142 1185 2187 esse
1206 2138 1291 2206 qnae
1313 2130 1444 2185 natura·
1490 2128 1591 2203 atque
1610 2122 1699 2184 bona
1717 2138 1820 2205 opera
1835 2115 1925 2184 iacta
1942 2133 2064 2186 conatu
2073 2126 2221 2190 rationis.
2244 2145 2312 2212 qua

623 2208 699 2275 liter
721 2221 883 2295 repugnat
911 2207 978 2293 legi
1007 2210 1071 2287 dci,
1098 2217 1132 2271 et
1153 2206 1241 2271 banc
1263 2205 1445 2288 corruptio·
1511 2205 1681 2267 utatratlo
1702 2202 1828 2291 selegi
1853 2204 1907 2269 dei
1928 2202 2123 2271 satisfacere
2138 2227 2202 2273 nec
2221 2210 2311 2276 uidet

504 2336 507 2343 -
623 2308 700 2359 n'em
716 2314 785 2358 non
806 2305 917 2377 potest
938 2293 1082 2357 bumana
1103 2288 1257 2355 voluntas
1277 2310 1338 2375 per
1366 2308 1445 2354 sese
1524 2288 1618 2353 terim
1642 2286 1759 2373 quales
1789 2290 1896 2353 morbi
1926 2288 2087 2355 haereant
2116 2293 2151 2356 in
2182 2296 2310 2357 animis.

624 2376 743 2457 tollere
760 2399 802 2441 ex
818 2390 948 2455 natura,
966 2370 1052 2440 sicut
1068 2394 1176 2460 neque
1192 2374 1342 2473 mortem,
1360 2391 1445 2457 quae
1489 2371 1533 2435 Et
1549 2374 1627 2458 qnia
1648 2368 1777 2459 affingit
1792 2374 1876 2467 ratio
1894 2372 2060 2439 bominem
2073 2388 2209 2481 propter
2226 2374 2312 2443 iraec

625 2472 678 2526 est
698 2464 945 2545 propriissimus
973 2460 1110 2524 effectus
1136 2461 1234 2523 istius·
1261 2458 1444 2604 corrupqtio·
1491 2474 1593 2541 opera
1612 2458 1734 2524 iustum
1762 2478 1858 2538 esse,
1886 2458 1975 2523 banc
1995 2480 2246 2544 persuasionem
2269 2463 2310 2528 de

624 2547 677 2610 nis
697 2565 758 2627 per
778 2564 855 2609 sesa
875 2556 988 2628 potest
1009 2564 1052 2609 cx
1071 2554 1190 2609 natura
1210 2540 1340 2607 tollere.
1401 2562 1445 2605 on
1491 2540 1578 2627 leg'e,
1599 2552 1699 2607 vocat
1719 2540 1845 2611 Paulus
1865 2546 1911 2609 ibi
1931 2542 2100 2624 velamen,
2129 2567 2201 2631 quo¹
2222 2546 2310 2611 blosi

623 2641 736 2713 potest
756 2648 817 2714 per
836 2646 914 2693 sese
936 2627 1069 2693 efficere
1097 2639 1134 2693 ιιι
1159 2640 1278 2693 ιιειιιιε
1297 2636 1446 2713 praestet
1490 2624 1595 2691 iacies
1631 2636 1720 2692 tecta
1750 2627 1834 2709 luit,
1860 2620 2021 2695 ¹videlicet
2047 2629 2110 2694 has
2138 2634 2310 2717 opiniones

623 2717 786 2800 integram
808 2714 1023 2778 obedientiam
1044 2711 1111 2797 legi
1133 2714 1196 2776 dei.
1376 2782 1379 2791 ¹
1491 2712 1581 2797 quod
1607 2710 1700 2797 legit
1724 2714 1775 2778 dci
1802 2710 2006 2780 satisfaciant
2035 2722 2173 2781 externa
2200 2714 2309 2782 civilia
2344 2731 2385 2791 ιι,
2401 2728 2426 2780 b.

711 2798 819 2871 Quum
838 2798 939 2883 igitur
959 2798 1125 2881 quaeritur
1147 2798 1189 2861 de
1210 2794 1273 2860 lib.
1297 2796 1445 2875 arbitrio,
1491 2813 1594 2879 opera
1625 2807 1658 2862 et
1698 2799 1808 2863 bonae
1844 2798 2052 2863 intentiones.
2106 2800 2188 2867 ltenr
2220 2803 2311 2887 quod

624 2886 768 2949 sciamus
788 2884 966 2967 praecipue
987 2884 1116 2967 quaeri,
1143 2900 1212 2946 non
1234 2880 1276 2945 de
1298 2883 1444 2945 externis
1490 2883 1760 3051 lirfgoeffalsllplln
1760 2881 1990 3035 ιιιιξιιιιὲὶδειῖζιιίἓῒι
2001 2883 2096 3119 1ξέιῖῒὶ
2099 2885 2180 3035 {ff
2181 2887 2309 3035 giempess.

623 2966 722 3033 iactis
744 2966 895 3046 bominis,
917 2967 978 3031 sed
1000 2968 1042 3031 de
1062 2967 1136 3049 ipsa
1152 2976 1272 3030 natura
1289 2974 1322 3029 et
1339 2966 1380 3029 de
1397 2967 1444 3029 in·

623 3054 798 3118 terioribus
831 3053 973 3117 motibus
1008 3070 1090 3136 erga
1122 3051 1228 3115 deum.
1277 3047 1444 3115 Voluntas
1490 3050 1598 3114 donec
1619 3050 1799 3117 liberentur
1819 3073 1880 3138 por
1899 3052 2130 3143 Evangelnm,
2152 3057 2242 3141 quod
2259 3075 2310 3119 ra·

622 3157 690 3202 non
711 3148 823 3221 potest
844 3139 916 3201 sine
937 3137 1055 3221 spiritu
1081 3147 1199 3200 sancto
1221 3135 1364 3200 abiicere
1385 3136 1444 3201 dn·
1490 3132 1580 3199 velat
1595 3148 1769 3219 peccatum
1789 3149 1824 3202 ει
1841 3140 1985 3205 ostendit
2001 3141 2259 3207 misericordiam
2276 3150 2310 3205 et

623 3224 814 3288 bitationem
832 3224 873 3287 de
891 3223 965 3300 deo,
983 3239 1061 3285 vere
1078 3222 1194 3285 timere
1206 3222 1313 3298 deum,
1330 3237 1444 3285 veram
1489 3217 1588 3284 aliam
1609 3222 1772 3304 quandam
1793 3224 1949 3289 iustitiam
1970 3223 2202 3311 praeterlegis
2219 3226 2310 3289 iusti·

623 3306 1035 3372 iiduciamrnisericordiae
1052 3305 1104 3369 dei
1123 3306 1308 3388 concipere,
1331 3322 1444 3368 veram
1488 3306 1577 3367 tiam.
1599 3302 1646 3368 lo.
1669 3306 1701 3370 3.
1724 3310 1788 3385 [rs.
1806 3306 1839 3373 3.
1847 3314 1869 3389 t]
1896 3308 1968 3373 Nisi
1990 3310 2065 3395 quis
2086 3318 2307 3374 renatusetc

623 3391 842 3455 obedientiam
864 3393 897 3453 in
920 3400 1087 3491 mortecet
1114 3386 1187 3453 aliis
1210 3386 1443 3490 afflictionibus
1488 3386 1640 3471 Requirit
1665 3401 1699 3454 ει
1723 3390 1779 3455 bic
1805 3388 1920 3473 locus,
1946 3403 1984 3458 nt
2005 3412 2219 3460 renascamur
2245 3394 2311 3479 spi·

622 3483 856 3641 pimltlastllgererl
872 3470 1136 3619 lliuelewillllllssls
1152 3472 1443 3620 momlileloelrlffi
1488 3472 1746 3628 glrlsrsemnortrlnra
1773 3558 1916 3625 hominis
1948 3562 2021 3627 sine
2089 3554 2163 3633 irltu
2192 3578 2308 3631 sancto

623 3659 690 3704 non
712 3649 764 3702 est
785 3650 911 3705 tantum
934 3651 1070 3705 extunc
1099 3640 1128 3703 ci
1176 3642 1209 3705 ia
1236 3638 1326 3704 iacta
1348 3659 1443 3725 prae·
1488 3659 1556 3705 non
1581 3637 1692 3725 placet
1718 3640 1813 3725 Deo,
1845 3664 1912 3709 non
1939 3644 2041 3713 babet
2078 3653 2222 3716 ustitiam
2254 3663 2310 3715 ant

623 3734 724 3801 stare,
746 3724 807 3791 sed
828 3724 953 3790 habere
969 3724 1117 3789 notitiam
1134 3725 1186 3788 dei
1204 3724 1342 3804 firmam,
1363 3744 1443 3789 vere
1489 3726 1590 3790 vitam
1617 3734 1785 3793 aeternam
1818 3736 1887 3795 etc(
1922 3732 1951 3795 l.
1975 3730 2054 3799 Gor.
2074 3734 2108 3801 i.
2148 3734 2309 3801 Animalis

624 3811 737 3873 timere
760 3810 872 3887 deum,
903 3828 982 3873 vere
1010 3810 1147 3873 credere
1168 3820 1230 3874 etc.
1274 3808 1360 3875 Sunt
1388 3830 1443 3874 au·
1488 3809 1589 3875 borao
1624 3822 1687 3876 etc.
1742 3814 1915 3903 Significat
1940 3814 2038 3883 'enim
2075 3820 2241 3906 psicbicos
2262 3824 2308 3899 ⁵⁴)

539 3955 546 3981 ‚
582 3954 588 3969 ,
623 3906 688 3959 ιειιι
709 3895 830 3979 ubique
858 3895 956 3957 obvia
983 3894 1243 3959 testimonialia
1271 3895 1442 3978 sumpturis
1487 3894 1653 3961 bominem
1683 3900 1849 3967 viventem
1880 3904 1951 3969 vita
1973 3904 2134 3985 naturali,
2164 3904 2231 3969 hoc
2257 3917 2310 3969 est

624 3998 709 4063 quae
729 3977 794 4042 hoc
816 3979 937 4042 docent
954 3980 1044 4063 qnod
1065 3979 1269 4045 iamdictam
1290 3992 1356 4058 est,
1384 4000 1443 4045 na·
1488 4000 1591 4046 sensu
1607 3994 1641 4047 et
1656 3984 1784 4049 ratione
1800 3986 1943 4053 naturali
1964 3990 2036 4053 sine
2052 3992 2168 4074 spiritu
2179 4003 2307 4073 sancto,

624 4075 729 4129 turam
757 4082 834 4127 esse
863 4063 1046 4127 subiectam
1073 4074 1217 4149 peccato
1245 4084 1310 4129 nec
1341 4084 1443 4151 posse
1488 4066 1547 4133 Sic
1573 4068 1660 4131 enim
1680 4066 1806 4135 Paulus
1834 4072 1992 4137 discernit
2017 4092 2058 4139 eo
2085 4072 2162 4163 loco
2187 4078 2309 4141 anima-

622 4168 683 4233 per
709 4166 786 4211 sese
811 4144 944 4213 liberari
978 4169 998 4212 a
1026 4168 1089 4213 sua
1121 4152 1348 4233 corruptione,
1379 4170 1443 4214 nec
1487 4148 1554 4217 leur
1574 4172 1598 4217 ιι
1616 4150 1787 4237 spirituali.
1825 4152 1935 4223 ltus·
1960 4162 2025 4237 [vs.
2045 4158 2126 4239 lta]
2146 4156 2228 4235 'Qut
2250 4163 2308 4227 du·
2372 4227 2377 4235 ,

622 4250 723 4317 posse
743 4231 851 4317 legem
873 4235 926 4298 dei
946 4230 1068 4311 iacere,
1089 4253 1153 4297 nec
1169 4252 1272 4315 posse
1288 4237 1360 4299 sine
1377 4234 1442 4319 spi·
1488 4244 1609 4301 cuntur
1636 4238 1753 4322 spiritu
1786 4240 1839 4305 dei
1870 4252 1934 4307 etc.
1978 4242 2059 4311 ltem
2086 4250 2152 4325 [rs.
2175 4242 2209 4309 9.
2217 4252 2240 4329 2]
2272 4246 2308 4312 Si

622 4319 687 4381 ritu
708 4330 824 4381 sancto
846 4317 1022 4402 concipere
1042 4328 1151 4382 motus
1214 4317 1374 4398 immulas,
1403 4320 1442 4385 ti·
1488 4320 1735 4470 ffi'rtrpiritnm
1756 4322 1879 4391 cinari
1898 4346 1967 4391 non
1987 4326 2089 4395 babet
2108 4330 2140 4395 Ιε
2166 4350 2234 4396 non
2255 4342 2308 4397 est

622 4420 747 4466 morem
764 4403 815 4467 dei
827 4412 860 4465 ει
875 4421 989 4468 veram
1006 4401 1170 4467 fiduciam.
1253 4402 1305 4468 .8.
1319 4411 1384 4485 [vs.
1396 4405 1441 4483 7.]
1600 4408 1622 4467 “.
1664 4404 1716 4472 Ειι
1731 4407 1785 4473 his
1805 4412 1977 4479 sententiis
1998 4424 2033 4479 et
2052 4412 2212 4481 sinilibus
2237 4414 2308 4506 pla·

623 4484 751 4549 Sensus
773 4488 882 4551 carnis
900 4488 1067 4551 inimicitia
1088 4498 1151 4551 etc.
1195 4486 1257 4552 llic
1275 4489 1368 4554 vides
1385 4508 1442 4573 pa·
1487 4509 1566 4554 num
1597 4490 1635 4555 fit
1671 4490 1875 4563 voluntatem
1907 4498 2049 4567 bominis
2085 4498 2158 4569 sine
2190 4507 2306 4573 siritu

622 4568 688 4633 lam
724 4573 837 4656 negari
850 4574 895 4655 ὅ3)
926 4592 1059 4637 carnem
1085 4590 1188 4655 posse
1215 4574 1349 4638 obedire
1375 4573 1442 4661 legi
1488 4585 1604 4665 sancto
1627 4595 1694 4640 non
1716 4598 1817 4663 posse
1838 4582 2020 4667 spiritualia
2045 4606 2148 4671 opera
2230 4610 2305 4659 cere

623 4654 685 4717 dei.
730 4655 815 4719 Nam
842 4659 902 4720 etsi
931 4668 1067 4721 externa
1088 4676 1191 4741 opera
1217 4655 1302 4743 legis
1331 4656 1442 4723 lacere
1488 4657 1615 4724 scilicet
1636 4680 1751 4727 verum
1773 4667 1922 4732 timorem
1939 4670 2003 4747 dei,
2024 4690 2137 4737 reram
2154 4670 2304 4739 fiduciam

558 4744 561 4752 “
622 4749 737 4819 potes,
766 4750 874 4803 tamen
902 4742 1040 4806 haerent
1067 4742 1100 4805 in
1130 4744 1246 4806 animis
1277 4745 1441 4828 ignoratio
1488 4745 1557 4824 dei,
1580 4766 1693 4811 varam
1714 4746 1922 4816 dilectionem
1943 4762 2006 4817 etc.
2050 4754 2215 4823 Secundo.
2237 4780 2304 4823 ma·

624 4823 687 4899 dei,
709 4825 879 4902 dubitatio,
901 4837 1119 4909 contemptus,
1142 4825 1332 4905 diffidentia,
1351 4839 1383 4891 et
1398 4829 1442 4892 si·
1486 4839 1542 4893 net
1562 4840 1671 4896 tamen
1692 4830 1737 4898 ali
1759 4856 1803 4899 na
1824 4831 2005 4902 voluntatis
2021 4838 2184 4906 hnmanae
2205 4840 2303 4907 liber-

623 4904 717 4969 miles
738 4910 853 4972 morbi.
895 4911 938 4974 Et
959 4914 991 4975 in
1013 4911 1065 4974 his
1087 4913 1256 4976 sententiis
1274 4913 1441 4978 sciendum
1486 4916 1592 4978 tasin
1614 4928 1733 4981 natura
1778 4920 1903 4985 ominis.
1925 4933 2035 5006 potest
2056 4926 2141 4989 enim
2161 4926 2304 4993 humana

623 5003 686 5069 est,
704 4994 793 5077 quod
811 5014 889 5058 caro
911 4996 1073 5081 significet
1098 5008 1200 5062 totam
1221 4996 1362 5062 hominis
1383 5018 1441 5061 na·
1486 4998 1642 5065 voluntas
1669 5000 1781 5067 alitro
1809 5007 1908 5070 modo
1935 5008 2009 5073 sine
2041 5011 2157 5094 spiritu
2185 5022 2301 5075 sancto

623 5088 739 5157 turam,
762 5096 895 5142 sensum
913 5090 946 5143 ct
966 5083 1124 5149 rationem
1146 5085 1217 5147 sine
1234 5084 1349 5167 spiritu
1365 5102 1440 5145 san·
1484 5083 1507 5146 i.
1537 5103 1565 5148 c.
1593 5084 1666 5149 sine
1697 5084 1720 5149 il
1782 5092 1995 5155 renovatione
2027 5090 2139 5158 iacere
2167 5106 2303 5161 externa

624 5173 690 5224 cto.
739 5162 775 5227 ld
807 5159 961 5227 facillime
992 5168 1119 5231 ostendi
1148 5179 1262 5313 potest
1295 5187 1335 5231 ex
1367 5169 1441 5249 ipso
1487 5186 1589 5251 opera
1610 5167 1706 5255 legis.
1750 5170 1951 5240 sicutenim
1977 5176 2011 5238 in
2032 5188 2149 5242 natura
2170 5187 2302 5243 manent

622 5244 738 5310 Paulo.
762 5248 839 5332 quia
860 5250 1007 5334 spiritum
1029 5259 1127 5313 vocat
1172 5253 1237 5316 aud
1258 5252 1356 5317 dubie
1373 5269 1440 5317 non
1484 5252 1637 5318 iudicium
1666 5265 1699 5318 ει
1732 5254 1879 5323 delectus
1906 5259 2045 5326 aliarum
2076 5281 2185 5327 rernm
2216 5280 2302 5346 quae

472 5416 674 5435 ρ·-
1490 5424 1689 5439 -———-

470 5515 518 5579 st)
536 5516 636 5579 nestri]
654 5518 691 5569 sie
708 5518 732 5569 tn
749 5518 795 5570 iis.
819 5522 917 5570 mutata
935 5522 995 5571 sunt
1011 5515 1114 5588 εοεαε
1131 5504 1231 5570 Patri
1246 5521 1316 5582 prins
1336 5521 1437 5584 scripu.
1483 5524 1530 5584 54)
1548 5523 1564 5575 ἰ
1583 5535 1606 5576 ε.
1625 5521 1745 5590 ψυχικόε

2252 5625 2302 5678 it‘
