5859 6734
531 635 596 702 64⁷
1134 635 1247 702 PHlL.
1268 635 1372 702 MEL.
1394 635 1582 706 SCRIPTA
1603 636 1880 705 DOGMA'DGA.
2387 651 2398 668 '
2469 641 2537 714 848

531 826 694 898 etsisunt
709 837 819 887 nrotus
841 834 990 886 errantes
1013 833 1047 886 et
1068 824 1229 908 quaedam
1252 823 1376 889 ordinis
1394 821 1509 889 eoniu-
1554 823 1707 905 sanem,
1758 823 1843 890 uelis
1866 840 1934 906 est,
1957 839 1991 892 et
2013 825 2123 893 Saulis
2146 827 2302 894 voluntas
2325 843 2377 895 est
2398 834 2534 917 proprie

531 909 602 988 sio,
629 922 666 973 ut
694 910 723 970 si
748 909 843 971 navis
873 909 945 973 sine
975 904 1058 972 velis
1082 921 1115 972 et
1135 911 1235 973 remis
1257 909 1347 974 varie
1368 909 1509 974 iactetur
1555 931 1677 976 caussa
1697 932 1730 974 m
1786 913 1976 977 eactionis.

530 995 639 1061 ventis
660 1007 692 1056 et
715 990 882 1077 procellis.
926 991 1018 1058 Haec
1038 995 1148 1078 imago
1172 1005 1338 1078 utcunque
1359 992 1509 1058 declarat
1640 995 1738 1068 Quod
1764 1016 1845 1060 vero
1874 995 1928 1063 hic
1957 1000 2043 1061 dicta
2087 997 2225 1062 uaedam
2248 1000 2463 1080 obiiciantur,
2497 1015 2534 1068 ut

530 1077 607 1144 illos
630 1076 792 1144 desectus.
836 1078 881 1142 Ut
898 1090 1026 1154 autem,
1055 1079 1162 1142 donec
1182 1091 1293 1143 manet
1308 1081 1416 1157 navis,
1439 1098 1508 1144 ma-
1553 1079 1668 1144 lerem.
1700 1080 1751 1146 10.
1781 1087 1845 1158 [vs.
1874 1081 1940 1165 ib]
1971 1083 2061 1161 Scio,
2118 1085 2243 1162 omine,
2277 1087 2366 1168 quod
2388 1106 2458 1150 non
2480 1099 2534 1152 est

530 1176 610 1230 nent
631 1176 741 1230 motus
763 1162 883 1249 uliqui;
915 1166 976 1240 ita,
1000 1165 1105 1228 donec
1126 1166 1208 1228 vivit
1229 1164 1341 1242 homo,
1362 1183 1507 1250 quocun·
1553 1163 1695 1232 hominis
1716 1168 1770 1230 via
1793 1168 1875 1246 eius,
1898 1189 1960 1233 nec
1982 1179 2034 1232 est
2051 1169 2113 1233 viri
2125 1169 2268 1254 dirigere
2279 1189 2420 1255 gressus
2432 1192 2534 1248 suos3

553 1272 595 1315 ue
615 1252 715 1316 modo
738 1247 839 1334 aliqui
860 1261 980 1327 motus,
1001 1246 1181 1333 quamlibet
1203 1263 1354 1316 errantes
1377 1259 1411 1314 et
1429 1268 1507 1315 con·
1552 1249 1624 1315 Etsi
1645 1247 1732 1317 infra
1752 1253 1785 1316 in
1807 1251 1902 1317 titulo
1921 1255 1963 1317 de
1983 1251 2089 1318 libero
2111 1255 2246 1319 arbitrio
2269 1253 2352 1319 haec
2371 1257 2459 1330 dicta
2476 1277 2534 1322 eur·

529 1272 608 1414 lusi,
628 1346 771 1400 manent.
813 1334 884 1398 Nec
907 1343 1083 1417 propterea
1104 1332 1199 1399 Deus
1221 1347 1273 1400 est
1291 1355 1414 1402 caussa
1430 1353 1507 1418 pec·
1574 1333 1706 1402 licenda
1727 1347 1835 1416 erunt,
1857 1350 1966 1404 tamea
1989 1351 2023 1403 et
2043 1339 2097 1403 hic
2115 1339 2260 1404 breviter
2277 1327 2458 1407 monendus
2477 1355 2533 1408 est

530 1424 606 1488 cati.
657 1420 729 1485 Etsi
761 1421 846 1484 enim
878 1429 1044 1482 sustentat
1077 1418 1313 1505 aliquantisper
1344 1431 1507 1498 naturam,
1551 1357 1674 1487 leuton
1719 1419 1820 1488 Aliud
1859 1434 1910 1488 est
1942 1421 2034 1510 loqui
2065 1425 2108 1488 de
2141 1421 2304 1490 electione
2336 1424 2530 1506 voluntatis,

529 1518 640 1571 tamen
662 1504 813 1569 defectus
835 1501 881 1566 illi
903 1506 937 1567 in
953 1514 1063 1568 mente
1078 1526 1146 1569 non
1164 1503 1353 1571 efficiuntur
1366 1503 1507 1588 abipso,
1552 1503 1640 1572 aliud
1663 1507 1705 1572 de
1726 1519 1847 1574 eventu
1869 1529 1931 1573 seu
1952 1529 2125 1576 successu.
2158 1507 2241 1574 Vult
2262 1508 2435 1594 Pompeius
2457 1511 2531 1577 bel-

531 1589 740 1660 etvoluntas
761 1588 868 1654 libera
883 1587 976 1653 Evae
997 1592 1131 1674 proprie
1153 1603 1186 1656 et
1206 1602 1371 1656 versarat
1384 1609 1507 1654 caussa
1551 1590 1619 1656 lum
1648 1592 1810 1658 adversus
1833 1593 2028 1673 Caesarem,
2061 1605 2093 1659 et
2114 1591 2217 1658 libere
2237 1593 2326 1666 mult,
2349 1597 2409 1660 sed
2429 1617 2530 1662 even-

529 1697 611 1742 suae
632 1677 785 1753 actionis,
807 1695 847 1739 ac
869 1687 989 1759 sponte
1010 1695 1050 1738 se
1067 1677 1187 1740 avertit
1207 1697 1228 1740 a
1243 1675 1329 1740 Deo.
1551 1689 1620 1742 tum
1646 1673 1732 1742 aliae
1759 1676 1880 1743 multae
1902 1699 2044 1746 caussae
2064 1689 2202 1766 regant,
2228 1699 2297 1744 non
2318 1677 2393 1746 sola
2412 1680 2532 1746 volun-

614 1760 803 1826 Goustituta
838 1771 946 1824 autem
978 1761 1042 1826 hac
1074 1763 1254 1841 sententia,
1292 1762 1381 1846 quod
1412 1759 1506 1826 Deus
1552 1773 1605 1828 tas
1638 1760 1792 1847 Pompeii.
1860 1763 1991 1830 Dictum
2025 1766 2125 1851 igitur
2157 1765 2313 1829 ieremiae
2346 1766 2533 1832 doctrinam

528 1849 655 1912 nonsit
677 1865 799 1911 caussa
809 1847 949 1930 peccati,
970 1865 1032 1910 nec
1055 1845 1133 1911 velit
1153 1858 1336 1929 peccatum,
1358 1847 1507 1930 sequitur
1553 1856 1587 1912 et
1607 1844 1832 1914 dulcissimam
1854 1848 2118 1916 consolationem
2141 1853 2296 1916 continet
2342 1849 2405 1917 Via
2426 1850 2533 1916 homi-

529 1933 794 2018 Contingentiam
815 1951 903 2010 esse,
923 1930 990 1996 hoc
1012 1943 1075 2009 est,
1091 1951 1158 1996 non
1176 1933 1296 2010 omnia,
1311 1951 1398 2016 quae
1411 1931 1505 2008 liunt,
1551 1933 1623 2011 nis,
1646 1934 1679 1997 id
1701 1945 1772 2011 est,
1798 1936 1993 2020 gubernatio
2016 1938 2146 2018 privata
2168 1947 2201 1998 et
2221 1935 2354 2020 publica
2376 1937 2534 2002 mandata

528 2021 719 2082 necessario
741 2015 823 2080 fieri.
868 2015 952 2088 Quia
980 2017 1067 2080 enim
1087 2028 1259 2100 peccatum
1282 2028 1390 2080 ortum
1410 2026 1463 2080 est
1485 2036 1506 2079 a
1550 2015 1691 2097 homini,
1719 2040 1780 2083 seu
1801 2022 1949 2098 vocatio,
1977 2041 2045 2084 non
2066 2031 2178 2104 potest
2200 2021 2354 2085 sustineri
2376 2018 2461 2086 solis
2484 2023 2533 2084 vi-

527 2101 698 2168 voluntate
720 2099 854 2166 Diaboli
881 2113 914 2164 et
940 2101 1098 2179 hominis,
1127 2123 1190 2166 nec
1212 2099 1335 2168 factum
1356 2112 1408 2165 est
1428 2099 1504 2165 Deo
1551 2104 1642 2168 ribus
1671 2100 1838 2180 humanis3
1882 2105 1957 2170 Non
1986 2115 2098 2188 potest
2123 2126 2217 2172 mens
2246 2108 2355 2170 omnia
2379 2103 2534 2190 pericula

527 2186 678 2266 volente,
705 2189 756 2250 sic
784 2197 878 2251 erant
900 2188 1051 2251 conditae
1072 2187 1281 2266 voluntates,
1309 2199 1347 2252 ut
1367 2197 1505 2270 possent
1573 2189 1742 2272 rospicere
1770 2200 1803 2253 et
1827 2209 1964 2268 cavere,
1993 2211 2094 2274 saepe
2115 2189 2354 2268 hallucinatur,
2382 2202 2417 2255 ut
2440 2203 2533 2256 errat

527 2295 594 2338 non
620 2291 772 2358 peccare.
816 2271 879 2334 Est
904 2285 1013 2336 autem
1036 2293 1158 2336 caussa
1179 2283 1257 2336 cont
1316 2273 1423 2336 entiae
1444 2290 1504 2335 no·
1550 2211 1656 2337 losias
1690 2271 1813 2339 bellum
1845 2274 1999 2360 Aegypto
2032 2275 2188 2341 inferens.
2232 2277 2284 2340 Ac
2316 2273 2419 2340 multa
2452 2289 2534 2342 sunt

526 2373 670 2424 suarum
695 2359 862 2422 actionum
883 2355 1019 2422 libertas
1040 2355 1231 2422 voluntatis.
1304 2355 1404 2422 thoc
1425 2355 1504 2420 loco
1550 2359 1656 2422 tristia
1685 2370 1794 2424 errata
1821 2361 1964 2424 omnium
1992 2362 2192 2444 sapientum,
2221 2371 2256 2425 ut
2278 2361 2394 2426 Cicero
2417 2359 2532 2426 excla-

526 2446 569 2509 de
607 2443 840 2529 contingentia
878 2442 1094 2509 humanarum
1125 2443 1293 2508 actionum
1328 2439 1505 2592 loquimur,
1550 2455 1633 2508 mat:
1655 2443 1684 2504 0
1706 2465 1759 2509 me
1775 2464 1943 2529 nunquam
1965 2447 2156 2528 sapientem.
2186 2444 2280 2512 Multi
2302 2445 2418 2528 lapsus
2441 2449 2533 2511 acci·

526 2550 593 2594 non
620 2529 663 2592 de
694 2541 880 2592 ceterarum
912 2547 1022 2592 rerum
1050 2529 1210 2606 motibus,
1243 2528 1285 2592 de
1316 2529 1373 2612 qui
1395 2547 1436 2591 us
1470 2527 1504 2590 in
1551 2530 1643 2607 dunt,
1664 2531 1720 2614 qui
1742 2531 1871 2612 pariunt
1882 2527 2092 2595 difficultates
2108 2528 2359 2615 inexplicabiles
2376 2530 2532 2596 humanis

526 2612 681 2700 Physicis
703 2614 884 2678 disseritur.
1552 2612 1716 2693 consiliis,
1750 2627 1784 2678 et
1814 2634 1899 2679 unius
1931 2611 2045 2698 lapsus
2079 2635 2181 2699 saepe
2207 2618 2373 2700 ingentem
2400 2617 2532 2682 ruinam

613 2698 742 2762 Deinde
770 2698 1019 2762 concedendum
1043 2709 1075 2762 et
1101 2698 1166 2761 hoc
1195 2708 1262 2762 est:
1296 2695 1396 2770 Quod
1422 2698 1504 2761 scri·
1551 2697 1667 2778 trahit,
1695 2711 1731 2763 ut
1752 2697 1890 2762 Davidis
1912 2698 2118 2765 adulterium.
2161 2701 2293 2764 Deinde
2315 2703 2410 2764 etiam
2432 2703 2534 2766 bonis

548 2796 623 2850 tura
651 2781 848 2866 Apostolica
874 2783 996 2847 tribuat
1024 2781 1149 2847 homini
1181 2786 1278 2846 etiam
1305 2803 1394 2846 nunc
1425 2793 1504 2866 post
1552 2783 1699 2848 consiliis
1729 2786 1822 2847 etin
1850 2786 1947 2848 bonis
1977 2787 2107 2849 caussis
2136 2805 2238 2868 saepe
2260 2804 2327 2850 non
2350 2788 2534 2869 respondet

524 2807 654 2952 lhpsum
675 2866 861 2933 libertatem
882 2865 1025 2953 aliquam
1047 2866 1213 2954 deligendi
1235 2888 1292 2946 ea,
1320 2887 1405 2951 quae
1427 2879 1505 2930 sunt
1552 2881 1701 2934 eventius.
1734 2866 1881 2932 Possunt
1903 2881 1936 2933 et
1957 2871 2066 2935 subito
2089 2891 2230 2956 magnae
2252 2868 2456 2935 calamitates
2476 2893 2533 2937 ac·

527 2957 678 3019 subiecta
694 2954 827 3031 rationi,
857 2965 890 3017 et
910 2951 1053 3018 faciendi
1070 2964 1206 3017 externa
1228 2972 1330 3037 opera
1350 2952 1505 3015 mandata
1553 2954 1680 3031 cidere,
1707 2973 1792 3039 quae
1814 2974 1960 3020 summos
1983 2973 2023 3018 ex
2046 2975 2108 3019 suo
2132 2955 2267 3041 fastigio
2290 2955 2463 3035 deiiciunt,
2495 2969 2533 3023 ut

525 3039 603 3126 lege
625 3039 700 3104 Dei.
744 3039 822 3104 ldeo
850 3039 937 3102 enim
965 3039 1087 3102 iustitia
1107 3038 1208 3123 Legis
1236 3039 1355 3102 dicitur
1381 3037 1506 3100 iustitia
1552 3059 1632 3103 vere
1653 3040 1827 3122 dicitur¹):

526 3127 649 3202 omnis,
671 3125 748 3209 quia
769 3123 895 3189 viribus
910 3121 1008 3188 huius
1030 3133 1166 3188 nanuae
1188 3134 1323 3187 externa
1340 3118 1505 3186 illadisci-
1636 3123 1753 3188 (lmnia
1775 3135 1852 3188 sunt
1872 3122 2038 3189 hominum
2061 3127 2149 3189 tenui
2170 3127 2346 3208 pendentia
2368 3123 2435 3202 iilo,

548 3211 615 3276 lina
635 3221 803 3295 utcunque
823 3211 987 3292 praestari
1006 3219 1134 3294 potest,
1155 3220 1193 3273 ut
1211 3209 1288 3272 dicit
1308 3206 1434 3272 Paulus
1457 3207 1503 3286 [l.
1704 3207 1746 3272 Et
1768 3210 1877 3273 subito
1900 3229 1992 3288 casu,
2015 3230 2101 3294 quae
2118 3209 2265 3290 valuere,
2288 3221 2394 3276 ruunt.

525 3235 606 3360 lim.
631 3297 661 3376 l,
682 3295 745 3376 9.]:
771 3295 842 3359 Lex
864 3307 916 3359 est
937 3295 1066 3359 iniustis
1087 3296 1196 3378 posita
1203 3339 1214 3372 ,
1235 3294 1269 3357 id
1290 3305 1360 3371 est,
1382 3295 1425 3358 ad
1447 3312 1503 3356 co·
1635 3292 1689 3358 De
1716 3294 1769 3358 his
1798 3295 1898 3358 tantis
1921 3295 2174 3378 impedimentis,
2198 3298 2239 3360 de
2260 3293 2444 3361 infirmitate
2466 3293 2533 3360 hu·

525 3383 714 3447 lrerccndos
747 3402 813 3445 non
847 3391 983 3444 renatos
1015 3392 1048 3444 et
1070 3381 1254 3464 puniendos
1277 3390 1502 3443 contumaces.
1550 3399 1646 3444 nana
1668 3389 1702 3442 et
1723 3379 1943 3444 inconstantia
1964 3401 2074 3444 rerum
2096 3379 2323 3458 humanarum,
2345 3399 2429 3464 quae
2446 3378 2533 3443 mul-

526 3468 605 3531 ltem
650 3463 740 3546 [Gal.
773 3465 810 3544 3,
841 3466 929 3544 ild.]:
974 3465 1045 3528 Lex
1077 3475 1130 3530 est
1162 3463 1394 3549 Paedagogus.
1450 3460 1503 3527 Ac
1549 3475 1601 3529 tas
1622 3462 1723 3529 habet
1743 3485 1884 3530 arcanas
1906 3483 2058 3543 caussas,
2081 3467 2295 3531 concionatur
2312 3465 2480 3543 ieremias,
2499 3480 2534 3530 et

525 3553 589 3616 nisi
610 3549 694 3616 haec
714 3549 853 3614 libertas
875 3549 985 3635 aliquo
1007 3550 1106 3616 modo
1127 3547 1256 3635 reliqua
1277 3561 1370 3614 esset
1389 3549 1423 3612 in
1445 3567 1503 3611 na·
1549 3546 1647 3614 simul
1669 3549 1766 3613 docet
1788 3547 1969 3635 oonhrgere
1992 3551 2033 3614 ad
2056 3549 2179 3628 Deum,
2202 3563 2234 3612 et
2252 3554 2293 3615 ub
2316 3552 2389 3634 ipso
2413 3562 2531 3636 petere

526 3650 615 3718 tura,
645 3633 737 3701 nulla
766 3633 889 3700 utilitas
911 3646 1002 3699 esset
1022 3635 1149 3722 Legum
1178 3646 1211 3700 et
1232 3633 1445 3718 lmperiorum
1468 3643 1501 3696 et
1550 3646 1645 3699 etex
1670 3645 1782 3698 ecture
1803 3637 2073 3719 gubernationem
2096 3647 2129 3700 ct
2146 3633 2310 3700 auxilium.

526 3725 625 3786 totius
659 3720 765 3788 civilis
798 3721 1059 3806 gubernationis·
1117 3719 1231 3784 Manet
1258 3721 1359 3806 igitur
1391 3716 1503 3802 aliqua
1635 3657 1697 3783 ilic
1725 3722 1735 3783 i
1761 3722 1826 3784 itur
1852 3721 2090 3802 promissiones
2112 3721 2274 3786 tenendae
2297 3732 2374 3785 sunt
2398 3719 2530 3798 [Matth.

525 3807 673 3884 libertas,
696 3827 793 3892 quae,
814 3815 851 3870 ut
872 3807 949 3884 dixi,
972 3804 1047 3869 fons
1070 3817 1122 3868 est
1144 3803 1408 3888 contingentiae.
1550 3803 1603 3884 10,
1624 3806 1709 3884 204:
1732 3743 1807 3869 Dori
1829 3824 1892 3867 vos
1915 3805 2006 3883 estis,
2028 3807 2083 3890 qui
2103 3804 2282 3891 loquimini,
2305 3806 2366 3870 sed
2387 3804 2531 3889 Spiritus

610 3893 707 3966 Quod
728 3912 809 3958 vero
832 3893 951 3956 dicitur
961 3890 1055 3955 Deus
1077 3891 1294 3958 determinare
1312 3891 1503 3972 contingen·
1549 3889 1658 3954 Patris
1696 3892 1799 3953 vestri
1832 3887 2005 3968 coelestis,
2042 3893 2097 3974 qui
2133 3893 2165 3954 in
2199 3893 2294 3955 vobis
2329 3903 2391 3954 est.
2447 3889 2530 3955 ltem

525 3979 589 4057 tia,
621 3977 799 4044 discrimen
831 3977 1007 4040 tenendum
1040 3987 1104 4038 est.
1169 3970 1275 4037 Aliter
1308 3973 1503 4036 determinat
1552 3973 1632 4050 liuh.
1658 3972 1710 4051 14,
1730 3973 1810 4052 184:
1839 3974 1913 4038 Non
1932 3973 2114 4059 relinquam
2137 3997 2198 4040 vos
2222 3974 2401 4060 orphanos.
2447 3974 2531 4040 ltem

524 4063 619 4136 Deris
640 4083 692 4142 ea,
708 4081 793 4148 quae
815 4059 897 4138 vuit,
914 4058 1010 4124 aliter
1030 4057 1098 4138 illa,
1119 4079 1205 4144 quae
1226 4077 1294 4122 non
1315 4056 1402 4130 vult3
1435 4055 1503 4122 Ali·
1552 4057 1702 4142 [Philipp.
1727 4059 1759 4136 2,
1784 4058 2067 4137 teanensem,
2113 4063 2145 4124 ui
2167 4057 2285 4140 efficit,
2306 4073 2343 4125 ut
2364 4059 2472 4125 velitis
2495 4074 2531 4125 et

524 4160 593 4227 ter,
626 4167 712 4235 quae
745 4167 766 4210 a
797 4143 871 4210 sola
891 4148 995 4230 ipsius
1019 4145 1188 4209 voluntate
1208 4142 1372 4228 pendent,
1395 4140 1502 4223 aliter,
1549 4145 1739 4227 perficiatis.
1783 4143 1863 4208 ltem
1887 4144 1979 4221 {Luc
2004 4144 2055 4222 ll,
2080 4083 2164 4224 lli&
2188 4145 2320 4218 Quanto
2343 4147 2448 4230 magis
2471 4146 2531 4210 da·

524 4253 611 4318 quae
633 4232 750 4316 partim
771 4234 844 4316 ipse
865 4229 954 4310 fucit,
999 4233 1095 4295 artim
1116 4229 1272 4294 voluntas
1293 4227 1446 4293 humana.
1547 4229 1631 4294 bitS
1655 4231 1761 4293 iritum
1783 4241 1934 4294 sanctum
1955 4231 2150 4312 petentibus.
2182 4231 2263 4294 item
2281 4229 2404 4295 Psalm.
2423 4228 2476 4295 ³6.
2490 4236 2531 4309 Ι·)

609 4319 784 4384 Ριαοιιίἀοι
808 4315 901 4382 Deus
935 4253 1056 4381 delleta
1078 4313 1204 4393 Saulis,
1236 4314 1298 4378 sed
1329 4334 1396 4378 non
1430 4312 1503 4379 vult
1550 4321 1614 4391 [vs.
1633 4251 1705 4395 ld]
1724 4317 1757 4378 A
1772 4313 1915 4378 Domino
1939 4335 2078 4400 gressus
2096 4314 2237 4379 hominis
2259 4317 2441 4401 dirigentur
2463 4329 2530 4380 etc.

525 4425 582 4484 eu,
610 4425 673 4470 nec
695 4400 830 4487 impellit
852 4398 1056 4467 voluntatem
1078 4403 1161 4480 eius,
1184 4401 1245 4466 sed
1265 4399 1438 4484 permittit,
1466 4413 1503 4465 ut
1549 4399 1609 4464 llis
1630 4401 1905 4483 promissionibus
1928 4398 2001 4463 freti
2022 4411 2173 4483 petamus
2192 4413 2223 4464 et
2242 4413 2452 4486 expectemus
2471 4423 2532 4466 au·

523 4487 801 4556 voluntas-Saulis
822 4491 868 4552 ita
889 4497 1071 4574 grassetur,
1093 4497 1125 4550 et
1145 4507 1214 4550 non
1235 4482 1381 4570 impellit,
1397 4497 1433 4550 ut
1450 4505 1503 4550 se-
1548 4482 1789 4562 xiliumaDeo,
1807 4495 1840 4549 et
1857 4505 2080 4570 agnoscamus
2092 4483 2250 4550 salutaria
2267 4489 2322 4572 agi
2333 4506 2400 4551 non
2411 4505 2532 4633 posse,

525 4579 598 4640 cus'
612 4585 706 4662 agat;
737 4575 870 4638 Interim
898 4585 1006 4638 mmen
1024 4574 1187 4650 decernit,
1219 4572 1276 4635 ubi
1298 4568 1432 4635 Saulem
1452 4591 1502 4636 re·
1548 4571 1613 4634 nisi
1634 4569 1708 4634 Deo
1737 4591 1800 4634 nos
1828 4571 1978 4647 iuvante,
2007 4581 2043 4634 ut
2069 4572 2173 4655 iuquit
2194 4571 2345 4637 Christus
2368 4571 2415 4650 [lo
2441 4617 2449 4634 .
2477 4572 2532 4653 15,

525 4681 703 4744 pressurus
724 4661 778 4726 sit.
822 4658 914 4722 llaec
936 4660 1035 4744 igitur
1078 4659 1220 4722 raevisio
1242 4676 1308 4721 non
1330 4653 1426 4721 affert
1447 4676 1503 4721 ne·
1548 4655 1614 4735 5.]:
1648 4655 1728 4720 Sine
1760 4675 1812 4719 me
1841 4653 1920 4719 nihil
1952 4657 2091 4740 potestis
2125 4655 2246 4720 lacere.
2300 4656 2345 4722 Et
2376 4658 2533 4742 Baptista

525 4747 724 4823 cessitatem,
752 4766 816 4809 nec
837 4755 940 4808 mutat
962 4746 994 4807 in
1016 4681 1188 4808 voluntate
1209 4741 1349 4806 hominis
1370 4743 1503 4807 modum
1551 4738 1632 4819 [loh.
1651 4739 1682 4805 3.
1704 4741 1789 4820 atq:
1834 4740 1910 4805 Non
1936 4753 2048 4825 potest
2076 4743 2139 4805 sibi
2161 4741 2260 4807 homo
2282 4763 2414 4808 sumere
2436 4745 2532 4828 quic·

524 4832 660 4918 agendi,
687 4831 743 4915 qui
759 4830 868 4894 adbuc
890 4832 923 4893 in
945 4841 1063 4894 naama
1084 4825 1232 4913 reliquus
1253 4836 1305 4891 est
1312 4870 1323 4905 ,
1351 4827 1417 4891 hoc
1439 4838 1503 4906 est,
1549 4846 1658 4913 quam,
1680 4827 1744 4890 nisi
1766 4826 1875 4890 datum
1897 4827 1941 4889 sit
1963 4829 1993 4891 ei
2015 4827 2056 4891 de
2078 4825 2185 4892 coelo.

523 4917 611 4981 hauc
630 4913 827 4994 libertatem,
849 4937 936 5001 quae
956 4913 1066 4978 adhuc
1088 4911 1216 4998 reliqua
1237 4923 1300 4977 est.
1634 4910 1828 4994 Pompeius,
1859 4910 2003 4990 Brutus,
2029 4912 2193 4978 Antonius
2216 4911 2325 4977 etalii
2346 4910 2437 4978 multi
2460 4935 2533 4980 ma·

610 5001 683 5066 Nec
721 4998 802 5065 illud
836 5003 949 5065 obstat
981 4999 1227 5086 contingentiae
1257 5007 1316 5062 aut
1346 4993 1503 5075 libertati,
1549 5015 1615 5081 gna
1648 4998 1757 5062 conati
1782 5006 1878 5074 sunt,
1910 4998 1972 5084 sed
2004 4996 2097 5063 Deus
2131 4997 2216 5063 alios
2248 5001 2408 5081 provexit..
2454 4999 2533 5066 Etsi

524 5089 614 5174 quod
631 5085 726 5151 Deus
748 5097 913 5151 sustentat
929 5098 1092 5150 naturam.
1134 5081 1220 5150 Nam
1244 5085 1372 5148 interim
1392 5093 1503 5146 amen
1549 5083 1648 5167 igitur
1679 5081 1764 5146 haec
1797 5081 1884 5147 dicta
1917 5085 2154 5150 concionantur
2178 5085 2220 5148 de
2251 5083 2372 5150 auxilio
2394 5084 2461 5148 Dei
2495 5087 2531 5150 in

524 5171 679 5240 voluutas
688 5171 781 5238 Evae
803 5182 874 5236 erat
895 5191 1019 5236 caussa
1038 5189 1122 5234 suec
1141 5170 1294 5247 actionis,
1315 5165 1504 5254 quialiber·
1549 5169 1645 5232 bonis
1668 5178 1700 5231 et
1721 5163 1923 5234 salutaribus
1944 5170 2143 5248 actionibus,
2164 5181 2274 5235 tamen
2296 5192 2363 5236 non
2382 5180 2434 5236 est
2449 5171 2532 5236 inde

524 5271 578 5324 tas
604 5255 713 5324 luerat
741 5259 864 5322 donum
889 5257 924 5319 in
946 5255 1122 5320 Creatione
1147 5255 1284 5320 inditum
1311 5255 1424 5339 generi
1445 5251 1504 5318 hu-

524 5364 638 5424 mano,
655 5354 689 5408 et
710 5343 909 5410 sustentatio
931 5342 1119 5406 divinanon
1135 5341 1332 5423 impediebat
1349 5335 1505 5421 illusas-

524 5451 612 5496 num.
656 5429 714 5496 Sic
742 5431 807 5493 iam
835 5439 992 5514 quantum
1020 5437 1072 5491 est
1099 5425 1280 5503 libertatis,
1309 5443 1376 5489 non
1403 5424 1907 5528 malmundariensibus
1925 5427 1963 5490 N.
1981 5429 2006 5489 θ,
2022 5428 2055 5480 8⁵
2074 5438 2111 5490 ιι·

525 5517 613 5582 ditur
639 5516 882 5582 sustentatione
909 5513 1037 5590 divina,
1065 5512 1126 5577 sed
1148 5513 1197 5576 sic
1221 5519 1388 5576 sustentat
1407 5509 1501 5576 Deus
1523 5531 1526 5544 ·
1550 5527 1653 5593 nna]
1674 5528 1991 5581 adiu.1-15.1a.:as.
