<?xml version="1.0" encoding="UTF-8"?>
<!DOCTYPE html PUBLIC "-//W3C//DTD XHTML 1.0 Transitional//EN"
    "http://www.w3.org/TR/xhtml1/DTD/xhtml1-transitional.dtd">
<html xmlns="http://www.w3.org/1999/xhtml" xml:lang="en" lang="en">
 <head>
  <title>
</title>
<meta http-equiv="Content-Type" content="text/html;charset=utf-8" />
  <meta name='ocr-system' content='tesseract 3.04.00' />
  <meta name='ocr-capabilities' content='ocr_page ocr_carea ocr_par ocr_line ocrx_word'/>
</head>
<body>
  <div class='ocr_page' id='page_1' title='image "./philippimelanth08melagoog_0199.png"; bbox 0 0 5859 6734; ppageno 0'>
   <div class='ocr_carea' id='block_1_1' title="bbox 435 684 2423 771">
    <p class='ocr_par' dir='ltr' id='par_1_1' title="bbox 435 684 2423 771">
     <span class='ocr_line' id='line_1_1' title="bbox 435 684 2423 771; baseline -0.003 0"><span class='ocrx_word' id='word_1_1' title='bbox 435 684 499 771; x_wconf 80' lang='lat' dir='ltr'><strong>soa</strong></span> <span class='ocrx_word' id='word_1_2' title='bbox 881 700 1383 768; x_wconf 74' lang='lat' dir='ltr'><strong>1.L()01THE0L0G10120.</strong></span> <span class='ocrx_word' id='word_1_3' title='bbox 1408 699 1973 767; x_wconf 77' lang='lat' dir='ltr'><strong>ssoounnsoaunnnms.</strong></span> <span class='ocrx_word' id='word_1_4' title='bbox 2360 702 2423 768; x_wconf 81' lang='lat' dir='ltr'><strong>aro</strong></span> 
     </span>
    </p>
   </div>
   <div class='ocr_carea' id='block_1_2' title="bbox 369 885 2426 3331">
    <p class='ocr_par' dir='ltr' id='par_1_2' title="bbox 369 885 2426 3331">
     <span class='ocr_line' id='line_1_2' title="bbox 437 885 2423 969; baseline -0.004 -14"><span class='ocrx_word' id='word_1_5' title='bbox 437 902 535 956; x_wconf 81' lang='lat' dir='ltr'><strong>vante</strong></span> <span class='ocrx_word' id='word_1_6' title='bbox 556 888 642 953; x_wconf 90' lang='lat' dir='ltr'><strong>Deo.</strong></span> <span class='ocrx_word' id='word_1_7' title='bbox 686 889 728 951; x_wconf 91' lang='lat' dir='ltr'><strong>Et</strong></span> <span class='ocrx_word' id='word_1_8' title='bbox 749 889 835 953; x_wconf 91' lang='lat' dir='ltr'><strong>idem</strong></span> <span class='ocrx_word' id='word_1_9' title='bbox 856 887 1051 953; x_wconf 85' lang='lat' dir='ltr'><strong>confitentur</strong></span> <span class='ocrx_word' id='word_1_10' title='bbox 1079 908 1194 951; x_wconf 89' lang='lat' dir='ltr'><strong>omnes</strong></span> <span class='ocrx_word' id='word_1_11' title='bbox 1219 891 1411 967; x_wconf 88' lang='lat' dir='ltr'><strong>sententiae,</strong></span> <span class='ocrx_word' id='word_1_12' title='bbox 1453 910 1494 952; x_wconf 90' lang='lat' dir='ltr'><strong>ac</strong></span> <span class='ocrx_word' id='word_1_13' title='bbox 1518 888 1659 949; x_wconf 85' lang='lat' dir='ltr'><strong>retineri.</strong></span> <span class='ocrx_word' id='word_1_14' title='bbox 1703 885 1862 950; x_wconf 80' lang='lat' dir='ltr'><strong>Videmus</strong></span> <span class='ocrx_word' id='word_1_15' title='bbox 1890 885 2075 949; x_wconf 87' lang='lat' dir='ltr'><strong>homicidas</strong></span> <span class='ocrx_word' id='word_1_16' title='bbox 2105 897 2137 948; x_wconf 88' lang='lat' dir='ltr'><strong>et</strong></span> <span class='ocrx_word' id='word_1_17' title='bbox 2165 896 2322 969; x_wconf 88' lang='lat' dir='ltr'><strong>tyrannos</strong></span> <span class='ocrx_word' id='word_1_18' title='bbox 2346 887 2423 950; x_wconf 93' lang='lat' dir='ltr'><strong>divi-</strong></span> 
     </span>
     <span class='ocr_line' id='line_1_3' title="bbox 437 966 2423 1060; baseline -0.004 -21"><span class='ocrx_word' id='word_1_19' title='bbox 437 994 523 1060; x_wconf 90' lang='lat' dir='ltr'><strong>quae</strong></span> <span class='ocrx_word' id='word_1_20' title='bbox 546 976 669 1039; x_wconf 86' lang='lat' dir='ltr'><strong>docent</strong></span> <span class='ocrx_word' id='word_1_21' title='bbox 694 992 756 1036; x_wconf 91' lang='lat' dir='ltr'><strong>nos</strong></span> <span class='ocrx_word' id='word_1_22' title='bbox 781 994 802 1037; x_wconf 90' lang='lat' dir='ltr'><strong>a</strong></span> <span class='ocrx_word' id='word_1_23' title='bbox 823 972 896 1037; x_wconf 90' lang='lat' dir='ltr'><strong>Deo</strong></span> <span class='ocrx_word' id='word_1_24' title='bbox 922 970 966 1035; x_wconf 93' lang='lat' dir='ltr'><strong>ali</strong></span> <span class='ocrx_word' id='word_1_25' title='bbox 991 992 1032 1035; x_wconf 93' lang='lat' dir='ltr'><strong>ac</strong></span> <span class='ocrx_word' id='word_1_26' title='bbox 1055 970 1195 1035; x_wconf 84' lang='lat' dir='ltr'><strong>delendi.</strong></span> <span class='ocrx_word' id='word_1_27' title='bbox 1240 972 1303 1035; x_wconf 87' lang='lat' dir='ltr'><strong>Ut:</strong></span> <span class='ocrx_word' id='word_1_28' title='bbox 1322 971 1410 1037; x_wconf 88' lang='lat' dir='ltr'><strong>lacta</strong></span> <span class='ocrx_word' id='word_1_29' title='bbox 1453 973 1539 1035; x_wconf 89' lang='lat' dir='ltr'><strong>nitus</strong></span> <span class='ocrx_word' id='word_1_30' title='bbox 1562 971 1605 1034; x_wconf 93' lang='lat' dir='ltr'><strong>ad</strong></span> <span class='ocrx_word' id='word_1_31' title='bbox 1626 989 1766 1053; x_wconf 92' lang='lat' dir='ltr'><strong>poenam</strong></span> <span class='ocrx_word' id='word_1_32' title='bbox 1786 971 1865 1052; x_wconf 92' lang='lat' dir='ltr'><strong>rapi.</strong></span> <span class='ocrx_word' id='word_1_33' title='bbox 1910 967 2030 1032; x_wconf 80' lang='lat' dir='ltr'><strong>Adhuc</strong></span> <span class='ocrx_word' id='word_1_34' title='bbox 2048 966 2137 1032; x_wconf 90' lang='lat' dir='ltr'><strong>lucet</strong></span> <span class='ocrx_word' id='word_1_35' title='bbox 2153 971 2186 1030; x_wconf 95' lang='lat' dir='ltr'><strong>in</strong></span> <span class='ocrx_word' id='word_1_36' title='bbox 2208 971 2289 1053; x_wconf 90' lang='lat' dir='ltr'><strong>ipsis</strong></span> <span class='ocrx_word' id='word_1_37' title='bbox 2311 970 2423 1033; x_wconf 91' lang='lat' dir='ltr'><strong>menti·</strong></span> 
     </span>
     <span class='ocr_line' id='line_1_4' title="bbox 437 1052 2425 1139; baseline -0.005 -14"><span class='ocrx_word' id='word_1_38' title='bbox 437 1062 479 1125; x_wconf 88' lang='lat' dir='ltr'><strong>ad</strong></span> <span class='ocrx_word' id='word_1_39' title='bbox 501 1058 677 1123; x_wconf 87' lang='lat' dir='ltr'><strong>Dominum</strong></span> <span class='ocrx_word' id='word_1_40' title='bbox 705 1078 817 1121; x_wconf 90' lang='lat' dir='ltr'><strong>curam</strong></span> <span class='ocrx_word' id='word_1_41' title='bbox 840 1068 947 1134; x_wconf 87' lang='lat' dir='ltr'><strong>tuam,</strong></span> <span class='ocrx_word' id='word_1_42' title='bbox 975 1058 1102 1139; x_wconf 89' lang='lat' dir='ltr'><strong>etipse</strong></span> <span class='ocrx_word' id='word_1_43' title='bbox 1123 1070 1157 1121; x_wconf 89' lang='lat' dir='ltr'><strong>te</strong></span> <span class='ocrx_word' id='word_1_44' title='bbox 1178 1060 1326 1122; x_wconf 75' lang='lat' dir='ltr'><strong>enutriet.</strong></span> <span class='ocrx_word' id='word_1_45' title='bbox 1370 1056 1411 1120; x_wconf 85' lang='lat' dir='ltr'><strong>Et</strong></span> <span class='ocrx_word' id='word_1_46' title='bbox 1452 1060 1516 1120; x_wconf 89' lang='lat' dir='ltr'><strong>bus</strong></span> <span class='ocrx_word' id='word_1_47' title='bbox 1538 1057 1652 1118; x_wconf 90' lang='lat' dir='ltr'><strong>notitia</strong></span> <span class='ocrx_word' id='word_1_48' title='bbox 1676 1052 1762 1138; x_wconf 86' lang='lat' dir='ltr'><strong>legis</strong></span> <span class='ocrx_word' id='word_1_49' title='bbox 1787 1054 1828 1115; x_wconf 94' lang='lat' dir='ltr'><strong>de</strong></span> <span class='ocrx_word' id='word_1_50' title='bbox 1849 1052 1942 1129; x_wconf 89' lang='lat' dir='ltr'><strong>Deo,</strong></span> <span class='ocrx_word' id='word_1_51' title='bbox 1972 1054 2063 1135; x_wconf 92' lang='lat' dir='ltr'><strong>quod</strong></span> <span class='ocrx_word' id='word_1_52' title='bbox 2079 1054 2121 1114; x_wconf 87' lang='lat' dir='ltr'><strong>sit</strong></span> <span class='ocrx_word' id='word_1_53' title='bbox 2137 1052 2249 1132; x_wconf 89' lang='lat' dir='ltr'><strong>Deus,</strong></span> <span class='ocrx_word' id='word_1_54' title='bbox 2272 1055 2359 1138; x_wconf 90' lang='lat' dir='ltr'><strong>quod</strong></span> <span class='ocrx_word' id='word_1_55' title='bbox 2382 1054 2425 1115; x_wconf 89' lang='lat' dir='ltr'><strong>sit</strong></span> 
     </span>
     <span class='ocr_line' id='line_1_5' title="bbox 437 1133 2423 1225; baseline -0.006 -15"><span class='ocrx_word' id='word_1_56' title='bbox 437 1146 521 1210; x_wconf 81' lang='lat' dir='ltr'><strong>haec</strong></span> <span class='ocrx_word' id='word_1_57' title='bbox 542 1143 727 1225; x_wconf 88' lang='lat' dir='ltr'><strong>praesentia</strong></span> <span class='ocrx_word' id='word_1_58' title='bbox 749 1138 814 1205; x_wconf 90' lang='lat' dir='ltr'><strong>Dei</strong></span> <span class='ocrx_word' id='word_1_59' title='bbox 831 1144 864 1205; x_wconf 93' lang='lat' dir='ltr'><strong>in</strong></span> <span class='ocrx_word' id='word_1_60' title='bbox 882 1143 982 1205; x_wconf 89' lang='lat' dir='ltr'><strong>rebus</strong></span> <span class='ocrx_word' id='word_1_61' title='bbox 995 1160 1056 1205; x_wconf 90' lang='lat' dir='ltr'><strong>seu</strong></span> <span class='ocrx_word' id='word_1_62' title='bbox 1073 1143 1282 1205; x_wconf 80' lang='lat' dir='ltr'>conservatio</span> <span class='ocrx_word' id='word_1_63' title='bbox 1300 1161 1409 1205; x_wconf 89' lang='lat' dir='ltr'><strong>rerum</strong></span> <span class='ocrx_word' id='word_1_64' title='bbox 1452 1143 1570 1204; x_wconf 90' lang='lat' dir='ltr'><strong>iustus.</strong></span> <span class='ocrx_word' id='word_1_65' title='bbox 1613 1137 1705 1202; x_wconf 88' lang='lat' dir='ltr'><strong>llaec</strong></span> <span class='ocrx_word' id='word_1_66' title='bbox 1727 1139 1839 1201; x_wconf 90' lang='lat' dir='ltr'><strong>notitia</strong></span> <span class='ocrx_word' id='word_1_67' title='bbox 1862 1148 1953 1200; x_wconf 90' lang='lat' dir='ltr'><strong>esset</strong></span> <span class='ocrx_word' id='word_1_68' title='bbox 1976 1133 2170 1213; x_wconf 85' lang='lat' dir='ltr'><strong>clarissima,</strong></span> <span class='ocrx_word' id='word_1_69' title='bbox 2192 1139 2221 1199; x_wconf 91' lang='lat' dir='ltr'><strong>si</strong></span> <span class='ocrx_word' id='word_1_70' title='bbox 2239 1150 2356 1201; x_wconf 89' lang='lat' dir='ltr'><strong>natura</strong></span> <span class='ocrx_word' id='word_1_71' title='bbox 2364 1134 2423 1198; x_wconf 88' lang='lat' dir='ltr'><strong>ho·</strong></span> 
     </span>
     <span class='ocr_line' id='line_1_6' title="bbox 438 1220 2423 1310; baseline -0.006 -15"><span class='ocrx_word' id='word_1_72' title='bbox 438 1249 506 1295; x_wconf 94' lang='lat' dir='ltr'><strong>non</strong></span> <span class='ocrx_word' id='word_1_73' title='bbox 525 1227 667 1291; x_wconf 90' lang='lat' dir='ltr'><strong>cernitur</strong></span> <span class='ocrx_word' id='word_1_74' title='bbox 683 1227 823 1302; x_wconf 89' lang='lat' dir='ltr'><strong>ratione,</strong></span> <span class='ocrx_word' id='word_1_75' title='bbox 845 1227 904 1290; x_wconf 85' lang='lat' dir='ltr'><strong>sed</strong></span> <span class='ocrx_word' id='word_1_76' title='bbox 917 1224 982 1288; x_wconf 86' lang='lat' dir='ltr'><strong>lide</strong></span> <span class='ocrx_word' id='word_1_77' title='bbox 999 1227 1088 1288; x_wconf 87' lang='lat' dir='ltr'><strong>cerni</strong></span> <span class='ocrx_word' id='word_1_78' title='bbox 1104 1228 1211 1289; x_wconf 90' lang='lat' dir='ltr'><strong>debet.</strong></span> <span class='ocrx_word' id='word_1_79' title='bbox 1241 1226 1350 1310; x_wconf 82' lang='lat' dir='ltr'><strong>Atque</strong></span> <span class='ocrx_word' id='word_1_80' title='bbox 1366 1228 1410 1288; x_wconf 85' lang='lat' dir='ltr'><strong>ita</strong></span> <span class='ocrx_word' id='word_1_81' title='bbox 1451 1226 1548 1287; x_wconf 91' lang='lat' dir='ltr'><strong>minis</strong></span> <span class='ocrx_word' id='word_1_82' title='bbox 1572 1243 1638 1286; x_wconf 92' lang='lat' dir='ltr'><strong>non</strong></span> <span class='ocrx_word' id='word_1_83' title='bbox 1655 1222 1793 1286; x_wconf 89' lang='lat' dir='ltr'><strong>haberet</strong></span> <span class='ocrx_word' id='word_1_84' title='bbox 1808 1223 1958 1285; x_wconf 88' lang='lat' dir='ltr'>morbum</span> <span class='ocrx_word' id='word_1_85' title='bbox 1975 1222 2122 1304; x_wconf 89' lang='lat' dir='ltr'><strong>originis.</strong></span> <span class='ocrx_word' id='word_1_86' title='bbox 2166 1220 2198 1282; x_wconf 93' lang='lat' dir='ltr'><strong>ls</strong></span> <span class='ocrx_word' id='word_1_87' title='bbox 2215 1240 2280 1284; x_wconf 92' lang='lat' dir='ltr'><strong>non</strong></span> <span class='ocrx_word' id='word_1_88' title='bbox 2293 1222 2423 1304; x_wconf 90' lang='lat' dir='ltr'><strong>quidem</strong></span> 
     </span>
     <span class='ocr_line' id='line_1_7' title="bbox 438 1304 2424 1395; baseline -0.007 -17"><span class='ocrx_word' id='word_1_89' title='bbox 438 1333 501 1379; x_wconf 87' lang='lat' dir='ltr'><strong>nos</strong></span> <span class='ocrx_word' id='word_1_90' title='bbox 524 1313 668 1395; x_wconf 87' lang='lat' dir='ltr'><strong>sriptura</strong></span> <span class='ocrx_word' id='word_1_91' title='bbox 690 1312 799 1387; x_wconf 84' lang='lat' dir='ltr'><strong>docet,</strong></span> <span class='ocrx_word' id='word_1_92' title='bbox 820 1330 888 1374; x_wconf 92' lang='lat' dir='ltr'><strong>non</strong></span> <span class='ocrx_word' id='word_1_93' title='bbox 911 1308 1072 1372; x_wconf 88' lang='lat' dir='ltr'><strong>solumde</strong></span> <span class='ocrx_word' id='word_1_94' title='bbox 1089 1311 1276 1374; x_wconf 91' lang='lat' dir='ltr'><strong>conditione</strong></span> <span class='ocrx_word' id='word_1_95' title='bbox 1289 1330 1409 1385; x_wconf 81' lang='lat' dir='ltr'><strong>rerum,</strong></span> <span class='ocrx_word' id='word_1_96' title='bbox 1452 1305 1562 1373; x_wconf 89' lang='lat' dir='ltr'><strong>lucem</strong></span> <span class='ocrx_word' id='word_1_97' title='bbox 1591 1304 1845 1370; x_wconf 88' lang='lat' dir='ltr'><strong>illamdivinam</strong></span> <span class='ocrx_word' id='word_1_98' title='bbox 1872 1307 1904 1369; x_wconf 90' lang='lat' dir='ltr'><strong>in</strong></span> <span class='ocrx_word' id='word_1_99' title='bbox 1927 1306 2043 1368; x_wconf 90' lang='lat' dir='ltr'><strong>animis</strong></span> <span class='ocrx_word' id='word_1_100' title='bbox 2065 1305 2187 1368; x_wconf 86' lang='lat' dir='ltr'><strong>nostris</strong></span> <span class='ocrx_word' id='word_1_101' title='bbox 2209 1322 2346 1387; x_wconf 88' lang='lat' dir='ltr'><strong>prorsus</strong></span> <span class='ocrx_word' id='word_1_102' title='bbox 2369 1322 2424 1365; x_wconf 85' lang='lat' dir='ltr'><strong>ex-</strong></span> 
     </span>
     <span class='ocr_line' id='line_1_8' title="bbox 440 1385 2423 1479; baseline -0.008 -17"><span class='ocrx_word' id='word_1_103' title='bbox 440 1398 498 1463; x_wconf 91' lang='lat' dir='ltr'><strong>sed</strong></span> <span class='ocrx_word' id='word_1_104' title='bbox 522 1396 564 1461; x_wconf 87' lang='lat' dir='ltr'><strong>(le</strong></span> <span class='ocrx_word' id='word_1_105' title='bbox 592 1406 751 1478; x_wconf 85' lang='lat' dir='ltr'><strong>perpetua</strong></span> <span class='ocrx_word' id='word_1_106' title='bbox 773 1396 1037 1459; x_wconf 80' lang='lat' dir='ltr'><strong>conservatione.</strong></span> <span class='ocrx_word' id='word_1_107' title='bbox 1081 1396 1198 1479; x_wconf 82' lang='lat' dir='ltr'><strong>Neque</strong></span> <span class='ocrx_word' id='word_1_108' title='bbox 1220 1391 1410 1478; x_wconf 90' lang='lat' dir='ltr'><strong>intelligitur</strong></span> <span class='ocrx_word' id='word_1_109' title='bbox 1453 1394 1564 1466; x_wconf 90' lang='lat' dir='ltr'><strong>tinxit,</strong></span> <span class='ocrx_word' id='word_1_110' title='bbox 1586 1402 1695 1453; x_wconf 88' lang='lat' dir='ltr'><strong>manet</strong></span> <span class='ocrx_word' id='word_1_111' title='bbox 1717 1394 1803 1454; x_wconf 90' lang='lat' dir='ltr'><strong>enim</strong></span> <span class='ocrx_word' id='word_1_112' title='bbox 1820 1388 1932 1472; x_wconf 88' lang='lat' dir='ltr'><strong>aliqua</strong></span> <span class='ocrx_word' id='word_1_113' title='bbox 1953 1391 2067 1452; x_wconf 89' lang='lat' dir='ltr'><strong>notitia</strong></span> <span class='ocrx_word' id='word_1_114' title='bbox 2083 1385 2168 1473; x_wconf 89' lang='lat' dir='ltr'><strong>legis</strong></span> <span class='ocrx_word' id='word_1_115' title='bbox 2189 1399 2341 1463; x_wconf 89' lang='lat' dir='ltr'><strong>naturae,</strong></span> <span class='ocrx_word' id='word_1_116' title='bbox 2363 1385 2423 1449; x_wconf 90' lang='lat' dir='ltr'><strong>sed</strong></span> 
     </span>
     <span class='ocr_line' id='line_1_9' title="bbox 440 1470 2423 1563; baseline -0.008 -16"><span class='ocrx_word' id='word_1_117' title='bbox 440 1492 529 1547; x_wconf 87' lang='lat' dir='ltr'><strong>recte</strong></span> <span class='ocrx_word' id='word_1_118' title='bbox 551 1480 685 1556; x_wconf 87' lang='lat' dir='ltr'><strong>creatio,</strong></span> <span class='ocrx_word' id='word_1_119' title='bbox 707 1481 771 1542; x_wconf 81' lang='lat' dir='ltr'><strong>nisi</strong></span> <span class='ocrx_word' id='word_1_120' title='bbox 793 1480 887 1543; x_wconf 88' lang='lat' dir='ltr'><strong>etiam</strong></span> <span class='ocrx_word' id='word_1_121' title='bbox 900 1480 1072 1543; x_wconf 88' lang='lat' dir='ltr'><strong>credamus</strong></span> <span class='ocrx_word' id='word_1_122' title='bbox 1090 1489 1251 1563; x_wconf 82' lang='lat' dir='ltr'><strong>perpetuo</strong></span> <span class='ocrx_word' id='word_1_123' title='bbox 1263 1498 1318 1540; x_wconf 91' lang='lat' dir='ltr'><strong>res</strong></span> <span class='ocrx_word' id='word_1_124' title='bbox 1336 1498 1410 1541; x_wconf 90' lang='lat' dir='ltr'><strong>sns-</strong></span> <span class='ocrx_word' id='word_1_125' title='bbox 1453 1488 1562 1541; x_wconf 88' lang='lat' dir='ltr'><strong>tamen</strong></span> <span class='ocrx_word' id='word_1_126' title='bbox 1581 1472 1645 1538; x_wconf 89' lang='lat' dir='ltr'><strong>cali</strong></span> <span class='ocrx_word' id='word_1_127' title='bbox 1670 1478 1755 1537; x_wconf 89' lang='lat' dir='ltr'><strong>&#39;nem</strong></span> <span class='ocrx_word' id='word_1_128' title='bbox 1778 1475 1997 1557; x_wconf 72' lang='lat' dir='ltr'><strong>quandam⁶⁶)</strong></span> <span class='ocrx_word' id='word_1_129' title='bbox 2022 1473 2136 1537; x_wconf 89' lang='lat' dir='ltr'><strong>offudit</strong></span> <span class='ocrx_word' id='word_1_130' title='bbox 2155 1473 2272 1537; x_wconf 92' lang='lat' dir='ltr'><strong>animis</strong></span> <span class='ocrx_word' id='word_1_131' title='bbox 2289 1470 2423 1533; x_wconf 86' lang='lat' dir='ltr'><strong>morbus</strong></span> 
     </span>
     <span class='ocr_line' id='line_1_10' title="bbox 369 1556 2426 1645; baseline -0.008 -14"><span class='ocrx_word' id='word_1_132' title='bbox 369 1590 375 1600; x_wconf 87' lang='lat'>·</span> <span class='ocrx_word' id='word_1_133' title='bbox 438 1566 555 1631; x_wconf 87' lang='lat' dir='ltr'><strong>tentari</strong></span> <span class='ocrx_word' id='word_1_134' title='bbox 583 1575 615 1627; x_wconf 91' lang='lat' dir='ltr'><strong>et</strong></span> <span class='ocrx_word' id='word_1_135' title='bbox 643 1565 853 1640; x_wconf 86' lang='lat' dir='ltr'><strong>conservari,</strong></span> <span class='ocrx_word' id='word_1_136' title='bbox 882 1583 923 1626; x_wconf 91' lang='lat' dir='ltr'><strong>su</strong></span> <span class='ocrx_word' id='word_1_137' title='bbox 946 1564 1084 1644; x_wconf 89' lang='lat' dir='ltr'><strong>peditari</strong></span> <span class='ocrx_word' id='word_1_138' title='bbox 1104 1574 1228 1627; x_wconf 90' lang='lat' dir='ltr'><strong>motum</strong></span> <span class='ocrx_word' id='word_1_139' title='bbox 1251 1575 1282 1624; x_wconf 92' lang='lat' dir='ltr'><strong>et</strong></span> <span class='ocrx_word' id='word_1_140' title='bbox 1311 1564 1409 1625; x_wconf 92' lang='lat' dir='ltr'><strong>vitam</strong></span> <span class='ocrx_word' id='word_1_141' title='bbox 1454 1562 1601 1645; x_wconf 85' lang='lat' dir='ltr'><strong>originis.</strong></span> <span class='ocrx_word' id='word_1_142' title='bbox 1675 1579 1742 1623; x_wconf 90' lang='lat' dir='ltr'><strong>nnc</strong></span> <span class='ocrx_word' id='word_1_143' title='bbox 1767 1560 1831 1641; x_wconf 92' lang='lat' dir='ltr'><strong>piis</strong></span> <span class='ocrx_word' id='word_1_144' title='bbox 1858 1558 1966 1621; x_wconf 92' lang='lat' dir='ltr'><strong>danda</strong></span> <span class='ocrx_word' id='word_1_145' title='bbox 1994 1568 2047 1619; x_wconf 86' lang='lat' dir='ltr'><strong>est</strong></span> <span class='ocrx_word' id='word_1_146' title='bbox 2073 1577 2192 1638; x_wconf 91' lang='lat' dir='ltr'><strong>opera,</strong></span> <span class='ocrx_word' id='word_1_147' title='bbox 2224 1556 2363 1639; x_wconf 88' lang='lat' dir='ltr'><strong>primum</strong></span> <span class='ocrx_word' id='word_1_148' title='bbox 2388 1560 2426 1616; x_wconf 91' lang='lat' dir='ltr'><strong>ut</strong></span> 
     </span>
     <span class='ocr_line' id='line_1_11' title="bbox 439 1634 2425 1715; baseline -0.009 0"><span class='ocrx_word' id='word_1_149' title='bbox 439 1651 540 1715; x_wconf 85' lang='lat' dir='ltr'><strong>rebus</strong></span> <span class='ocrx_word' id='word_1_150' title='bbox 565 1670 584 1712; x_wconf 97' lang='lat' dir='ltr'><strong>a</strong></span> <span class='ocrx_word' id='word_1_151' title='bbox 608 1646 693 1711; x_wconf 87' lang='lat' dir='ltr'><strong>Deo.</strong></span> <span class='ocrx_word' id='word_1_152' title='bbox 735 1648 777 1711; x_wconf 89' lang='lat' dir='ltr'><strong>Et</strong></span> <span class='ocrx_word' id='word_1_153' title='bbox 799 1648 883 1711; x_wconf 90' lang='lat' dir='ltr'><strong>haec</strong></span> <span class='ocrx_word' id='word_1_154' title='bbox 934 1649 992 1710; x_wconf 87' lang='lat' dir='ltr'><strong>des</strong></span> <span class='ocrx_word' id='word_1_155' title='bbox 1016 1658 1066 1709; x_wconf 91' lang='lat' dir='ltr'><strong>est</strong></span> <span class='ocrx_word' id='word_1_156' title='bbox 1093 1666 1194 1711; x_wconf 86' lang='lat' dir='ltr'><strong>verus</strong></span> <span class='ocrx_word' id='word_1_157' title='bbox 1223 1644 1409 1710; x_wconf 88' lang='lat' dir='ltr'><strong>intellectus</strong></span> <span class='ocrx_word' id='word_1_158' title='bbox 1454 1649 1557 1709; x_wconf 87' lang='lat' dir='ltr'><strong>verbo</strong></span> <span class='ocrx_word' id='word_1_159' title='bbox 1579 1642 1642 1706; x_wconf 92' lang='lat' dir='ltr'><strong>Dei</strong></span> <span class='ocrx_word' id='word_1_160' title='bbox 1670 1644 1787 1706; x_wconf 84' lang='lat' dir='ltr'><strong>iterum</strong></span> <span class='ocrx_word' id='word_1_161' title='bbox 1808 1642 1992 1705; x_wconf 89' lang='lat' dir='ltr'><strong>accendant</strong></span> <span class='ocrx_word' id='word_1_162' title='bbox 2011 1638 2100 1703; x_wconf 92' lang='lat' dir='ltr'><strong>illam</strong></span> <span class='ocrx_word' id='word_1_163' title='bbox 2117 1641 2279 1715; x_wconf 90' lang='lat' dir='ltr'><strong>notitiam,</strong></span> <span class='ocrx_word' id='word_1_164' title='bbox 2309 1634 2425 1700; x_wconf 89' lang='lat' dir='ltr'><strong>deinde</strong></span> 
     </span>
     <span class='ocr_line' id='line_1_12' title="bbox 440 1724 2425 1815; baseline -0.009 -16"><span class='ocrx_word' id='word_1_165' title='bbox 440 1734 627 1808; x_wconf 76' lang='lat' dir='ltr'><strong>creationis,</strong></span> <span class='ocrx_word' id='word_1_166' title='bbox 649 1752 734 1815; x_wconf 86' lang='lat' dir='ltr'><strong>quae</strong></span> <span class='ocrx_word' id='word_1_167' title='bbox 752 1734 888 1814; x_wconf 92' lang='lat' dir='ltr'><strong>prodest</strong></span> <span class='ocrx_word' id='word_1_168' title='bbox 905 1735 999 1795; x_wconf 91' lang='lat' dir='ltr'><strong>etiam</strong></span> <span class='ocrx_word' id='word_1_169' title='bbox 1018 1733 1050 1793; x_wconf 92' lang='lat' dir='ltr'><strong>in</strong></span> <span class='ocrx_word' id='word_1_170' title='bbox 1067 1732 1287 1795; x_wconf 90' lang='lat' dir='ltr'><strong>invocatione.</strong></span> <span class='ocrx_word' id='word_1_171' title='bbox 1321 1730 1411 1801; x_wconf 89' lang='lat' dir='ltr'><strong>Quo·</strong></span> <span class='ocrx_word' id='word_1_172' title='bbox 1455 1732 1552 1793; x_wconf 91' lang='lat' dir='ltr'><strong>etiam</strong></span> <span class='ocrx_word' id='word_1_173' title='bbox 1584 1727 1723 1791; x_wconf 90' lang='lat' dir='ltr'><strong>reddant</strong></span> <span class='ocrx_word' id='word_1_174' title='bbox 1749 1724 1979 1801; x_wconf 82' lang='lat' dir='ltr'><strong>illustriorem,</strong></span> <span class='ocrx_word' id='word_1_175' title='bbox 2007 1724 2160 1787; x_wconf 83' lang='lat' dir='ltr'><strong>adhibitis</strong></span> <span class='ocrx_word' id='word_1_176' title='bbox 2188 1724 2311 1807; x_wconf 91' lang='lat' dir='ltr'><strong>signis,</strong></span> <span class='ocrx_word' id='word_1_177' title='bbox 2339 1738 2425 1813; x_wconf 70' lang='lat' dir='ltr'><strong>quqc</strong></span> 
     </span>
     <span class='ocr_line' id='line_1_13' title="bbox 438 1808 2426 1899; baseline -0.006 -16"><span class='ocrx_word' id='word_1_178' title='bbox 438 1820 539 1883; x_wconf 92' lang='lat' dir='ltr'><strong>modo</strong></span> <span class='ocrx_word' id='word_1_179' title='bbox 568 1819 653 1880; x_wconf 91' lang='lat' dir='ltr'><strong>enim</strong></span> <span class='ocrx_word' id='word_1_180' title='bbox 682 1827 791 1899; x_wconf 87' lang='lat' dir='ltr'><strong>potest</strong></span> <span class='ocrx_word' id='word_1_181' title='bbox 811 1817 974 1881; x_wconf 86' lang='lat' dir='ltr'><strong>humanus</strong></span> <span class='ocrx_word' id='word_1_182' title='bbox 996 1818 1123 1879; x_wconf 89' lang='lat' dir='ltr'><strong>animus</strong></span> <span class='ocrx_word' id='word_1_183' title='bbox 1152 1826 1265 1897; x_wconf 88' lang='lat' dir='ltr'><strong>petere</strong></span> <span class='ocrx_word' id='word_1_184' title='bbox 1294 1834 1313 1877; x_wconf 90' lang='lat' dir='ltr'><strong>a</strong></span> <span class='ocrx_word' id='word_1_185' title='bbox 1335 1813 1410 1877; x_wconf 91' lang='lat' dir='ltr'><strong>Deo</strong></span> <span class='ocrx_word' id='word_1_186' title='bbox 1454 1824 1531 1877; x_wconf 91' lang='lat' dir='ltr'><strong>sunt</strong></span> <span class='ocrx_word' id='word_1_187' title='bbox 1552 1814 1716 1895; x_wconf 88' lang='lat' dir='ltr'><strong>impresso</strong></span> <span class='ocrx_word' id='word_1_188' title='bbox 1736 1820 1881 1873; x_wconf 88' lang='lat' dir='ltr'><strong>naturae.</strong></span> <span class='ocrx_word' id='word_1_189' title='bbox 1925 1808 2046 1893; x_wconf 87' lang='lat' dir='ltr'><strong>ingens</strong></span> <span class='ocrx_word' id='word_1_190' title='bbox 2064 1808 2231 1875; x_wconf 78' lang='lat' dir='ltr'><strong>barbaries</strong></span> <span class='ocrx_word' id='word_1_191' title='bbox 2254 1816 2317 1894; x_wconf 75' lang='lat' dir='ltr'><strong>est,</strong></span> <span class='ocrx_word' id='word_1_192' title='bbox 2333 1824 2426 1881; x_wconf 72' lang='lat' dir='ltr'><strong>noue</strong></span> 
     </span>
     <span class='ocr_line' id='line_1_14' title="bbox 440 1892 2425 1979; baseline -0.001 -12"><span class='ocrx_word' id='word_1_193' title='bbox 440 1904 578 1976; x_wconf 73' lang='lat' dir='ltr'><strong>victum,</strong></span> <span class='ocrx_word' id='word_1_194' title='bbox 601 1904 714 1976; x_wconf 91' lang='lat' dir='ltr'><strong>vitam,</strong></span> <span class='ocrx_word' id='word_1_195' title='bbox 737 1902 841 1979; x_wconf 87' lang='lat' dir='ltr'><strong>vires,</strong></span> <span class='ocrx_word' id='word_1_196' title='bbox 863 1899 1088 1964; x_wconf 82' lang='lat' dir='ltr'><strong>defensionem</strong></span> <span class='ocrx_word' id='word_1_197' title='bbox 1110 1909 1172 1963; x_wconf 89' lang='lat' dir='ltr'><strong>etc.</strong></span> <span class='ocrx_word' id='word_1_198' title='bbox 1200 1900 1262 1962; x_wconf 89' lang='lat' dir='ltr'><strong>nisi</strong></span> <span class='ocrx_word' id='word_1_199' title='bbox 1290 1909 1412 1962; x_wconf 87' lang='lat' dir='ltr'><strong>statuet</strong></span> <span class='ocrx_word' id='word_1_200' title='bbox 1454 1908 1578 1962; x_wconf 90' lang='lat' dir='ltr'><strong>tantum</strong></span> <span class='ocrx_word' id='word_1_201' title='bbox 1607 1898 1640 1957; x_wconf 96' lang='lat' dir='ltr'><strong>in</strong></span> <span class='ocrx_word' id='word_1_202' title='bbox 1666 1906 1785 1959; x_wconf 79' lang='lat' dir='ltr'><strong>namra</strong></span> <span class='ocrx_word' id='word_1_203' title='bbox 1815 1892 1928 1958; x_wconf 88' lang='lat' dir='ltr'><strong>lumen</strong></span> <span class='ocrx_word' id='word_1_204' title='bbox 1956 1897 2117 1977; x_wconf 80' lang='lat' dir='ltr'><strong>aspicere.</strong></span> <span class='ocrx_word' id='word_1_205' title='bbox 2160 1898 2215 1962; x_wconf 89' lang='lat' dir='ltr'><strong>Ad</strong></span> <span class='ocrx_word' id='word_1_206' title='bbox 2239 1898 2324 1964; x_wconf 92' lang='lat' dir='ltr'><strong>haec</strong></span> <span class='ocrx_word' id='word_1_207' title='bbox 2349 1920 2425 1964; x_wconf 88' lang='lat' dir='ltr'><strong>cum</strong></span> 
     </span>
     <span class='ocr_line' id='line_1_15' title="bbox 439 1978 2424 2069; baseline -0.002 -19"><span class='ocrx_word' id='word_1_208' title='bbox 439 1985 547 2051; x_wconf 86' lang='lat' dir='ltr'><strong>Deum</strong></span> <span class='ocrx_word' id='word_1_209' title='bbox 570 1996 777 2068; x_wconf 81' lang='lat' dir='ltr'><strong>praesentem</strong></span> <span class='ocrx_word' id='word_1_210' title='bbox 798 1988 932 2064; x_wconf 85' lang='lat' dir='ltr'><strong>adesse,</strong></span> <span class='ocrx_word' id='word_1_211' title='bbox 955 1986 1151 2069; x_wconf 82' lang='lat' dir='ltr'><strong>gubernare,</strong></span> <span class='ocrx_word' id='word_1_212' title='bbox 1173 1980 1265 2047; x_wconf 86' lang='lat' dir='ltr'><strong>alere</strong></span> <span class='ocrx_word' id='word_1_213' title='bbox 1285 1996 1316 2045; x_wconf 92' lang='lat' dir='ltr'><strong>et</strong></span> <span class='ocrx_word' id='word_1_214' title='bbox 1333 2003 1410 2047; x_wconf 92' lang='lat' dir='ltr'><strong>eon·</strong></span> <span class='ocrx_word' id='word_1_215' title='bbox 1454 1981 1548 2045; x_wconf 84' lang='lat' dir='ltr'><strong>Deus</strong></span> <span class='ocrx_word' id='word_1_216' title='bbox 1569 1982 1642 2063; x_wconf 91' lang='lat' dir='ltr'><strong>ipse</strong></span> <span class='ocrx_word' id='word_1_217' title='bbox 1659 1980 1771 2042; x_wconf 89' lang='lat' dir='ltr'><strong>invitet</strong></span> <span class='ocrx_word' id='word_1_218' title='bbox 1787 1997 1851 2042; x_wconf 90' lang='lat' dir='ltr'><strong>nos</strong></span> <span class='ocrx_word' id='word_1_219' title='bbox 1868 1979 1911 2042; x_wconf 88' lang='lat' dir='ltr'><strong>ad</strong></span> <span class='ocrx_word' id='word_1_220' title='bbox 1927 1979 2015 2043; x_wconf 89' lang='lat' dir='ltr'><strong>hanc</strong></span> <span class='ocrx_word' id='word_1_221' title='bbox 2034 1978 2298 2065; x_wconf 86' lang='lat' dir='ltr'><strong>Philosophiam,</strong></span> <span class='ocrx_word' id='word_1_222' title='bbox 2316 1981 2424 2066; x_wconf 83' lang='lat' dir='ltr'><strong>profe-</strong></span> 
     </span>
     <span class='ocr_line' id='line_1_16' title="bbox 440 2062 2423 2149; baseline 0.002 -18"><span class='ocrx_word' id='word_1_223' title='bbox 440 2088 577 2133; x_wconf 86' lang='lat' dir='ltr'><strong>servare</strong></span> <span class='ocrx_word' id='word_1_224' title='bbox 598 2068 768 2133; x_wconf 74' lang='lat' dir='ltr'><strong>naturam?</strong></span> <span class='ocrx_word' id='word_1_225' title='bbox 1454 2062 1739 2149; x_wconf 81' lang='lat' dir='ltr'><strong>otononestnegli</strong></span> <span class='ocrx_word' id='word_1_226' title='bbox 1783 2062 2423 2148; x_wconf 83' lang='lat' dir='ltr'><strong>nda3praesertimcumplurimumcon·</strong></span> 
     </span>
     <span class='ocr_line' id='line_1_17' title="bbox 440 2149 2423 2237; baseline 0.001 -21"><span class='ocrx_word' id='word_1_227' title='bbox 440 2176 442 2185; x_wconf 93' lang='lat'>·</span> <span class='ocrx_word' id='word_1_228' title='bbox 472 2172 475 2181; x_wconf 92' lang='lat'>·</span> <span class='ocrx_word' id='word_1_229' title='bbox 524 2151 745 2237; x_wconf 88' lang='lat' dir='ltr'><strong>Posteaquam</strong></span> <span class='ocrx_word' id='word_1_230' title='bbox 774 2166 882 2217; x_wconf 91' lang='lat' dir='ltr'><strong>antem</strong></span> <span class='ocrx_word' id='word_1_231' title='bbox 912 2172 1006 2216; x_wconf 92' lang='lat' dir='ltr'><strong>mens</strong></span> <span class='ocrx_word' id='word_1_232' title='bbox 1036 2152 1230 2217; x_wconf 84' lang='lat' dir='ltr'><strong>confirmata</strong></span> <span class='ocrx_word' id='word_1_233' title='bbox 1258 2162 1309 2215; x_wconf 87' lang='lat' dir='ltr'><strong>est</strong></span> <span class='ocrx_word' id='word_1_234' title='bbox 1331 2170 1410 2213; x_wconf 88' lang='lat' dir='ltr'><strong>vera</strong></span> <span class='ocrx_word' id='word_1_235' title='bbox 1454 2152 1553 2214; x_wconf 85' lang='lat' dir='ltr'><strong>ducat</strong></span> <span class='ocrx_word' id='word_1_236' title='bbox 1579 2149 1623 2212; x_wconf 92' lang='lat' dir='ltr'><strong>ad</strong></span> <span class='ocrx_word' id='word_1_237' title='bbox 1641 2149 1746 2231; x_wconf 82' lang='lat' dir='ltr'><strong>discip</strong></span> <span class='ocrx_word' id='word_1_238' title='bbox 1761 2150 1847 2209; x_wconf 82' lang='lat' dir='ltr'><strong>‘nam</strong></span> <span class='ocrx_word' id='word_1_239' title='bbox 1872 2158 1904 2210; x_wconf 90' lang='lat' dir='ltr'><strong>et</strong></span> <span class='ocrx_word' id='word_1_240' title='bbox 1925 2150 2029 2230; x_wconf 85' lang='lat' dir='ltr'><strong>prosit</strong></span> <span class='ocrx_word' id='word_1_241' title='bbox 2049 2151 2209 2214; x_wconf 89' lang='lat' dir='ltr'><strong>moribus.</strong></span> <span class='ocrx_word' id='word_1_242' title='bbox 2252 2151 2423 2217; x_wconf 87' lang='lat' dir='ltr'><strong>Exuscitat</strong></span> 
     </span>
     <span class='ocr_line' id='line_1_18' title="bbox 441 2229 2421 2317; baseline -0.002 -14"><span class='ocrx_word' id='word_1_243' title='bbox 441 2250 477 2303; x_wconf 89' lang='lat' dir='ltr'><strong>et</strong></span> <span class='ocrx_word' id='word_1_244' title='bbox 497 2248 586 2301; x_wconf 89' lang='lat' dir='ltr'><strong>recta</strong></span> <span class='ocrx_word' id='word_1_245' title='bbox 607 2238 767 2301; x_wconf 86' lang='lat' dir='ltr'><strong>sententia</strong></span> <span class='ocrx_word' id='word_1_246' title='bbox 789 2240 831 2301; x_wconf 91' lang='lat' dir='ltr'><strong>de</strong></span> <span class='ocrx_word' id='word_1_247' title='bbox 851 2236 944 2314; x_wconf 90' lang='lat' dir='ltr'><strong>Deo,</strong></span> <span class='ocrx_word' id='word_1_248' title='bbox 976 2238 1018 2300; x_wconf 92' lang='lat' dir='ltr'><strong>de</strong></span> <span class='ocrx_word' id='word_1_249' title='bbox 1048 2237 1232 2313; x_wconf 86' lang='lat' dir='ltr'><strong>creatione,</strong></span> <span class='ocrx_word' id='word_1_250' title='bbox 1265 2254 1308 2299; x_wconf 88' lang='lat' dir='ltr'><strong>ex</strong></span> <span class='ocrx_word' id='word_1_251' title='bbox 1335 2235 1409 2317; x_wconf 90' lang='lat' dir='ltr'><strong>ipso</strong></span> <span class='ocrx_word' id='word_1_252' title='bbox 1454 2235 1538 2298; x_wconf 90' lang='lat' dir='ltr'><strong>enim</strong></span> <span class='ocrx_word' id='word_1_253' title='bbox 1560 2244 1592 2296; x_wconf 90' lang='lat' dir='ltr'><strong>et</strong></span> <span class='ocrx_word' id='word_1_254' title='bbox 1611 2234 1783 2296; x_wconf 84' lang='lat' dir='ltr'><strong>confirmat</strong></span> <span class='ocrx_word' id='word_1_255' title='bbox 1803 2232 1837 2292; x_wconf 94' lang='lat' dir='ltr'><strong>in</strong></span> <span class='ocrx_word' id='word_1_256' title='bbox 1860 2232 1977 2295; x_wconf 89' lang='lat' dir='ltr'><strong>animis</strong></span> <span class='ocrx_word' id='word_1_257' title='bbox 2000 2229 2192 2317; x_wconf 76' lang='lat' dir='ltr'><strong>religionem</strong></span> <span class='ocrx_word' id='word_1_258' title='bbox 2215 2248 2247 2299; x_wconf 89' lang='lat' dir='ltr'><strong>et</strong></span> <span class='ocrx_word' id='word_1_259' title='bbox 2262 2236 2421 2300; x_wconf 88' lang='lat' dir='ltr'><strong>honestas</strong></span> 
     </span>
     <span class='ocr_line' id='line_1_19' title="bbox 425 2316 2420 2399; baseline -0.001 -13"><span class='ocrx_word' id='word_1_260' title='bbox 425 2323 543 2386; x_wconf 86' lang='lat' dir='ltr'><strong>¹verbo</strong></span> <span class='ocrx_word' id='word_1_261' title='bbox 570 2320 651 2394; x_wconf 80' lang='lat' dir='ltr'><strong>Dei3</strong></span> <span class='ocrx_word' id='word_1_262' title='bbox 682 2332 761 2385; x_wconf 91' lang='lat' dir='ltr'><strong>tnnc</strong></span> <span class='ocrx_word' id='word_1_263' title='bbox 789 2332 823 2384; x_wconf 91' lang='lat' dir='ltr'><strong>et</strong></span> <span class='ocrx_word' id='word_1_264' title='bbox 848 2318 929 2385; x_wconf 92' lang='lat' dir='ltr'><strong>utile</strong></span> <span class='ocrx_word' id='word_1_265' title='bbox 958 2332 990 2383; x_wconf 87' lang='lat' dir='ltr'><strong>et</strong></span> <span class='ocrx_word' id='word_1_266' title='bbox 1016 2321 1196 2385; x_wconf 78' lang='lat' dir='ltr'><strong>iucundum</strong></span> <span class='ocrx_word' id='word_1_267' title='bbox 1219 2330 1287 2397; x_wconf 88' lang='lat' dir='ltr'><strong>est,</strong></span> <span class='ocrx_word' id='word_1_268' title='bbox 1314 2321 1409 2382; x_wconf 90' lang='lat' dir='ltr'><strong>etiam</strong></span> <span class='ocrx_word' id='word_1_269' title='bbox 1453 2341 1474 2384; x_wconf 95' lang='lat' dir='ltr'><strong>o</strong></span> <span class='ocrx_word' id='word_1_270' title='bbox 1496 2320 1624 2381; x_wconf 93' lang='lat' dir='ltr'><strong>iniones</strong></span> <span class='ocrx_word' id='word_1_271' title='bbox 1647 2317 1690 2380; x_wconf 91' lang='lat' dir='ltr'><strong>de</strong></span> <span class='ocrx_word' id='word_1_272' title='bbox 1706 2316 1894 2399; x_wconf 89' lang='lat' dir='ltr'><strong>praesentia</strong></span> <span class='ocrx_word' id='word_1_273' title='bbox 1910 2336 1951 2380; x_wconf 90' lang='lat' dir='ltr'><strong>ac</strong></span> <span class='ocrx_word' id='word_1_274' title='bbox 1967 2318 2089 2380; x_wconf 86' lang='lat' dir='ltr'><strong>iustitia</strong></span> <span class='ocrx_word' id='word_1_275' title='bbox 2099 2316 2174 2381; x_wconf 90' lang='lat' dir='ltr'><strong>Dei.</strong></span> <span class='ocrx_word' id='word_1_276' title='bbox 2207 2320 2420 2386; x_wconf 83' lang='lat' dir='ltr'><strong>Fiuntautetn</strong></span> 
     </span>
     <span class='ocr_line' id='line_1_20' title="bbox 439 2400 2421 2491; baseline 0 -22"><span class='ocrx_word' id='word_1_277' title='bbox 439 2406 599 2491; x_wconf 82' lang='lat' dir='ltr'><strong>quaerere</strong></span> <span class='ocrx_word' id='word_1_278' title='bbox 621 2407 760 2487; x_wconf 84' lang='lat' dir='ltr'><strong>vestigia</strong></span> <span class='ocrx_word' id='word_1_279' title='bbox 780 2405 843 2467; x_wconf 92' lang='lat' dir='ltr'><strong>Dei</strong></span> <span class='ocrx_word' id='word_1_280' title='bbox 866 2407 899 2467; x_wconf 92' lang='lat' dir='ltr'><strong>in</strong></span> <span class='ocrx_word' id='word_1_281' title='bbox 929 2415 1063 2482; x_wconf 88' lang='lat' dir='ltr'><strong>natura,</strong></span> <span class='ocrx_word' id='word_1_282' title='bbox 1088 2417 1120 2468; x_wconf 91' lang='lat' dir='ltr'><strong>et</strong></span> <span class='ocrx_word' id='word_1_283' title='bbox 1147 2404 1293 2467; x_wconf 87' lang='lat' dir='ltr'><strong>rationes</strong></span> <span class='ocrx_word' id='word_1_284' title='bbox 1316 2400 1408 2468; x_wconf 93' lang='lat' dir='ltr'><strong>colli·</strong></span> <span class='ocrx_word' id='word_1_285' title='bbox 1453 2406 1461 2423; x_wconf 89' lang='lat'>&#39;</span> <span class='ocrx_word' id='word_1_286' title='bbox 1489 2404 1632 2467; x_wconf 79' lang='lat' dir='ltr'><strong>uaniora</strong></span> <span class='ocrx_word' id='word_1_287' title='bbox 1652 2401 1736 2465; x_wconf 91' lang='lat' dir='ltr'><strong>haec</strong></span> <span class='ocrx_word' id='word_1_288' title='bbox 1764 2401 1903 2477; x_wconf 90' lang='lat' dir='ltr'><strong>indicia,</strong></span> <span class='ocrx_word' id='word_1_289' title='bbox 1931 2412 1963 2463; x_wconf 92' lang='lat' dir='ltr'><strong>et</strong></span> <span class='ocrx_word' id='word_1_290' title='bbox 1984 2402 2119 2485; x_wconf 87' lang='lat' dir='ltr'><strong>propius</strong></span> <span class='ocrx_word' id='word_1_291' title='bbox 2133 2403 2180 2485; x_wconf 75' lang='lat'><strong>⁵⁶)</strong></span> <span class='ocrx_word' id='word_1_292' title='bbox 2210 2405 2421 2487; x_wconf 88' lang='lat' dir='ltr'><strong>aspiciuntur,</strong></span> 
     </span>
     <span class='ocr_line' id='line_1_21' title="bbox 439 2485 2421 2574; baseline 0.001 -23"><span class='ocrx_word' id='word_1_293' title='bbox 439 2498 530 2574; x_wconf 82' lang='lat' dir='ltr'><strong>gete,</strong></span> <span class='ocrx_word' id='word_1_294' title='bbox 553 2498 638 2571; x_wconf 86' lang='lat' dir='ltr'><strong>q&#39;uae</strong></span> <span class='ocrx_word' id='word_1_295' title='bbox 659 2499 821 2552; x_wconf 87' lang='lat' dir='ltr'><strong>testantur</strong></span> <span class='ocrx_word' id='word_1_296' title='bbox 842 2507 920 2552; x_wconf 91' lang='lat' dir='ltr'><strong>esse</strong></span> <span class='ocrx_word' id='word_1_297' title='bbox 940 2487 1060 2553; x_wconf 89' lang='lat' dir='ltr'><strong>Deum.</strong></span> <span class='ocrx_word' id='word_1_298' title='bbox 1105 2486 1204 2551; x_wconf 83' lang='lat' dir='ltr'><strong>Certe</strong></span> <span class='ocrx_word' id='word_1_299' title='bbox 1226 2490 1311 2551; x_wconf 91' lang='lat' dir='ltr'><strong>enim</strong></span> <span class='ocrx_word' id='word_1_300' title='bbox 1333 2489 1407 2551; x_wconf 92' lang='lat' dir='ltr'><strong>ideo</strong></span> <span class='ocrx_word' id='word_1_301' title='bbox 1453 2507 1528 2551; x_wconf 92' lang='lat' dir='ltr'><strong>cnm</strong></span> <span class='ocrx_word' id='word_1_302' title='bbox 1545 2485 1718 2551; x_wconf 86' lang='lat' dir='ltr'><strong>adhibetur</strong></span> <span class='ocrx_word' id='word_1_303' title='bbox 1739 2504 1820 2549; x_wconf 89' lang='lat' dir='ltr'><strong>vera</strong></span> <span class='ocrx_word' id='word_1_304' title='bbox 1836 2485 2050 2569; x_wconf 84' lang='lat' dir='ltr'><strong>physicorum</strong></span> <span class='ocrx_word' id='word_1_305' title='bbox 2068 2486 2225 2551; x_wconf 87' lang='lat' dir='ltr'><strong>doctrina.</strong></span> <span class='ocrx_word' id='word_1_306' title='bbox 2269 2488 2310 2553; x_wconf 87' lang='lat' dir='ltr'><strong>Et</strong></span> <span class='ocrx_word' id='word_1_307' title='bbox 2324 2486 2421 2571; x_wconf 90' lang='lat' dir='ltr'><strong>plura</strong></span> 
     </span>
     <span class='ocr_line' id='line_1_22' title="bbox 437 2568 2419 2655; baseline -0.001 -18"><span class='ocrx_word' id='word_1_308' title='bbox 437 2584 554 2637; x_wconf 88' lang='lat' dir='ltr'><strong>natura</strong></span> <span class='ocrx_word' id='word_1_309' title='bbox 579 2582 647 2635; x_wconf 90' lang='lat' dir='ltr'><strong>tota</strong></span> <span class='ocrx_word' id='word_1_310' title='bbox 669 2590 777 2637; x_wconf 87' lang='lat' dir='ltr'><strong>rerum</strong></span> <span class='ocrx_word' id='word_1_311' title='bbox 806 2574 937 2639; x_wconf 89' lang='lat' dir='ltr'><strong>condita</strong></span> <span class='ocrx_word' id='word_1_312' title='bbox 958 2584 1025 2648; x_wconf 90' lang='lat' dir='ltr'><strong>est,</strong></span> <span class='ocrx_word' id='word_1_313' title='bbox 1053 2582 1089 2635; x_wconf 91' lang='lat' dir='ltr'><strong>ut</strong></span> <span class='ocrx_word' id='word_1_314' title='bbox 1109 2569 1217 2635; x_wconf 85' lang='lat' dir='ltr'><strong>Deum</strong></span> <span class='ocrx_word' id='word_1_315' title='bbox 1239 2582 1407 2635; x_wconf 76' lang='lat' dir='ltr'><strong>monsuet.</strong></span> <span class='ocrx_word' id='word_1_316' title='bbox 1452 2571 1589 2635; x_wconf 81' lang='lat' dir='ltr'><strong>offerent</strong></span> <span class='ocrx_word' id='word_1_317' title='bbox 1610 2592 1648 2634; x_wconf 93' lang='lat' dir='ltr'><strong>se</strong></span> <span class='ocrx_word' id='word_1_318' title='bbox 1671 2572 1755 2635; x_wconf 92' lang='lat' dir='ltr'><strong>vesti</strong></span> <span class='ocrx_word' id='word_1_319' title='bbox 1781 2570 1789 2587; x_wconf 90' lang='lat'>&#39;</span> <span class='ocrx_word' id='word_1_320' title='bbox 1833 2570 2008 2633; x_wconf 88' lang='lat' dir='ltr'><strong>divinitatis</strong></span> <span class='ocrx_word' id='word_1_321' title='bbox 2030 2568 2100 2647; x_wconf 93' lang='lat' dir='ltr'><strong>his,</strong></span> <span class='ocrx_word' id='word_1_322' title='bbox 2122 2574 2178 2655; x_wconf 89' lang='lat' dir='ltr'><strong>qni</strong></span> <span class='ocrx_word' id='word_1_323' title='bbox 2203 2573 2351 2637; x_wconf 85' lang='lat' dir='ltr'><strong>studiose</strong></span> <span class='ocrx_word' id='word_1_324' title='bbox 2372 2572 2419 2636; x_wconf 92' lang='lat' dir='ltr'><strong>in-</strong></span> 
     </span>
     <span class='ocr_line' id='line_1_23' title="bbox 438 2652 2418 2742; baseline -0.002 -21"><span class='ocrx_word' id='word_1_325' title='bbox 438 2655 814 2731; x_wconf 57' lang='lat' dir='ltr'><strong>ituaemanttestaefl)</strong></span> <span class='ocrx_word' id='word_1_326' title='bbox 826 2657 1121 2720; x_wconf 89' lang='lat' dir='ltr'><strong>demonstrationes</strong></span> <span class='ocrx_word' id='word_1_327' title='bbox 1134 2653 1245 2742; x_wconf 85' lang='lat' dir='ltr'><strong>colligi</strong></span> <span class='ocrx_word' id='word_1_328' title='bbox 1257 2666 1408 2737; x_wconf 87' lang='lat' dir='ltr'><strong>possunt,</strong></span> <span class='ocrx_word' id='word_1_329' title='bbox 1452 2658 1584 2740; x_wconf 88' lang='lat' dir='ltr'><strong>quirunt</strong></span> <span class='ocrx_word' id='word_1_330' title='bbox 1600 2668 1633 2719; x_wconf 90' lang='lat' dir='ltr'><strong>et</strong></span> <span class='ocrx_word' id='word_1_331' title='bbox 1654 2657 1747 2721; x_wconf 89' lang='lat' dir='ltr'><strong>consi</strong></span> <span class='ocrx_word' id='word_1_332' title='bbox 1771 2667 1863 2717; x_wconf 90' lang='lat' dir='ltr'><strong>erant</strong></span> <span class='ocrx_word' id='word_1_333' title='bbox 1885 2664 2052 2731; x_wconf 78' lang='lat' dir='ltr'><strong>neutram,</strong></span> <span class='ocrx_word' id='word_1_334' title='bbox 2075 2666 2107 2717; x_wconf 91' lang='lat' dir='ltr'><strong>et</strong></span> <span class='ocrx_word' id='word_1_335' title='bbox 2122 2657 2299 2737; x_wconf 87' lang='lat' dir='ltr'><strong>prudenter</strong></span> <span class='ocrx_word' id='word_1_336' title='bbox 2315 2652 2418 2740; x_wconf 90' lang='lat' dir='ltr'><strong>philo·</strong></span> 
     </span>
     <span class='ocr_line' id='line_1_24' title="bbox 438 2737 2420 2825; baseline -0.001 -20"><span class='ocrx_word' id='word_1_337' title='bbox 438 2760 524 2825; x_wconf 89' lang='lat' dir='ltr'><strong>quae</strong></span> <span class='ocrx_word' id='word_1_338' title='bbox 545 2751 707 2804; x_wconf 85' lang='lat' dir='ltr'><strong>testantur</strong></span> <span class='ocrx_word' id='word_1_339' title='bbox 723 2741 878 2804; x_wconf 89' lang='lat' dir='ltr'><strong>mundum</strong></span> <span class='ocrx_word' id='word_1_340' title='bbox 895 2758 960 2803; x_wconf 93' lang='lat' dir='ltr'><strong>non</strong></span> <span class='ocrx_word' id='word_1_341' title='bbox 982 2742 1128 2805; x_wconf 88' lang='lat' dir='ltr'><strong>extitisse</strong></span> <span class='ocrx_word' id='word_1_342' title='bbox 1140 2760 1233 2819; x_wconf 76' lang='lat' dir='ltr'><strong>casu,</strong></span> <span class='ocrx_word' id='word_1_343' title='bbox 1250 2758 1317 2804; x_wconf 94' lang='lat' dir='ltr'><strong>non</strong></span> <span class='ocrx_word' id='word_1_344' title='bbox 1329 2739 1407 2803; x_wconf 83' lang='lat' dir='ltr'><strong>ferri</strong></span> <span class='ocrx_word' id='word_1_345' title='bbox 1451 2740 1645 2823; x_wconf 89' lang='lat' dir='ltr'><strong>sophantur.</strong></span> <span class='ocrx_word' id='word_1_346' title='bbox 1687 2738 1860 2822; x_wconf 80' lang='lat' dir='ltr'><strong>Epicuraei</strong></span> <span class='ocrx_word' id='word_1_347' title='bbox 1877 2737 1955 2803; x_wconf 85' lang='lat' dir='ltr'><strong>sacti</strong></span> <span class='ocrx_word' id='word_1_348' title='bbox 1979 2750 2058 2803; x_wconf 88' lang='lat' dir='ltr'><strong>sunt</strong></span> <span class='ocrx_word' id='word_1_349' title='bbox 2074 2739 2179 2814; x_wconf 75' lang='grc' dir='ltr'>ἄθεοι,</span> <span class='ocrx_word' id='word_1_350' title='bbox 2230 2743 2287 2804; x_wconf 88' lang='lat' dir='ltr'><strong>uia</strong></span> <span class='ocrx_word' id='word_1_351' title='bbox 2308 2758 2420 2804; x_wconf 88' lang='lat' dir='ltr'><strong>corru-</strong></span> 
     </span>
     <span class='ocr_line' id='line_1_25' title="bbox 439 2820 2419 2910; baseline -0.002 -21"><span class='ocrx_word' id='word_1_352' title='bbox 439 2826 616 2901; x_wconf 88' lang='lat' dir='ltr'><strong>casu,·sed</strong></span> <span class='ocrx_word' id='word_1_353' title='bbox 638 2825 706 2909; x_wconf 81' lang='lat' dir='ltr'><strong>regi</strong></span> <span class='ocrx_word' id='word_1_354' title='bbox 729 2825 837 2887; x_wconf 82' lang='lat' dir='ltr'><strong>onmia</strong></span> <span class='ocrx_word' id='word_1_355' title='bbox 857 2836 966 2888; x_wconf 88' lang='lat' dir='ltr'><strong>mente</strong></span> <span class='ocrx_word' id='word_1_356' title='bbox 986 2823 1099 2908; x_wconf 90' lang='lat' dir='ltr'><strong>aliqua</strong></span> <span class='ocrx_word' id='word_1_357' title='bbox 1119 2827 1279 2889; x_wconf 89' lang='lat' dir='ltr'><strong>immensa</strong></span> <span class='ocrx_word' id='word_1_358' title='bbox 1302 2836 1334 2888; x_wconf 91' lang='lat' dir='ltr'><strong>et</strong></span> <span class='ocrx_word' id='word_1_359' title='bbox 1351 2844 1407 2887; x_wconf 90' lang='lat' dir='ltr'><strong>ae·</strong></span> <span class='ocrx_word' id='word_1_360' title='bbox 1449 2835 1568 2908; x_wconf 86' lang='lat' dir='ltr'><strong>perum</strong></span> <span class='ocrx_word' id='word_1_361' title='bbox 1591 2824 1766 2910; x_wconf 89' lang='lat' dir='ltr'><strong>Physicen.</strong></span> <span class='ocrx_word' id='word_1_362' title='bbox 1811 2823 1855 2887; x_wconf 82' lang='lat' dir='ltr'><strong>At</strong></span> <span class='ocrx_word' id='word_1_363' title='bbox 1884 2820 1969 2887; x_wconf 92' lang='lat' dir='ltr'><strong>alios</strong></span> <span class='ocrx_word' id='word_1_364' title='bbox 1997 2825 2053 2907; x_wconf 94' lang='lat' dir='ltr'><strong>qui</strong></span> <span class='ocrx_word' id='word_1_365' title='bbox 2081 2834 2171 2888; x_wconf 89' lang='lat' dir='ltr'><strong>recte</strong></span> <span class='ocrx_word' id='word_1_366' title='bbox 2199 2845 2221 2906; x_wconf 95' lang='lat' dir='ltr'><strong>p</strong></span> <span class='ocrx_word' id='word_1_367' title='bbox 2245 2821 2419 2905; x_wconf 88' lang='lat' dir='ltr'><strong>ilosophati</strong></span> 
     </span>
     <span class='ocr_line' id='line_1_26' title="bbox 437 2907 2421 2993; baseline -0.002 -21"><span class='ocrx_word' id='word_1_368' title='bbox 437 2920 540 2972; x_wconf 85' lang='lat' dir='ltr'><strong>terna.</strong></span> <span class='ocrx_word' id='word_1_369' title='bbox 584 2908 660 2972; x_wconf 93' lang='lat' dir='ltr'><strong>ldeo</strong></span> <span class='ocrx_word' id='word_1_370' title='bbox 683 2918 715 2970; x_wconf 90' lang='lat' dir='ltr'><strong>et</strong></span> <span class='ocrx_word' id='word_1_371' title='bbox 735 2907 859 2972; x_wconf 91' lang='lat' dir='ltr'><strong>Paulus</strong></span> <span class='ocrx_word' id='word_1_372' title='bbox 877 2909 920 2970; x_wconf 91' lang='lat' dir='ltr'><strong>ad</strong></span> <span class='ocrx_word' id='word_1_373' title='bbox 941 2908 1055 2973; x_wconf 90' lang='lat' dir='ltr'><strong>Roma.</strong></span> <span class='ocrx_word' id='word_1_374' title='bbox 1069 2909 1194 2988; x_wconf 64' lang='lat' dir='ltr'><strong>[mih]</strong></span> <span class='ocrx_word' id='word_1_375' title='bbox 1212 2911 1333 2993; x_wconf 87' lang='lat' dir='ltr'><strong>inquit:</strong></span> <span class='ocrx_word' id='word_1_376' title='bbox 1360 2910 1407 2973; x_wconf 94' lang='lat' dir='ltr'><strong>di·</strong></span> <span class='ocrx_word' id='word_1_377' title='bbox 1450 2920 1545 2987; x_wconf 88' lang='lat' dir='ltr'><strong>sunt,</strong></span> <span class='ocrx_word' id='word_1_378' title='bbox 1578 2920 1694 2974; x_wconf 91' lang='lat' dir='ltr'><strong>natura</strong></span> <span class='ocrx_word' id='word_1_379' title='bbox 1726 2910 1799 2971; x_wconf 91' lang='lat' dir='ltr'><strong>isa</strong></span> <span class='ocrx_word' id='word_1_380' title='bbox 1826 2908 1960 2972; x_wconf 82' lang='lat' dir='ltr'><strong>deduxit</strong></span> <span class='ocrx_word' id='word_1_381' title='bbox 1986 2910 2030 2972; x_wconf 94' lang='lat' dir='ltr'><strong>ad</strong></span> <span class='ocrx_word' id='word_1_382' title='bbox 2057 2908 2143 2971; x_wconf 89' lang='lat' dir='ltr'><strong>hanc</strong></span> <span class='ocrx_word' id='word_1_383' title='bbox 2166 2908 2291 2985; x_wconf 89' lang='lat' dir='ltr'><strong>lucem,</strong></span> <span class='ocrx_word' id='word_1_384' title='bbox 2323 2918 2359 2971; x_wconf 94' lang='lat' dir='ltr'><strong>ut</strong></span> <span class='ocrx_word' id='word_1_385' title='bbox 2388 2916 2421 2969; x_wconf 94' lang='lat' dir='ltr'><strong>et</strong></span> 
     </span>
     <span class='ocr_line' id='line_1_27' title="bbox 437 2930 2419 3078; baseline -0.003 -22"><span class='ocrx_word' id='word_1_386' title='bbox 437 2994 603 3057; x_wconf 89' lang='lat' dir='ltr'><strong>vinitatem</strong></span> <span class='ocrx_word' id='word_1_387' title='bbox 623 2993 656 3055; x_wconf 90' lang='lat' dir='ltr'><strong>in</strong></span> <span class='ocrx_word' id='word_1_388' title='bbox 683 3002 800 3057; x_wconf 87' lang='lat' dir='ltr'><strong>natura</strong></span> <span class='ocrx_word' id='word_1_389' title='bbox 825 2993 984 3076; x_wconf 72' lang='lat' dir='ltr'><strong>conspici.</strong></span> <span class='ocrx_word' id='word_1_390' title='bbox 1027 2991 1071 3056; x_wconf 83' lang='lat' dir='ltr'><strong>Et</strong></span> <span class='ocrx_word' id='word_1_391' title='bbox 1086 2994 1120 3056; x_wconf 92' lang='lat' dir='ltr'><strong>in</strong></span> <span class='ocrx_word' id='word_1_392' title='bbox 1143 2993 1236 3057; x_wconf 79' lang='lat' dir='ltr'><strong>Actis</strong></span> <span class='ocrx_word' id='word_1_393' title='bbox 1260 2992 1328 3073; x_wconf 86' lang='grc'><strong>[17,</strong></span> <span class='ocrx_word' id='word_1_394' title='bbox 1339 2994 1404 3070; x_wconf 68' lang='lat' dir='ltr'><strong>aa]</strong></span> <span class='ocrx_word' id='word_1_395' title='bbox 1450 2996 1644 3078; x_wconf 89' lang='lat' dir='ltr'><strong>agnoverint</strong></span> <span class='ocrx_word' id='word_1_396' title='bbox 1661 2930 1869 3069; x_wconf 63' lang='lat' dir='ltr'><strong>esselleum,</strong></span> <span class='ocrx_word' id='word_1_397' title='bbox 1887 3005 1919 3056; x_wconf 89' lang='lat' dir='ltr'><strong>et</strong></span> <span class='ocrx_word' id='word_1_398' title='bbox 1935 2992 2023 3055; x_wconf 91' lang='lat' dir='ltr'><strong>hanc</strong></span> <span class='ocrx_word' id='word_1_399' title='bbox 2041 3003 2189 3057; x_wconf 89' lang='lat' dir='ltr'><strong>naturam</strong></span> <span class='ocrx_word' id='word_1_400' title='bbox 2206 2994 2279 3075; x_wconf 86' lang='lat' dir='ltr'><strong>regi</strong></span> <span class='ocrx_word' id='word_1_401' title='bbox 2297 3001 2330 3054; x_wconf 94' lang='lat' dir='ltr'><strong>et</strong></span> <span class='ocrx_word' id='word_1_402' title='bbox 2341 3009 2419 3056; x_wconf 89' lang='lat' dir='ltr'><strong>oon·</strong></span> 
     </span>
     <span class='ocr_line' id='line_1_28' title="bbox 435 3074 2419 3179; baseline -0.002 -38"><span class='ocrx_word' id='word_1_403' title='bbox 435 3074 538 3141; x_wconf 85' lang='lat' dir='ltr'><strong>multo</strong></span> <span class='ocrx_word' id='word_1_404' title='bbox 550 3076 785 3160; x_wconf 85' lang='lat' dir='ltr'><strong>significantius</strong></span> <span class='ocrx_word' id='word_1_405' title='bbox 797 3077 910 3160; x_wconf 88' lang='lat' dir='ltr'><strong>inquit,</strong></span> <span class='ocrx_word' id='word_1_406' title='bbox 927 3078 1012 3141; x_wconf 86' lang='lat' dir='ltr'><strong>adeo</strong></span> <span class='ocrx_word' id='word_1_407' title='bbox 1032 3098 1135 3179; x_wconf 91' lang='lat' dir='ltr'><strong>prope</strong></span> <span class='ocrx_word' id='word_1_408' title='bbox 1152 3080 1274 3141; x_wconf 84' lang='lat' dir='ltr'><strong>adesse</strong></span> <span class='ocrx_word' id='word_1_409' title='bbox 1285 3076 1405 3154; x_wconf 91' lang='lat' dir='ltr'><strong>Deum,</strong></span> <span class='ocrx_word' id='word_1_410' title='bbox 1450 3079 1577 3141; x_wconf 89' lang='lat' dir='ltr'><strong>servari</strong></span> <span class='ocrx_word' id='word_1_411' title='bbox 1595 3078 1749 3141; x_wconf 90' lang='lat' dir='ltr'><strong>divinitus</strong></span> <span class='ocrx_word' id='word_1_412' title='bbox 1768 3078 2003 3141; x_wconf 82' lang='lat' dir='ltr'><strong>contenderint</strong></span> <span class='ocrx_word' id='word_1_413' title='bbox 2031 3074 2152 3139; x_wconf 83' lang='lat' dir='ltr'><strong>Extant</strong></span> <span class='ocrx_word' id='word_1_414' title='bbox 2167 3075 2419 3139; x_wconf 87' lang='lat' dir='ltr'><strong>honestissimae</strong></span> 
     </span>
     <span class='ocr_line' id='line_1_29' title="bbox 436 3157 2418 3245; baseline -0.003 -20"><span class='ocrx_word' id='word_1_415' title='bbox 436 3166 541 3244; x_wconf 81' lang='lat' dir='ltr'><strong>paene</strong></span> <span class='ocrx_word' id='word_1_416' title='bbox 561 3172 597 3225; x_wconf 92' lang='lat' dir='ltr'><strong>ut</strong></span> <span class='ocrx_word' id='word_1_417' title='bbox 616 3162 767 3224; x_wconf 89' lang='lat' dir='ltr'><strong>manibus</strong></span> <span class='ocrx_word' id='word_1_418' title='bbox 791 3165 985 3227; x_wconf 85' lang='lat' dir='ltr'><strong>contrectari</strong></span> <span class='ocrx_word' id='word_1_419' title='bbox 1014 3172 1131 3245; x_wconf 81' lang='lat' dir='ltr'><strong>possit.</strong></span> <span class='ocrx_word' id='word_1_420' title='bbox 1175 3160 1290 3226; x_wconf 89' lang='lat' dir='ltr'><strong>Voluit</strong></span> <span class='ocrx_word' id='word_1_421' title='bbox 1316 3159 1405 3225; x_wconf 90' lang='lat' dir='ltr'><strong>hand</strong></span> <span class='ocrx_word' id='word_1_422' title='bbox 1450 3163 1687 3245; x_wconf 87' lang='lat' dir='ltr'><strong>disputationes</strong></span> <span class='ocrx_word' id='word_1_423' title='bbox 1704 3163 1738 3223; x_wconf 93' lang='lat' dir='ltr'><strong>in</strong></span> <span class='ocrx_word' id='word_1_424' title='bbox 1750 3160 1837 3224; x_wconf 90' lang='lat' dir='ltr'><strong>hanc</strong></span> <span class='ocrx_word' id='word_1_425' title='bbox 1854 3162 2047 3223; x_wconf 87' lang='lat' dir='ltr'><strong>sententiam</strong></span> <span class='ocrx_word' id='word_1_426' title='bbox 2059 3160 2146 3241; x_wconf 88' lang='lat' dir='ltr'><strong>apud</strong></span> <span class='ocrx_word' id='word_1_427' title='bbox 2157 3157 2418 3241; x_wconf 90' lang='lat' dir='ltr'><strong>Xenophontem,</strong></span> 
     </span>
     <span class='ocr_line' id='line_1_30' title="bbox 437 3239 2419 3331; baseline -0.004 -20"><span class='ocrx_word' id='word_1_428' title='bbox 437 3246 533 3311; x_wconf 85' lang='lat' dir='ltr'><strong>dubie</strong></span> <span class='ocrx_word' id='word_1_429' title='bbox 551 3239 679 3309; x_wconf 87' lang='lat' dir='ltr'><strong>Paulus</strong></span> <span class='ocrx_word' id='word_1_430' title='bbox 700 3246 819 3331; x_wconf 78' lang='lat' dir='ltr'><strong>insigni</strong></span> <span class='ocrx_word' id='word_1_431' title='bbox 841 3248 944 3310; x_wconf 86' lang='lat' dir='ltr'><strong>verbo</strong></span> <span class='ocrx_word' id='word_1_432' title='bbox 966 3248 1025 3321; x_wconf 91' lang='lat' dir='ltr'><strong>uti,</strong></span> <span class='ocrx_word' id='word_1_433' title='bbox 1043 3256 1078 3309; x_wconf 89' lang='lat' dir='ltr'><strong>ut</strong></span> <span class='ocrx_word' id='word_1_434' title='bbox 1100 3247 1258 3310; x_wconf 85' lang='lat' dir='ltr'><strong>excitaret</strong></span> <span class='ocrx_word' id='word_1_435' title='bbox 1279 3264 1340 3308; x_wconf 89' lang='lat' dir='ltr'><strong>nos</strong></span> <span class='ocrx_word' id='word_1_436' title='bbox 1362 3247 1405 3309; x_wconf 91' lang='lat' dir='ltr'><strong>ad</strong></span> <span class='ocrx_word' id='word_1_437' title='bbox 1449 3250 1504 3329; x_wconf 91' lang='lat' dir='ltr'><strong>qui</strong></span> <span class='ocrx_word' id='word_1_438' title='bbox 1531 3266 1607 3315; x_wconf 87' lang='lat' dir='ltr'><strong>cum</strong></span> <span class='ocrx_word' id='word_1_439' title='bbox 1630 3242 1733 3310; x_wconf 89' lang='lat' dir='ltr'><strong>multa</strong></span> <span class='ocrx_word' id='word_1_440' title='bbox 1755 3255 1950 3329; x_wconf 64' lang='lat' dir='ltr'><strong>argumenta</strong></span> <span class='ocrx_word' id='word_1_441' title='bbox 1971 3240 2120 3327; x_wconf 78' lang='lat' dir='ltr'><strong>collegit,</strong></span> <span class='ocrx_word' id='word_1_442' title='bbox 2148 3243 2279 3306; x_wconf 89' lang='lat' dir='ltr'><strong>tandem</strong></span> <span class='ocrx_word' id='word_1_443' title='bbox 2304 3239 2419 3324; x_wconf 82' lang='lat' dir='ltr'><strong>inquit,</strong></span> 
     </span>
    </p>
   </div>
   <div class='ocr_carea' id='block_1_3' title="bbox 435 3325 2419 3476">
    <p class='ocr_par' dir='ltr' id='par_1_3' title="bbox 435 3325 2419 3476">
     <span class='ocr_line' id='line_1_31' title="bbox 435 3325 2419 3476; baseline -0.003 -83"><span class='ocrx_word' id='word_1_444' title='bbox 435 3326 521 3395; x_wconf 85' lang='lat' dir='ltr'><strong>hanc</strong></span> <span class='ocrx_word' id='word_1_445' title='bbox 543 3328 800 3412; x_wconf 90' lang='lat' dir='ltr'><strong>Philosophiam.</strong></span> <span class='ocrx_word' id='word_1_446' title='bbox 845 3330 945 3393; x_wconf 85' lang='lat' dir='ltr'><strong>Addit</strong></span> <span class='ocrx_word' id='word_1_447' title='bbox 973 3331 1059 3391; x_wconf 88' lang='lat' dir='ltr'><strong>enim</strong></span> <span class='ocrx_word' id='word_1_448' title='bbox 1088 3330 1207 3394; x_wconf 91' lang='lat' dir='ltr'><strong>indicia</strong></span> <span class='ocrx_word' id='word_1_449' title='bbox 1229 3330 1404 3395; x_wconf 90' lang='lat' dir='ltr'><strong>divinitatis</strong></span> <span class='ocrx_word' id='word_1_450' title='bbox 1450 3350 1492 3392; x_wconf 88' lang='lat' dir='ltr'><strong>ex</strong></span> <span class='ocrx_word' id='word_1_451' title='bbox 1507 3325 1560 3393; x_wconf 90' lang='lat' dir='ltr'><strong>his</strong></span> <span class='ocrx_word' id='word_1_452' title='bbox 1576 3326 1701 3476; x_wconf 71' lang='lat' dir='ltr'><strong>liquide</strong></span> <span class='ocrx_word' id='word_1_453' title='bbox 1718 3340 1882 3405; x_wconf 81' lang='lat' dir='ltr'><strong>constare,</strong></span> <span class='ocrx_word' id='word_1_454' title='bbox 1899 3330 1989 3413; x_wconf 89' lang='lat' dir='ltr'><strong>quod</strong></span> <span class='ocrx_word' id='word_1_455' title='bbox 2010 3348 2077 3391; x_wconf 93' lang='lat' dir='ltr'><strong>non</strong></span> <span class='ocrx_word' id='word_1_456' title='bbox 2088 3327 2249 3391; x_wconf 86' lang='lat' dir='ltr'><strong>extiterint</strong></span> <span class='ocrx_word' id='word_1_457' title='bbox 2258 3344 2312 3388; x_wconf 90' lang='lat' dir='ltr'><strong>res</strong></span> <span class='ocrx_word' id='word_1_458' title='bbox 2325 3341 2419 3401; x_wconf 88' lang='lat' dir='ltr'><strong>casu,</strong></span> 
     </span>
    </p>
   </div>
   <div class='ocr_carea' id='block_1_4' title="bbox 432 3408 2420 5096">
    <p class='ocr_par' dir='ltr' id='par_1_4' title="bbox 432 3408 2420 4011">
     <span class='ocr_line' id='line_1_32' title="bbox 435 3408 2420 3499; baseline -0.004 -22"><span class='ocrx_word' id='word_1_459' title='bbox 435 3414 509 3479; x_wconf 90' lang='lat' dir='ltr'><strong>ldeo</strong></span> <span class='ocrx_word' id='word_1_460' title='bbox 536 3414 705 3499; x_wconf 89' lang='lat' dir='ltr'><strong>proposita</strong></span> <span class='ocrx_word' id='word_1_461' title='bbox 722 3434 816 3490; x_wconf 82' lang='lat' dir='ltr'><strong>esse,</strong></span> <span class='ocrx_word' id='word_1_462' title='bbox 843 3425 878 3476; x_wconf 92' lang='lat' dir='ltr'><strong>ut</strong></span> <span class='ocrx_word' id='word_1_463' title='bbox 899 3412 962 3476; x_wconf 90' lang='lat' dir='ltr'><strong>Dei</strong></span> <span class='ocrx_word' id='word_1_464' title='bbox 990 3414 1209 3493; x_wconf 89' lang='lat' dir='ltr'><strong>praesentiam</strong></span> <span class='ocrx_word' id='word_1_465' title='bbox 1236 3414 1404 3477; x_wconf 86' lang='lat' dir='ltr'><strong>discamus</strong></span> <span class='ocrx_word' id='word_1_466' title='bbox 1449 3416 1510 3479; x_wconf 92' lang='lat' dir='ltr'><strong>sed</strong></span> <span class='ocrx_word' id='word_1_467' title='bbox 1528 3434 1595 3497; x_wconf 93' lang='lat' dir='ltr'><strong>quo</strong></span> <span class='ocrx_word' id='word_1_468' title='bbox 1634 3412 1777 3476; x_wconf 91' lang='lat' dir='ltr'><strong>mundus</strong></span> <span class='ocrx_word' id='word_1_469' title='bbox 1799 3414 1842 3475; x_wconf 91' lang='lat' dir='ltr'><strong>sit</strong></span> <span class='ocrx_word' id='word_1_470' title='bbox 1860 3411 2026 3497; x_wconf 83' lang='lat' dir='ltr'><strong>opificium</strong></span> <span class='ocrx_word' id='word_1_471' title='bbox 2049 3415 2227 3495; x_wconf 68' lang='lat' dir='ltr'><strong>erpoinum</strong></span> <span class='ocrx_word' id='word_1_472' title='bbox 2247 3408 2420 3492; x_wconf 68' lang='lat' dir='ltr'><strong>dpuotqpoi</strong></span> 
     </span>
     <span class='ocr_line' id='line_1_33' title="bbox 435 3493 2418 3581; baseline -0.004 -18"><span class='ocrx_word' id='word_1_473' title='bbox 435 3500 469 3563; x_wconf 93' lang='lat' dir='ltr'><strong>in</strong></span> <span class='ocrx_word' id='word_1_474' title='bbox 488 3510 605 3564; x_wconf 89' lang='lat' dir='ltr'><strong>natura</strong></span> <span class='ocrx_word' id='word_1_475' title='bbox 627 3497 849 3561; x_wconf 90' lang='lat' dir='ltr'><strong>considerare.</strong></span> <span class='ocrx_word' id='word_1_476' title='bbox 893 3495 977 3559; x_wconf 84' lang='lat' dir='ltr'><strong>Tota</strong></span> <span class='ocrx_word' id='word_1_477' title='bbox 997 3496 1096 3579; x_wconf 87' lang='lat' dir='ltr'><strong>igitur</strong></span> <span class='ocrx_word' id='word_1_478' title='bbox 1112 3514 1222 3559; x_wconf 84' lang='lat' dir='ltr'><strong>rernm</strong></span> <span class='ocrx_word' id='word_1_479' title='bbox 1243 3496 1405 3560; x_wconf 88' lang='lat' dir='ltr'><strong>universi·</strong></span> <span class='ocrx_word' id='word_1_480' title='bbox 1449 3502 1501 3560; x_wconf 72' lang='grc' dir='ltr'><strong>καὶ</strong></span> <span class='ocrx_word' id='word_1_481' title='bbox 1520 3496 1731 3579; x_wconf 59' lang='grc' dir='ltr'>φιλοζώωδηὶ</span> <span class='ocrx_word' id='word_1_482' title='bbox 1770 3493 1975 3562; x_wconf 86' lang='lat' dir='ltr'><strong>Dulcissima</strong></span> <span class='ocrx_word' id='word_1_483' title='bbox 1991 3494 2141 3581; x_wconf 83' lang='lat' dir='ltr'><strong>profecto</strong></span> <span class='ocrx_word' id='word_1_484' title='bbox 2162 3494 2340 3576; x_wconf 88' lang='lat' dir='ltr'><strong>descriptio</strong></span> <span class='ocrx_word' id='word_1_485' title='bbox 2357 3502 2418 3577; x_wconf 87' lang='lat' dir='ltr'><strong>est,</strong></span> 
     </span>
     <span class='ocr_line' id='line_1_34' title="bbox 434 3575 2408 3674; baseline 0.004 -29"><span class='ocrx_word' id='word_1_486' title='bbox 434 3592 485 3645; x_wconf 86' lang='lat' dir='ltr'><strong>tas</strong></span> <span class='ocrx_word' id='word_1_487' title='bbox 507 3583 709 3647; x_wconf 85' lang='lat' dir='ltr'><strong>existimetur</strong></span> <span class='ocrx_word' id='word_1_488' title='bbox 730 3598 806 3642; x_wconf 91' lang='lat' dir='ltr'><strong>esse</strong></span> <span class='ocrx_word' id='word_1_489' title='bbox 819 3578 1065 3642; x_wconf 88' lang='lat' dir='ltr'><strong>Sacramentum</strong></span> <span class='ocrx_word' id='word_1_490' title='bbox 1088 3580 1271 3663; x_wconf 84' lang='lat' dir='ltr'><strong>quoddam,</strong></span> <span class='ocrx_word' id='word_1_491' title='bbox 1292 3578 1405 3644; x_wconf 93' lang='lat' dir='ltr'><strong>videli·</strong></span> <span class='ocrx_word' id='word_1_492' title='bbox 1449 3584 1539 3665; x_wconf 92' lang='lat' dir='ltr'><strong>qnod</strong></span> <span class='ocrx_word' id='word_1_493' title='bbox 1566 3580 1675 3645; x_wconf 91' lang='lat' dir='ltr'><strong>Deum</strong></span> <span class='ocrx_word' id='word_1_494' title='bbox 1703 3592 1802 3646; x_wconf 85' lang='lat' dir='ltr'><strong>vocet</strong></span> <span class='ocrx_word' id='word_1_495' title='bbox 1830 3582 2033 3646; x_wconf 88' lang='lat' dir='ltr'><strong>conditorem</strong></span> <span class='ocrx_word' id='word_1_496' title='bbox 2064 3580 2275 3674; x_wconf 60' lang='lat' dir='ltr'><strong>cnidiam-⁵⁶3).</strong></span> <span class='ocrx_word' id='word_1_497' title='bbox 2330 3575 2408 3656; x_wconf 52' lang='grc' dir='ltr'><strong>Ψ</strong></span> 
     </span>
     <span class='ocr_line' id='line_1_35' title="bbox 436 3661 2420 3759; baseline 0.005 -29"><span class='ocrx_word' id='word_1_498' title='bbox 436 3678 498 3745; x_wconf 82' lang='grc' dir='ltr'>ιιι,</span> <span class='ocrx_word' id='word_1_499' title='bbox 520 3668 597 3748; x_wconf 86' lang='lat' dir='ltr'><strong>quia</strong></span> <span class='ocrx_word' id='word_1_500' title='bbox 618 3665 661 3725; x_wconf 90' lang='lat' dir='ltr'><strong>sit</strong></span> <span class='ocrx_word' id='word_1_501' title='bbox 681 3662 919 3738; x_wconf 87' lang='lat' dir='ltr'><strong>testimonium,</strong></span> <span class='ocrx_word' id='word_1_502' title='bbox 942 3663 1030 3745; x_wconf 89' lang='lat' dir='ltr'><strong>quod</strong></span> <span class='ocrx_word' id='word_1_503' title='bbox 1052 3664 1094 3727; x_wconf 90' lang='lat' dir='ltr'><strong>sit</strong></span> <span class='ocrx_word' id='word_1_504' title='bbox 1115 3661 1225 3741; x_wconf 87' lang='lat' dir='ltr'><strong>Deus,</strong></span> <span class='ocrx_word' id='word_1_505' title='bbox 1248 3665 1338 3749; x_wconf 91' lang='lat' dir='ltr'><strong>qnod</strong></span> <span class='ocrx_word' id='word_1_506' title='bbox 1362 3667 1405 3729; x_wconf 87' lang='lat' dir='ltr'><strong>sit</strong></span> <span class='ocrx_word' id='word_1_507' title='bbox 1448 3667 1533 3729; x_wconf 89' lang='lat' dir='ltr'><strong>enim</strong></span> <span class='ocrx_word' id='word_1_508' title='bbox 1551 3667 1594 3730; x_wconf 93' lang='lat' dir='ltr'><strong>ad</strong></span> <span class='ocrx_word' id='word_1_509' title='bbox 1611 3684 1709 3729; x_wconf 90' lang='lat' dir='ltr'><strong>usum</strong></span> <span class='ocrx_word' id='word_1_510' title='bbox 1725 3662 1893 3731; x_wconf 90' lang='lat' dir='ltr'><strong>hominum</strong></span> <span class='ocrx_word' id='word_1_511' title='bbox 1906 3668 2015 3732; x_wconf 90' lang='lat' dir='ltr'><strong>omnia</strong></span> <span class='ocrx_word' id='word_1_512' title='bbox 2031 3670 2162 3733; x_wconf 90' lang='lat' dir='ltr'><strong>condita</strong></span> <span class='ocrx_word' id='word_1_513' title='bbox 2173 3691 2262 3751; x_wconf 88' lang='lat' dir='ltr'><strong>esse,</strong></span> <span class='ocrx_word' id='word_1_514' title='bbox 2279 3675 2420 3759; x_wconf 90' lang='lat' dir='ltr'><strong>ideoque</strong></span> 
     </span>
     <span class='ocr_line' id='line_1_36' title="bbox 433 3744 2420 3837; baseline 0.006 -24"><span class='ocrx_word' id='word_1_515' title='bbox 433 3752 581 3833; x_wconf 83' lang='lat' dir='ltr'><strong>sapiens,</strong></span> <span class='ocrx_word' id='word_1_516' title='bbox 604 3749 724 3825; x_wconf 87' lang='lat' dir='ltr'><strong>bonus,</strong></span> <span class='ocrx_word' id='word_1_517' title='bbox 745 3749 862 3811; x_wconf 89' lang='lat' dir='ltr'><strong>iustus.</strong></span> <span class='ocrx_word' id='word_1_518' title='bbox 905 3744 1014 3832; x_wconf 86' lang='lat' dir='ltr'><strong>Leges</strong></span> <span class='ocrx_word' id='word_1_519' title='bbox 1036 3758 1181 3812; x_wconf 89' lang='lat' dir='ltr'><strong>motuum</strong></span> <span class='ocrx_word' id='word_1_520' title='bbox 1209 3746 1403 3814; x_wconf 88' lang='lat' dir='ltr'><strong>coelestiam</strong></span> <span class='ocrx_word' id='word_1_521' title='bbox 1447 3750 1522 3814; x_wconf 92' lang='lat' dir='ltr'><strong>Deo</strong></span> <span class='ocrx_word' id='word_1_522' title='bbox 1548 3770 1649 3815; x_wconf 89' lang='lat' dir='ltr'><strong>curae</strong></span> <span class='ocrx_word' id='word_1_523' title='bbox 1672 3768 1749 3813; x_wconf 82' lang='lat' dir='ltr'><strong>esse</strong></span> <span class='ocrx_word' id='word_1_524' title='bbox 1776 3749 1939 3815; x_wconf 86' lang='lat' dir='ltr'><strong>homines.</strong></span> <span class='ocrx_word' id='word_1_525' title='bbox 1994 3750 2061 3815; x_wconf 85' lang='lat' dir='ltr'><strong>larn</strong></span> <span class='ocrx_word' id='word_1_526' title='bbox 2079 3774 2235 3837; x_wconf 87' lang='lat' dir='ltr'><strong>quorsum</strong></span> <span class='ocrx_word' id='word_1_527' title='bbox 2262 3762 2420 3825; x_wconf 86' lang='lat' dir='ltr'><strong>attinebat</strong></span> 
     </span>
     <span class='ocr_line' id='line_1_37' title="bbox 435 3828 2418 3921; baseline 0.005 -24"><span class='ocrx_word' id='word_1_528' title='bbox 435 3846 502 3897; x_wconf 91' lang='lat' dir='ltr'><strong>tam</strong></span> <span class='ocrx_word' id='word_1_529' title='bbox 528 3828 620 3896; x_wconf 91' lang='lat' dir='ltr'><strong>multi</strong></span> <span class='ocrx_word' id='word_1_530' title='bbox 644 3830 727 3895; x_wconf 91' lang='lat' dir='ltr'><strong>lices</strong></span> <span class='ocrx_word' id='word_1_531' title='bbox 757 3841 875 3895; x_wconf 88' lang='lat' dir='ltr'><strong>ettam</strong></span> <span class='ocrx_word' id='word_1_532' title='bbox 897 3842 1023 3909; x_wconf 88' lang='lat' dir='ltr'><strong>certae,</strong></span> <span class='ocrx_word' id='word_1_533' title='bbox 1046 3849 1232 3897; x_wconf 88' lang='lat' dir='ltr'><strong>consensus</strong></span> <span class='ocrx_word' id='word_1_534' title='bbox 1255 3834 1403 3917; x_wconf 88' lang='lat' dir='ltr'><strong>superio-</strong></span> <span class='ocrx_word' id='word_1_535' title='bbox 1447 3833 1563 3899; x_wconf 82' lang='lat' dir='ltr'><strong>Deum·</strong></span> <span class='ocrx_word' id='word_1_536' title='bbox 1592 3846 1657 3898; x_wconf 85' lang='grc' dir='ltr'>ιιιιι</span> <span class='ocrx_word' id='word_1_537' title='bbox 1692 3835 1788 3898; x_wconf 84' lang='grc' dir='ltr'>ιιιιιίι</span> <span class='ocrx_word' id='word_1_538' title='bbox 1823 3834 1996 3899; x_wconf 84' lang='lat' dir='ltr'><strong>elaborare</strong></span> <span class='ocrx_word' id='word_1_539' title='bbox 2031 3836 2063 3899; x_wconf 92' lang='lat' dir='ltr'><strong>in</strong></span> <span class='ocrx_word' id='word_1_540' title='bbox 2097 3837 2228 3904; x_wconf 90' lang='lat' dir='ltr'><strong>homine</strong></span> <span class='ocrx_word' id='word_1_541' title='bbox 2259 3843 2418 3921; x_wconf 90' lang='lat' dir='ltr'><strong>iuvando,</strong></span> 
     </span>
     <span class='ocr_line' id='line_1_38' title="bbox 432 3917 2417 4011; baseline 0.006 -29"><span class='ocrx_word' id='word_1_542' title='bbox 432 3936 506 3983; x_wconf 87' lang='lat' dir='ltr'><strong>rum</strong></span> <span class='ocrx_word' id='word_1_543' title='bbox 528 3918 592 3979; x_wconf 91' lang='lat' dir='ltr'><strong>eti</strong></span> <span class='ocrx_word' id='word_1_544' title='bbox 630 3917 770 3979; x_wconf 87' lang='lat' dir='ltr'><strong>eriomm</strong></span> <span class='ocrx_word' id='word_1_545' title='bbox 794 3934 979 3996; x_wconf 88' lang='lat' dir='ltr'><strong>corporum,</strong></span> <span class='ocrx_word' id='word_1_546' title='bbox 1001 3917 1093 3979; x_wconf 89' lang='lat' dir='ltr'><strong>vices</strong></span> <span class='ocrx_word' id='word_1_547' title='bbox 1115 3927 1310 4001; x_wconf 88' lang='lat' dir='ltr'><strong>temporum,</strong></span> <span class='ocrx_word' id='word_1_548' title='bbox 1336 3918 1402 3981; x_wconf 91' lang='lat' dir='ltr'><strong>siu·</strong></span> <span class='ocrx_word' id='word_1_549' title='bbox 1446 3920 1579 3996; x_wconf 90' lang='lat' dir='ltr'><strong>tuendo,</strong></span> <span class='ocrx_word' id='word_1_550' title='bbox 1597 3920 1757 3997; x_wconf 91' lang='lat' dir='ltr'><strong>ornando,</strong></span> <span class='ocrx_word' id='word_1_551' title='bbox 1778 3920 1808 3984; x_wconf 91' lang='lat' dir='ltr'><strong>si</strong></span> <span class='ocrx_word' id='word_1_552' title='bbox 1824 3930 1948 3983; x_wconf 80' lang='lat' dir='ltr'><strong>tannim</strong></span> <span class='ocrx_word' id='word_1_553' title='bbox 1963 3918 2090 3985; x_wconf 89' lang='lat' dir='ltr'><strong>adhoc</strong></span> <span class='ocrx_word' id='word_1_554' title='bbox 2108 3925 2259 4009; x_wconf 82' lang='lat' dir='ltr'><strong>exiguum</strong></span> <span class='ocrx_word' id='word_1_555' title='bbox 2276 3930 2417 4011; x_wconf 88' lang='lat' dir='ltr'><strong>spatium</strong></span> 
     </span>
    </p>

    <p class='ocr_par' dir='ltr' id='par_1_5' title="bbox 434 4000 2417 5096">
     <span class='ocr_line' id='line_1_39' title="bbox 514 4000 2416 4091; baseline 0.007 -27"><span class='ocrx_word' id='word_1_556' title='bbox 514 4020 586 4064; x_wconf 88' lang='lat' dir='ltr'><strong>rum</strong></span> <span class='ocrx_word' id='word_1_557' title='bbox 609 4020 718 4063; x_wconf 87' lang='lat' dir='ltr'><strong>rerum</strong></span> <span class='ocrx_word' id='word_1_558' title='bbox 740 4010 877 4061; x_wconf 89' lang='lat' dir='ltr'><strong>naturae</strong></span> <span class='ocrx_word' id='word_1_559' title='bbox 894 4000 936 4063; x_wconf 93' lang='lat' dir='ltr'><strong>ad</strong></span> <span class='ocrx_word' id='word_1_560' title='bbox 960 4012 1069 4063; x_wconf 87' lang='lat' dir='ltr'><strong>certos</strong></span> <span class='ocrx_word' id='word_1_561' title='bbox 1092 4000 1177 4063; x_wconf 87' lang='lat' dir='ltr'><strong>fines</strong></span> <span class='ocrx_word' id='word_1_562' title='bbox 1199 4011 1298 4086; x_wconf 89' lang='lat' dir='ltr'><strong>atque</strong></span> <span class='ocrx_word' id='word_1_563' title='bbox 1320 4020 1402 4067; x_wconf 90' lang='lat' dir='ltr'><strong>usus</strong></span> <span class='ocrx_word' id='word_1_564' title='bbox 1446 4006 1533 4067; x_wconf 90' lang='lat' dir='ltr'><strong>vitae</strong></span> <span class='ocrx_word' id='word_1_565' title='bbox 1551 4002 1733 4085; x_wconf 87' lang='lat' dir='ltr'><strong>corporalis</strong></span> <span class='ocrx_word' id='word_1_566' title='bbox 1755 4004 1876 4067; x_wconf 92' lang='lat' dir='ltr'><strong>conditi</strong></span> <span class='ocrx_word' id='word_1_567' title='bbox 1899 4023 2068 4083; x_wconf 87' lang='lat' dir='ltr'><strong>essemus,</strong></span> <span class='ocrx_word' id='word_1_568' title='bbox 2095 4005 2305 4091; x_wconf 87' lang='lat' dir='ltr'><strong>Xenophonti</strong></span> <span class='ocrx_word' id='word_1_569' title='bbox 2326 4008 2416 4077; x_wconf 90' lang='lat' dir='ltr'><strong>lucet</strong></span> 
     </span>
     <span class='ocr_line' id='line_1_40' title="bbox 457 4083 2417 4177; baseline 0.006 -29"><span class='ocrx_word' id='word_1_570' title='bbox 457 4085 626 4161; x_wconf 90' lang='lat' dir='ltr'><strong>estinatae,</strong></span> <span class='ocrx_word' id='word_1_571' title='bbox 648 4083 857 4147; x_wconf 84' lang='lat' dir='ltr'><strong>conservatio</strong></span> <span class='ocrx_word' id='word_1_572' title='bbox 880 4094 1043 4147; x_wconf 85' lang='lat' dir='ltr'><strong>certarum</strong></span> <span class='ocrx_word' id='word_1_573' title='bbox 1066 4086 1269 4168; x_wconf 83' lang='lat' dir='ltr'><strong>specierum,</strong></span> <span class='ocrx_word' id='word_1_574' title='bbox 1291 4103 1402 4150; x_wconf 91' lang='lat' dir='ltr'><strong>nonne</strong></span> <span class='ocrx_word' id='word_1_575' title='bbox 1445 4089 1479 4151; x_wconf 94' lang='lat' dir='ltr'><strong>in</strong></span> <span class='ocrx_word' id='word_1_576' title='bbox 1499 4099 1617 4152; x_wconf 90' lang='lat' dir='ltr'><strong>natura</strong></span> <span class='ocrx_word' id='word_1_577' title='bbox 1633 4107 1754 4162; x_wconf 87' lang='lat' dir='ltr'><strong>rerum,</strong></span> <span class='ocrx_word' id='word_1_578' title='bbox 1772 4086 1836 4151; x_wconf 87' lang='lat' dir='ltr'><strong>Dei</strong></span> <span class='ocrx_word' id='word_1_579' title='bbox 1853 4108 1933 4172; x_wconf 86' lang='lat' dir='ltr'><strong>erga</strong></span> <span class='ocrx_word' id='word_1_580' title='bbox 1950 4110 2014 4153; x_wconf 89' lang='lat' dir='ltr'><strong>nos</strong></span> <span class='ocrx_word' id='word_1_581' title='bbox 2035 4094 2262 4177; x_wconf 67' lang='grc' dir='ltr'><strong>φιλανθρωπία.</strong></span> <span class='ocrx_word' id='word_1_582' title='bbox 2304 4094 2417 4167; x_wconf 83' lang='lat' dir='ltr'><strong>Quare</strong></span> 
     </span>
     <span class='ocr_line' id='line_1_41' title="bbox 435 4165 2415 4255; baseline 0.005 -22"><span class='ocrx_word' id='word_1_583' title='bbox 435 4170 515 4233; x_wconf 88' lang='lat' dir='ltr'><strong>satis</strong></span> <span class='ocrx_word' id='word_1_584' title='bbox 536 4166 627 4233; x_wconf 90' lang='lat' dir='ltr'><strong>clare</strong></span> <span class='ocrx_word' id='word_1_585' title='bbox 646 4165 812 4232; x_wconf 89' lang='lat' dir='ltr'><strong>clamitant</strong></span> <span class='ocrx_word' id='word_1_586' title='bbox 833 4165 920 4229; x_wconf 92' lang='lat' dir='ltr'><strong>hano</strong></span> <span class='ocrx_word' id='word_1_587' title='bbox 944 4187 1053 4231; x_wconf 90' lang='lat' dir='ltr'><strong>rerum</strong></span> <span class='ocrx_word' id='word_1_588' title='bbox 1074 4180 1223 4233; x_wconf 87' lang='lat' dir='ltr'><strong>naturam</strong></span> <span class='ocrx_word' id='word_1_589' title='bbox 1246 4189 1312 4233; x_wconf 95' lang='lat' dir='ltr'><strong>non</strong></span> <span class='ocrx_word' id='word_1_590' title='bbox 1335 4173 1401 4233; x_wconf 80' lang='lat' dir='ltr'><strong>eni-</strong></span> <span class='ocrx_word' id='word_1_591' title='bbox 1446 4184 1478 4235; x_wconf 88' lang='lat' dir='ltr'><strong>et</strong></span> <span class='ocrx_word' id='word_1_592' title='bbox 1504 4191 1568 4236; x_wconf 90' lang='lat' dir='ltr'><strong>nos</strong></span> <span class='ocrx_word' id='word_1_593' title='bbox 1602 4170 1780 4235; x_wconf 85' lang='lat' dir='ltr'><strong>Christiani</strong></span> <span class='ocrx_word' id='word_1_594' title='bbox 1806 4184 1956 4237; x_wconf 86' lang='lat' dir='ltr'><strong>naturam</strong></span> <span class='ocrx_word' id='word_1_595' title='bbox 1983 4175 2201 4255; x_wconf 87' lang='lat' dir='ltr'><strong>aspiciamus,</strong></span> <span class='ocrx_word' id='word_1_596' title='bbox 2226 4188 2259 4240; x_wconf 91' lang='lat' dir='ltr'><strong>et</strong></span> <span class='ocrx_word' id='word_1_597' title='bbox 2288 4180 2332 4243; x_wconf 92' lang='lat' dir='ltr'><strong>ibi</strong></span> <span class='ocrx_word' id='word_1_598' title='bbox 2351 4179 2415 4243; x_wconf 90' lang='lat' dir='ltr'><strong>Dei</strong></span> 
     </span>
     <span class='ocr_line' id='line_1_42' title="bbox 436 4249 2413 4341; baseline 0.004 -24"><span class='ocrx_word' id='word_1_599' title='bbox 436 4264 521 4317; x_wconf 89' lang='lat' dir='ltr'><strong>stere</strong></span> <span class='ocrx_word' id='word_1_600' title='bbox 543 4272 636 4329; x_wconf 89' lang='lat' dir='ltr'><strong>casu,</strong></span> <span class='ocrx_word' id='word_1_601' title='bbox 658 4252 717 4313; x_wconf 91' lang='lat' dir='ltr'><strong>sed</strong></span> <span class='ocrx_word' id='word_1_602' title='bbox 736 4262 825 4315; x_wconf 89' lang='lat' dir='ltr'><strong>certo</strong></span> <span class='ocrx_word' id='word_1_603' title='bbox 848 4249 989 4316; x_wconf 87' lang='lat' dir='ltr'><strong>consilio</strong></span> <span class='ocrx_word' id='word_1_604' title='bbox 1003 4254 1166 4316; x_wconf 88' lang='lat' dir='ltr'><strong>conditam</strong></span> <span class='ocrx_word' id='word_1_605' title='bbox 1181 4271 1257 4317; x_wconf 90' lang='lat' dir='ltr'><strong>esse</strong></span> <span class='ocrx_word' id='word_1_606' title='bbox 1279 4264 1402 4318; x_wconf 90' lang='lat' dir='ltr'><strong>etcon·</strong></span> <span class='ocrx_word' id='word_1_607' title='bbox 1468 4256 1665 4320; x_wconf 82' lang='lat' dir='ltr'><strong>mesentiam</strong></span> <span class='ocrx_word' id='word_1_608' title='bbox 1688 4266 1721 4319; x_wconf 88' lang='lat' dir='ltr'><strong>et</strong></span> <span class='ocrx_word' id='word_1_609' title='bbox 1737 4257 1969 4339; x_wconf 83' lang='lat' dir='ltr'><strong>benignitatem</strong></span> <span class='ocrx_word' id='word_1_610' title='bbox 1993 4278 2074 4341; x_wconf 81' lang='lat' dir='ltr'><strong>erga</strong></span> <span class='ocrx_word' id='word_1_611' title='bbox 2097 4278 2160 4321; x_wconf 91' lang='lat' dir='ltr'><strong>nos</strong></span> <span class='ocrx_word' id='word_1_612' title='bbox 2189 4272 2413 4327; x_wconf 90' lang='lat' dir='ltr'><strong>contueamur.</strong></span> 
     </span>
     <span class='ocr_line' id='line_1_43' title="bbox 435 4278 2415 4423; baseline 0.004 -22"><span class='ocrx_word' id='word_1_613' title='bbox 435 4336 581 4401; x_wconf 75' lang='lat' dir='ltr'><strong>servari?</strong></span> <span class='ocrx_word' id='word_1_614' title='bbox 630 4335 699 4400; x_wconf 90' lang='lat' dir='ltr'><strong>Sed</strong></span> <span class='ocrx_word' id='word_1_615' title='bbox 730 4338 1015 4418; x_wconf 85' lang='lat' dir='ltr'><strong>expressissimum</strong></span> <span class='ocrx_word' id='word_1_616' title='bbox 1048 4337 1221 4420; x_wconf 88' lang='lat' dir='ltr'><strong>vestigium</strong></span> <span class='ocrx_word' id='word_1_617' title='bbox 1256 4335 1318 4400; x_wconf 87' lang='lat' dir='ltr'><strong>Dei</strong></span> <span class='ocrx_word' id='word_1_618' title='bbox 1352 4350 1403 4403; x_wconf 92' lang='lat' dir='ltr'><strong>est</strong></span> <span class='ocrx_word' id='word_1_619' title='bbox 1445 4278 1519 4405; x_wconf 75' lang='lat' dir='ltr'><strong>lloc</strong></span> <span class='ocrx_word' id='word_1_620' title='bbox 1536 4340 1678 4403; x_wconf 89' lang='lat' dir='ltr'><strong>studium</strong></span> <span class='ocrx_word' id='word_1_621' title='bbox 1699 4334 1799 4403; x_wconf 86' lang='lat' dir='ltr'><strong>valde</strong></span> <span class='ocrx_word' id='word_1_622' title='bbox 1814 4342 1951 4421; x_wconf 90' lang='lat' dir='ltr'><strong>prodest</strong></span> <span class='ocrx_word' id='word_1_623' title='bbox 1970 4342 2012 4405; x_wconf 90' lang='lat' dir='ltr'><strong>ad</strong></span> <span class='ocrx_word' id='word_1_624' title='bbox 2035 4339 2258 4423; x_wconf 81' lang='lat' dir='ltr'><strong>disciplinam,</strong></span> <span class='ocrx_word' id='word_1_625' title='bbox 2283 4356 2317 4407; x_wconf 93' lang='lat' dir='ltr'><strong>et</strong></span> <span class='ocrx_word' id='word_1_626' title='bbox 2337 4365 2415 4408; x_wconf 87' lang='lat' dir='ltr'><strong>con-</strong></span> 
     </span>
     <span class='ocr_line' id='line_1_44' title="bbox 435 4418 2414 4507; baseline 0.003 -22"><span class='ocrx_word' id='word_1_627' title='bbox 435 4440 526 4485; x_wconf 91' lang='lat' dir='ltr'><strong>mens</strong></span> <span class='ocrx_word' id='word_1_628' title='bbox 547 4418 700 4496; x_wconf 92' lang='lat' dir='ltr'><strong>hominis,</strong></span> <span class='ocrx_word' id='word_1_629' title='bbox 719 4431 751 4483; x_wconf 89' lang='lat' dir='ltr'><strong>et</strong></span> <span class='ocrx_word' id='word_1_630' title='bbox 771 4422 903 4485; x_wconf 88' lang='lat' dir='ltr'><strong>notitiae</strong></span> <span class='ocrx_word' id='word_1_631' title='bbox 924 4422 1022 4485; x_wconf 90' lang='lat' dir='ltr'><strong>menti</strong></span> <span class='ocrx_word' id='word_1_632' title='bbox 1044 4422 1237 4503; x_wconf 88' lang='lat' dir='ltr'><strong>impressae,</strong></span> <span class='ocrx_word' id='word_1_633' title='bbox 1258 4419 1401 4499; x_wconf 89' lang='lat' dir='ltr'><strong>honesti,</strong></span> <span class='ocrx_word' id='word_1_634' title='bbox 1445 4424 1551 4487; x_wconf 86' lang='lat' dir='ltr'><strong>finnat</strong></span> <span class='ocrx_word' id='word_1_635' title='bbox 1566 4426 1600 4486; x_wconf 89' lang='lat' dir='ltr'><strong>in</strong></span> <span class='ocrx_word' id='word_1_636' title='bbox 1618 4424 1734 4486; x_wconf 90' lang='lat' dir='ltr'><strong>animis</strong></span> <span class='ocrx_word' id='word_1_637' title='bbox 1752 4424 1858 4487; x_wconf 89' lang='lat' dir='ltr'><strong>bonas</strong></span> <span class='ocrx_word' id='word_1_638' title='bbox 1876 4436 1909 4487; x_wconf 92' lang='lat' dir='ltr'><strong>et</strong></span> <span class='ocrx_word' id='word_1_639' title='bbox 1924 4428 1996 4507; x_wconf 89' lang='lat' dir='ltr'><strong>pias</strong></span> <span class='ocrx_word' id='word_1_640' title='bbox 2014 4427 2196 4506; x_wconf 91' lang='lat' dir='ltr'><strong>opiniones.</strong></span> <span class='ocrx_word' id='word_1_641' title='bbox 2223 4426 2291 4491; x_wconf 90' lang='lat' dir='ltr'><strong>Sed</strong></span> <span class='ocrx_word' id='word_1_642' title='bbox 2307 4440 2414 4491; x_wconf 91' lang='lat' dir='ltr'><strong>tamen</strong></span> 
     </span>
     <span class='ocr_line' id='line_1_45' title="bbox 434 4505 2415 4593; baseline 0.003 -22"><span class='ocrx_word' id='word_1_643' title='bbox 434 4507 521 4583; x_wconf 82' lang='lat' dir='ltr'><strong>iusti,</strong></span> <span class='ocrx_word' id='word_1_644' title='bbox 550 4516 583 4568; x_wconf 91' lang='lat' dir='ltr'><strong>et</strong></span> <span class='ocrx_word' id='word_1_645' title='bbox 615 4506 836 4569; x_wconf 83' lang='lat' dir='ltr'><strong>conscientiae</strong></span> <span class='ocrx_word' id='word_1_646' title='bbox 864 4517 1018 4570; x_wconf 88' lang='lat' dir='ltr'><strong>terrores.</strong></span> <span class='ocrx_word' id='word_1_647' title='bbox 1063 4506 1211 4570; x_wconf 88' lang='lat' dir='ltr'><strong>Necesse</strong></span> <span class='ocrx_word' id='word_1_648' title='bbox 1238 4517 1289 4567; x_wconf 90' lang='lat' dir='ltr'><strong>est</strong></span> <span class='ocrx_word' id='word_1_649' title='bbox 1316 4510 1401 4572; x_wconf 90' lang='lat' dir='ltr'><strong>enim</strong></span> <span class='ocrx_word' id='word_1_650' title='bbox 1443 4509 1529 4572; x_wconf 90' lang='lat' dir='ltr'><strong>haec</strong></span> <span class='ocrx_word' id='word_1_651' title='bbox 1551 4505 1765 4590; x_wconf 87' lang='lat' dir='ltr'><strong>Philosophia</strong></span> <span class='ocrx_word' id='word_1_652' title='bbox 1787 4510 1934 4593; x_wconf 85' lang='lat' dir='ltr'><strong>regenda</strong></span> <span class='ocrx_word' id='word_1_653' title='bbox 1961 4521 2013 4573; x_wconf 90' lang='lat' dir='ltr'><strong>est</strong></span> <span class='ocrx_word' id='word_1_654' title='bbox 2037 4510 2139 4573; x_wconf 90' lang='lat' dir='ltr'><strong>verbo</strong></span> <span class='ocrx_word' id='word_1_655' title='bbox 2167 4508 2241 4574; x_wconf 89' lang='lat' dir='ltr'><strong>Dei.</strong></span> <span class='ocrx_word' id='word_1_656' title='bbox 2285 4508 2415 4577; x_wconf 87' lang='lat' dir='ltr'><strong>Deinde</strong></span> 
     </span>
     <span class='ocr_line' id='line_1_46' title="bbox 434 4588 2414 4679; baseline 0.003 -26"><span class='ocrx_word' id='word_1_657' title='bbox 434 4588 530 4655; x_wconf 72' lang='lat' dir='ltr'><strong>aliun</strong></span> <span class='ocrx_word' id='word_1_658' title='bbox 550 4602 691 4653; x_wconf 88' lang='lat' dir='ltr'><strong>mentem</strong></span> <span class='ocrx_word' id='word_1_659' title='bbox 714 4610 800 4666; x_wconf 81' lang='lat' dir='ltr'><strong>esse,</strong></span> <span class='ocrx_word' id='word_1_660' title='bbox 822 4610 843 4653; x_wconf 86' lang='grc' dir='ltr'><strong>ι</strong></span> <span class='ocrx_word' id='word_1_661' title='bbox 865 4610 930 4673; x_wconf 87' lang='lat' dir='ltr'><strong>qna</strong></span> <span class='ocrx_word' id='word_1_662' title='bbox 946 4591 1111 4654; x_wconf 89' lang='lat' dir='ltr'><strong>hominnm</strong></span> <span class='ocrx_word' id='word_1_663' title='bbox 1131 4600 1257 4653; x_wconf 92' lang='lat' dir='ltr'><strong>mentes</strong></span> <span class='ocrx_word' id='word_1_664' title='bbox 1277 4602 1308 4653; x_wconf 94' lang='lat' dir='ltr'><strong>et</strong></span> <span class='ocrx_word' id='word_1_665' title='bbox 1324 4589 1401 4655; x_wconf 83' lang='lat' dir='ltr'><strong>illae</strong></span> <span class='ocrx_word' id='word_1_666' title='bbox 1444 4613 1567 4678; x_wconf 84' lang='lat' dir='ltr'><strong>magna</strong></span> <span class='ocrx_word' id='word_1_667' title='bbox 1582 4594 1688 4676; x_wconf 88' lang='lat' dir='ltr'><strong>pietas</strong></span> <span class='ocrx_word' id='word_1_668' title='bbox 1698 4604 1769 4671; x_wconf 83' lang='lat' dir='ltr'><strong>est,</strong></span> <span class='ocrx_word' id='word_1_669' title='bbox 1787 4594 1947 4657; x_wconf 82' lang='lat' dir='ltr'><strong>creaturis</strong></span> <span class='ocrx_word' id='word_1_670' title='bbox 1965 4595 2014 4656; x_wconf 90' lang='lat' dir='ltr'><strong>sic</strong></span> <span class='ocrx_word' id='word_1_671' title='bbox 2036 4595 2093 4669; x_wconf 91' lang='lat' dir='ltr'><strong>uti,</strong></span> <span class='ocrx_word' id='word_1_672' title='bbox 2110 4604 2147 4656; x_wconf 90' lang='lat' dir='ltr'><strong>ut</strong></span> <span class='ocrx_word' id='word_1_673' title='bbox 2161 4614 2222 4675; x_wconf 92' lang='lat' dir='ltr'><strong>per</strong></span> <span class='ocrx_word' id='word_1_674' title='bbox 2240 4612 2297 4657; x_wconf 91' lang='lat' dir='ltr'><strong>eas</strong></span> <span class='ocrx_word' id='word_1_675' title='bbox 2314 4591 2414 4679; x_wconf 87' lang='lat' dir='ltr'><strong>glori-</strong></span> 
     </span>
     <span class='ocr_line' id='line_1_47' title="bbox 434 4674 2413 4753; baseline 0.003 -16"><span class='ocrx_word' id='word_1_676' title='bbox 434 4674 565 4739; x_wconf 89' lang='lat' dir='ltr'><strong>notltiae</strong></span> <span class='ocrx_word' id='word_1_677' title='bbox 587 4684 679 4737; x_wconf 90' lang='lat' dir='ltr'><strong>ortae</strong></span> <span class='ocrx_word' id='word_1_678' title='bbox 701 4686 787 4737; x_wconf 87' lang='lat' dir='ltr'><strong>sunt.</strong></span> <span class='ocrx_word' id='word_1_679' title='bbox 831 4674 872 4737; x_wconf 89' lang='lat' dir='ltr'><strong>Et</strong></span> <span class='ocrx_word' id='word_1_680' title='bbox 901 4696 975 4738; x_wconf 90' lang='lat' dir='ltr'><strong>cum</strong></span> <span class='ocrx_word' id='word_1_681' title='bbox 1003 4674 1146 4739; x_wconf 88' lang='lat' dir='ltr'><strong>humana</strong></span> <span class='ocrx_word' id='word_1_682' title='bbox 1172 4693 1265 4737; x_wconf 90' lang='lat' dir='ltr'><strong>mens</strong></span> <span class='ocrx_word' id='word_1_683' title='bbox 1293 4686 1401 4739; x_wconf 89' lang='lat' dir='ltr'><strong>teneat</strong></span> <span class='ocrx_word' id='word_1_684' title='bbox 1445 4675 1581 4741; x_wconf 88' lang='lat' dir='ltr'><strong>iicemus</strong></span> <span class='ocrx_word' id='word_1_685' title='bbox 1599 4675 1719 4753; x_wconf 87' lang='lat' dir='ltr'><strong>Deum,</strong></span> <span class='ocrx_word' id='word_1_686' title='bbox 1741 4688 1774 4741; x_wconf 90' lang='lat' dir='ltr'><strong>et</strong></span> <span class='ocrx_word' id='word_1_687' title='bbox 1793 4688 2011 4741; x_wconf 88' lang='lat' dir='ltr'><strong>monstremus</strong></span> <span class='ocrx_word' id='word_1_688' title='bbox 2028 4678 2062 4737; x_wconf 89' lang='lat' dir='ltr'><strong>in</strong></span> <span class='ocrx_word' id='word_1_689' title='bbox 2079 4677 2131 4740; x_wconf 88' lang='lat' dir='ltr'><strong>his</strong></span> <span class='ocrx_word' id='word_1_690' title='bbox 2149 4679 2324 4741; x_wconf 88' lang='lat' dir='ltr'><strong>bonitatem</strong></span> <span class='ocrx_word' id='word_1_691' title='bbox 2342 4680 2413 4743; x_wconf 81' lang='lat' dir='ltr'><strong>eius</strong></span> 
     </span>
     <span class='ocr_line' id='line_1_48' title="bbox 435 4758 2414 4845; baseline 0.003 -24"><span class='ocrx_word' id='word_1_692' title='bbox 435 4758 622 4823; x_wconf 85' lang='lat' dir='ltr'><strong>discrimina</strong></span> <span class='ocrx_word' id='word_1_693' title='bbox 643 4759 783 4821; x_wconf 90' lang='lat' dir='ltr'><strong>iustitiae</strong></span> <span class='ocrx_word' id='word_1_694' title='bbox 804 4770 836 4820; x_wconf 93' lang='lat' dir='ltr'><strong>et</strong></span> <span class='ocrx_word' id='word_1_695' title='bbox 856 4760 1045 4837; x_wconf 89' lang='lat' dir='ltr'><strong>iniustitiae,</strong></span> <span class='ocrx_word' id='word_1_696' title='bbox 1074 4778 1217 4823; x_wconf 91' lang='lat' dir='ltr'><strong>necesse</strong></span> <span class='ocrx_word' id='word_1_697' title='bbox 1241 4770 1293 4821; x_wconf 89' lang='lat' dir='ltr'><strong>est</strong></span> <span class='ocrx_word' id='word_1_698' title='bbox 1315 4771 1346 4823; x_wconf 92' lang='lat' dir='ltr'><strong>et</strong></span> <span class='ocrx_word' id='word_1_699' title='bbox 1367 4762 1399 4822; x_wconf 94' lang='lat' dir='ltr'><strong>in</strong></span> <span class='ocrx_word' id='word_1_700' title='bbox 1445 4783 1485 4825; x_wconf 90' lang='lat' dir='ltr'><strong>ac</strong></span> <span class='ocrx_word' id='word_1_701' title='bbox 1506 4763 1738 4843; x_wconf 88' lang='lat' dir='ltr'><strong>praesentiam,</strong></span> <span class='ocrx_word' id='word_1_702' title='bbox 1756 4772 1943 4845; x_wconf 83' lang='lat' dir='ltr'><strong>etagamus</strong></span> <span class='ocrx_word' id='word_1_703' title='bbox 1968 4763 1998 4822; x_wconf 90' lang='lat' dir='ltr'><strong>ei</strong></span> <span class='ocrx_word' id='word_1_704' title='bbox 2017 4764 2151 4845; x_wconf 88' lang='lat' dir='ltr'><strong>gratias.</strong></span> <span class='ocrx_word' id='word_1_705' title='bbox 2194 4762 2286 4825; x_wconf 89' lang='lat' dir='ltr'><strong>Haec</strong></span> <span class='ocrx_word' id='word_1_706' title='bbox 2310 4763 2414 4826; x_wconf 85' lang='lat' dir='ltr'><strong>obiter</strong></span> 
     </span>
     <span class='ocr_line' id='line_1_49' title="bbox 434 4840 2413 4929; baseline 0.003 -24"><span class='ocrx_word' id='word_1_707' title='bbox 434 4840 489 4905; x_wconf 88' lang='lat' dir='ltr'><strong>illa</strong></span> <span class='ocrx_word' id='word_1_708' title='bbox 505 4851 757 4907; x_wconf 89' lang='lat' dir='ltr'><strong>aetemamente</strong></span> <span class='ocrx_word' id='word_1_709' title='bbox 774 4844 966 4925; x_wconf 88' lang='lat' dir='ltr'><strong>sapientiam</strong></span> <span class='ocrx_word' id='word_1_710' title='bbox 983 4854 1015 4905; x_wconf 91' lang='lat' dir='ltr'><strong>et</strong></span> <span class='ocrx_word' id='word_1_711' title='bbox 1032 4846 1184 4908; x_wconf 88' lang='lat' dir='ltr'><strong>iustitiam</strong></span> <span class='ocrx_word' id='word_1_712' title='bbox 1197 4863 1283 4907; x_wconf 91' lang='lat' dir='ltr'><strong>esse.</strong></span> <span class='ocrx_word' id='word_1_713' title='bbox 1318 4843 1400 4908; x_wconf 89' lang='lat' dir='ltr'><strong>Sunt</strong></span> <span class='ocrx_word' id='word_1_714' title='bbox 1444 4847 1520 4923; x_wconf 87' lang='lat' dir='ltr'><strong>dixi,</strong></span> <span class='ocrx_word' id='word_1_715' title='bbox 1533 4847 1767 4923; x_wconf 71' lang='lat' dir='ltr'><strong>utindicarem,</strong></span> <span class='ocrx_word' id='word_1_716' title='bbox 1786 4856 1948 4929; x_wconf 85' lang='lat' dir='ltr'><strong>quatenus</strong></span> <span class='ocrx_word' id='word_1_717' title='bbox 1966 4845 2044 4907; x_wconf 92' lang='lat' dir='ltr'><strong>mihi</strong></span> <span class='ocrx_word' id='word_1_718' title='bbox 2062 4842 2192 4928; x_wconf 90' lang='lat' dir='ltr'><strong>placeat</strong></span> <span class='ocrx_word' id='word_1_719' title='bbox 2208 4843 2413 4911; x_wconf 91' lang='lat' dir='ltr'><strong>haecPhilo·</strong></span> 
     </span>
     <span class='ocr_line' id='line_1_50' title="bbox 434 4926 2412 5015; baseline 0.001 -24"><span class='ocrx_word' id='word_1_720' title='bbox 434 4928 531 5009; x_wconf 80' lang='lat' dir='ltr'><strong>igitur</strong></span> <span class='ocrx_word' id='word_1_721' title='bbox 551 4926 715 4991; x_wconf 91' lang='lat' dir='ltr'><strong>humanae</strong></span> <span class='ocrx_word' id='word_1_722' title='bbox 737 4940 861 4991; x_wconf 89' lang='lat' dir='ltr'><strong>montes</strong></span> <span class='ocrx_word' id='word_1_723' title='bbox 887 4928 1046 5012; x_wconf 86' lang='lat' dir='ltr'><strong>imagines</strong></span> <span class='ocrx_word' id='word_1_724' title='bbox 1069 4931 1229 5011; x_wconf 90' lang='lat' dir='ltr'><strong>quaedam</strong></span> <span class='ocrx_word' id='word_1_725' title='bbox 1252 4929 1400 4993; x_wconf 91' lang='lat' dir='ltr'><strong>divinita·</strong></span> <span class='ocrx_word' id='word_1_726' title='bbox 1444 4930 1564 5014; x_wconf 85' lang='lat' dir='ltr'><strong>sophia</strong></span> <span class='ocrx_word' id='word_1_727' title='bbox 1591 4933 1632 4994; x_wconf 91' lang='lat' dir='ltr'><strong>de</strong></span> <span class='ocrx_word' id='word_1_728' title='bbox 1654 4931 1903 4995; x_wconf 90' lang='lat' dir='ltr'><strong>considerandis</strong></span> <span class='ocrx_word' id='word_1_729' title='bbox 1931 4930 2077 5015; x_wconf 86' lang='lat' dir='ltr'><strong>vestigiis</strong></span> <span class='ocrx_word' id='word_1_730' title='bbox 2103 4931 2277 4993; x_wconf 89' lang='lat' dir='ltr'><strong>divinitatis</strong></span> <span class='ocrx_word' id='word_1_731' title='bbox 2306 4931 2339 4991; x_wconf 94' lang='lat' dir='ltr'><strong>in</strong></span> <span class='ocrx_word' id='word_1_732' title='bbox 2356 4950 2412 4993; x_wconf 90' lang='lat' dir='ltr'><strong>na-</strong></span> 
     </span>
     <span class='ocr_line' id='line_1_51' title="bbox 434 5010 2132 5096; baseline 0.001 -23"><span class='ocrx_word' id='word_1_733' title='bbox 434 5012 493 5088; x_wconf 86' lang='lat' dir='ltr'><strong>tis,</strong></span> <span class='ocrx_word' id='word_1_734' title='bbox 514 5022 589 5089; x_wconf 88' lang='lat' dir='ltr'><strong>aut,</strong></span> <span class='ocrx_word' id='word_1_735' title='bbox 614 5023 650 5075; x_wconf 91' lang='lat' dir='ltr'><strong>nt</strong></span> <span class='ocrx_word' id='word_1_736' title='bbox 671 5014 714 5075; x_wconf 90' lang='lat' dir='ltr'><strong>ita</strong></span> <span class='ocrx_word' id='word_1_737' title='bbox 736 5012 861 5089; x_wconf 88' lang='lat' dir='ltr'><strong>dicam,</strong></span> <span class='ocrx_word' id='word_1_738' title='bbox 883 5010 1037 5094; x_wconf 88' lang='lat' dir='ltr'><strong>specula,</strong></span> <span class='ocrx_word' id='word_1_739' title='bbox 1059 5015 1091 5075; x_wconf 93' lang='lat' dir='ltr'><strong>in</strong></span> <span class='ocrx_word' id='word_1_740' title='bbox 1114 5014 1234 5096; x_wconf 91' lang='lat' dir='ltr'><strong>quibus</strong></span> <span class='ocrx_word' id='word_1_741' title='bbox 1257 5026 1400 5077; x_wconf 91' lang='lat' dir='ltr'><strong>contem·</strong></span> <span class='ocrx_word' id='word_1_742' title='bbox 1443 5028 1527 5091; x_wconf 90' lang='lat' dir='ltr'><strong>tura,</strong></span> <span class='ocrx_word' id='word_1_743' title='bbox 1549 5027 1581 5077; x_wconf 88' lang='lat' dir='ltr'><strong>et</strong></span> <span class='ocrx_word' id='word_1_744' title='bbox 1597 5017 1640 5078; x_wconf 89' lang='lat' dir='ltr'><strong>ad</strong></span> <span class='ocrx_word' id='word_1_745' title='bbox 1658 5035 1729 5078; x_wconf 90' lang='lat' dir='ltr'><strong>eam</strong></span> <span class='ocrx_word' id='word_1_746' title='bbox 1747 5015 1913 5079; x_wconf 88' lang='lat' dir='ltr'><strong>studiosos</strong></span> <span class='ocrx_word' id='word_1_747' title='bbox 1930 5014 2132 5077; x_wconf 86' lang='lat' dir='ltr'><strong>adhortarer.</strong></span> 
     </span>
    </p>
   </div>
   <div class='ocr_carea' id='block_1_5' title="bbox 333 5092 1399 5178">
    <p class='ocr_par' dir='ltr' id='par_1_6' title="bbox 333 5092 1399 5178">
     <span class='ocr_line' id='line_1_52' title="bbox 333 5092 1399 5178; baseline 0.002 -20"><span class='ocrx_word' id='word_1_748' title='bbox 333 5120 340 5129; x_wconf 92' lang='lat'>·</span> <span class='ocrx_word' id='word_1_749' title='bbox 433 5092 515 5176; x_wconf 84' lang='lat' dir='ltr'><strong>plari</strong></span> <span class='ocrx_word' id='word_1_750' title='bbox 534 5096 729 5160; x_wconf 87' lang='lat' dir='ltr'><strong>divinitatem</strong></span> <span class='ocrx_word' id='word_1_751' title='bbox 754 5099 921 5161; x_wconf 87' lang='lat' dir='ltr'><strong>debemus.</strong></span> <span class='ocrx_word' id='word_1_752' title='bbox 965 5095 1090 5161; x_wconf 92' lang='lat' dir='ltr'><strong>lndicat</strong></span> <span class='ocrx_word' id='word_1_753' title='bbox 1107 5099 1325 5178; x_wconf 86' lang='lat' dir='ltr'><strong>praesentiam</strong></span> <span class='ocrx_word' id='word_1_754' title='bbox 1337 5096 1399 5161; x_wconf 91' lang='lat' dir='ltr'><strong>Dei</strong></span> 
     </span>
    </p>
   </div>
   <div class='ocr_carea' id='block_1_6' title="bbox 434 5177 1400 5267">
    <p class='ocr_par' dir='ltr' id='par_1_7' title="bbox 434 5177 1400 5267">
     <span class='ocr_line' id='line_1_53' title="bbox 434 5177 1400 5267; baseline 0.003 -24"><span class='ocrx_word' id='word_1_755' title='bbox 434 5190 467 5243; x_wconf 89' lang='lat' dir='ltr'><strong>at</strong></span> <span class='ocrx_word' id='word_1_756' title='bbox 493 5177 627 5263; x_wconf 87' lang='lat' dir='ltr'><strong>politica</strong></span> <span class='ocrx_word' id='word_1_757' title='bbox 654 5184 797 5247; x_wconf 82' lang='lat' dir='ltr'><strong>societas</strong></span> <span class='ocrx_word' id='word_1_758' title='bbox 827 5182 957 5267; x_wconf 81' lang='lat' dir='ltr'><strong>generis</strong></span> <span class='ocrx_word' id='word_1_759' title='bbox 984 5182 1128 5244; x_wconf 90' lang='lat' dir='ltr'><strong>humani.</strong></span> <span class='ocrx_word' id='word_1_760' title='bbox 1170 5179 1284 5245; x_wconf 89' lang='lat' dir='ltr'><strong>Palam</strong></span> <span class='ocrx_word' id='word_1_761' title='bbox 1312 5184 1400 5245; x_wconf 87' lang='lat' dir='ltr'><strong>vide·</strong></span> 
     </span>
    </p>
   </div>
   <div class='ocr_carea' id='block_1_7' title="bbox 433 5264 2407 5603">
    <p class='ocr_par' dir='ltr' id='par_1_8' title="bbox 433 5264 2407 5383">
     <span class='ocr_line' id='line_1_54' title="bbox 433 5264 2407 5383; baseline 0.001 -56"><span class='ocrx_word' id='word_1_762' title='bbox 433 5284 508 5331; x_wconf 87' lang='lat' dir='ltr'><strong>mus</strong></span> <span class='ocrx_word' id='word_1_763' title='bbox 529 5265 665 5347; x_wconf 88' lang='lat' dir='ltr'><strong>imperia</strong></span> <span class='ocrx_word' id='word_1_764' title='bbox 685 5288 751 5331; x_wconf 93' lang='lat' dir='ltr'><strong>non</strong></span> <span class='ocrx_word' id='word_1_765' title='bbox 775 5286 891 5349; x_wconf 84' lang='lat' dir='ltr'><strong>posse,</strong></span> <span class='ocrx_word' id='word_1_766' title='bbox 918 5267 980 5329; x_wconf 87' lang='lat' dir='ltr'><strong>nisi</strong></span> <span class='ocrx_word' id='word_1_767' title='bbox 1004 5266 1114 5328; x_wconf 86' lang='lat' dir='ltr'><strong>divina</strong></span> <span class='ocrx_word' id='word_1_768' title='bbox 1136 5284 1217 5348; x_wconf 86' lang='lat' dir='ltr'><strong>ope,</strong></span> <span class='ocrx_word' id='word_1_769' title='bbox 1246 5269 1398 5329; x_wconf 89' lang='lat' dir='ltr'><strong>constitui</strong></span> <span class='ocrx_word' id='word_1_770' title='bbox 1443 5268 1491 5331; x_wconf 79' lang='lat'><strong>⁵⁵)</strong></span> <span class='ocrx_word' id='word_1_771' title='bbox 1509 5266 1649 5347; x_wconf 74' lang='lat' dir='ltr'><strong>quandam]</strong></span> <span class='ocrx_word' id='word_1_772' title='bbox 1667 5268 1809 5317; x_wconf 63' lang='lat' dir='ltr'><strong>⁰²²¹th</strong></span> <span class='ocrx_word' id='word_1_773' title='bbox 1824 5264 1919 5347; x_wconf 66' lang='lat' dir='ltr'><strong>ffl-</strong></span> <span class='ocrx_word' id='word_1_774' title='bbox 1938 5269 1962 5320; x_wconf 84' lang='lat'><strong>8.</strong></span> <span class='ocrx_word' id='word_1_775' title='bbox 1985 5268 2091 5380; x_wconf 61' lang='lat'><strong>¹¹4-13·</strong></span> <span class='ocrx_word' id='word_1_776' title='bbox 2110 5273 2136 5361; x_wconf 58' lang='lat' dir='ltr'><strong>tt</strong></span> <span class='ocrx_word' id='word_1_777' title='bbox 2154 5267 2216 5346; x_wconf 66' lang='lat'><strong>⁰9?-</strong></span> <span class='ocrx_word' id='word_1_778' title='bbox 2284 5334 2299 5382; x_wconf 58' lang='grc'><strong>6</strong></span> <span class='ocrx_word' id='word_1_779' title='bbox 2335 5332 2407 5383; x_wconf 61' lang='lat'><strong>⁸¹¹</strong></span> 
     </span>
    </p>

    <p class='ocr_par' dir='ltr' id='par_1_9' title="bbox 435 5334 2359 5532">
     <span class='ocr_line' id='line_1_55' title="bbox 435 5334 2359 5466; baseline -0.004 -7"><span class='ocrx_word' id='word_1_780' title='bbox 435 5438 633 5459; x_wconf 72' lang='grc'><strong>.---</strong></span> <span class='ocrx_word' id='word_1_781' title='bbox 1444 5336 1491 5397; x_wconf 65' lang='lat'><strong>⁵⁶³</strong></span> <span class='ocrx_word' id='word_1_782' title='bbox 1510 5334 1847 5466; x_wconf 60' lang='lat' dir='ltr'><strong>susurrium</strong></span> <span class='ocrx_word' id='word_1_783' title='bbox 1861 5336 2029 5465; x_wconf 59' lang='lat' dir='ltr'><strong>hibin:</strong></span> <span class='ocrx_word' id='word_1_784' title='bbox 2046 5336 2070 5385; x_wconf 84' lang='lat'><strong>⁵·</strong></span> <span class='ocrx_word' id='word_1_785' title='bbox 2090 5336 2125 5389; x_wconf 61' lang='lat'><strong>⁰¹·</strong></span> <span class='ocrx_word' id='word_1_786' title='bbox 2152 5334 2224 5384; x_wconf 54' lang='lat' dir='ltr'><strong>P*</strong></span> <span class='ocrx_word' id='word_1_787' title='bbox 2243 5336 2266 5384; x_wconf 74' lang='lat'>²</span> <span class='ocrx_word' id='word_1_788' title='bbox 2301 5358 2359 5378; x_wconf 86' lang='grc'><strong>“·</strong></span> 
     </span>
     <span class='ocr_line' id='line_1_56' title="bbox 1443 5470 1991 5532; baseline -0.004 -11"><span class='ocrx_word' id='word_1_789' title='bbox 1443 5470 1490 5531; x_wconf 74' lang='lat' dir='ltr'><strong>st)</strong></span> <span class='ocrx_word' id='word_1_790' title='bbox 1508 5472 1664 5532; x_wconf 77' lang='lat' dir='ltr'><strong>xenopnout.</strong></span> <span class='ocrx_word' id='word_1_791' title='bbox 1680 5472 1782 5523; x_wconf 82' lang='lat' dir='ltr'><strong>Mentor.</strong></span> <span class='ocrx_word' id='word_1_792' title='bbox 1800 5472 1869 5521; x_wconf 89' lang='lat' dir='ltr'><strong>socr.</strong></span> <span class='ocrx_word' id='word_1_793' title='bbox 1888 5472 1907 5524; x_wconf 83' lang='lat' dir='ltr'><strong>i.</strong></span> <span class='ocrx_word' id='word_1_794' title='bbox 1924 5472 1949 5527; x_wconf 83' lang='lat' dir='ltr'><strong>t,</strong></span> <span class='ocrx_word' id='word_1_795' title='bbox 1966 5474 1991 5522; x_wconf 89' lang='lat'><strong>7.</strong></span> 
     </span>
    </p>

    <p class='ocr_par' dir='ltr' id='par_1_10' title="bbox 434 5532 2020 5603">
     <span class='ocr_line' id='line_1_57' title="bbox 434 5532 2020 5603; baseline -0.003 -16"><span class='ocrx_word' id='word_1_796' title='bbox 434 5536 480 5595; x_wconf 76' lang='grc' dir='ltr'><strong>ιιι</strong></span> <span class='ocrx_word' id='word_1_797' title='bbox 498 5536 661 5601; x_wconf 73' lang='lat' dir='ltr'><strong>manifestae]</strong></span> <span class='ocrx_word' id='word_1_798' title='bbox 681 5537 723 5588; x_wconf 80' lang='lat' dir='ltr'><strong>Ed.</strong></span> <span class='ocrx_word' id='word_1_799' title='bbox 742 5540 763 5587; x_wconf 88' lang='lat'><strong>1.</strong></span> <span class='ocrx_word' id='word_1_800' title='bbox 780 5537 923 5589; x_wconf 76' lang='lat' dir='ltr'><strong>manifeste.</strong></span> <span class='ocrx_word' id='word_1_801' title='bbox 1443 5538 1490 5597; x_wconf 74' lang='lat'><strong>58)</strong></span> <span class='ocrx_word' id='word_1_802' title='bbox 1509 5532 1651 5603; x_wconf 73' lang='grc' dir='ltr'>φιλόζωον]</span> <span class='ocrx_word' id='word_1_803' title='bbox 1670 5537 1712 5589; x_wconf 79' lang='lat' dir='ltr'><strong>Ed.</strong></span> <span class='ocrx_word' id='word_1_804' title='bbox 1727 5538 1765 5589; x_wconf 88' lang='lat' dir='ltr'><strong>tt.</strong></span> <span class='ocrx_word' id='word_1_805' title='bbox 1786 5538 1867 5589; x_wconf 89' lang='lat' dir='ltr'><strong>mate:</strong></span> <span class='ocrx_word' id='word_1_806' title='bbox 1886 5534 2020 5602; x_wconf 75' lang='grc' dir='ltr'>φιλόιωον</span> 
     </span>
    </p>
   </div>
   <div class='ocr_carea' id='block_1_8' title="bbox 587 5633 2259 5694">
    <p class='ocr_par' dir='ltr' id='par_1_11' title="bbox 587 5633 2259 5694">
     <span class='ocr_line' id='line_1_58' title="bbox 587 5633 2259 5694; baseline 0.001 -2"><span class='ocrx_word' id='word_1_807' title='bbox 587 5652 704 5693; x_wconf 78' lang='lat' dir='ltr'><strong>sutura.</strong></span> <span class='ocrx_word' id='word_1_808' title='bbox 719 5652 784 5694; x_wconf 81' lang='lat' dir='ltr'><strong>orsa</strong></span> <span class='ocrx_word' id='word_1_809' title='bbox 799 5652 848 5693; x_wconf 86' lang='lat' dir='ltr'><strong>vu.</strong></span> <span class='ocrx_word' id='word_1_810' title='bbox 862 5652 911 5693; x_wconf 85' lang='grc' dir='ltr'><strong>ιιι</strong></span> <span class='ocrx_word' id='word_1_811' title='bbox 2227 5633 2259 5683; x_wconf 81' lang='lat'><strong>²⁴</strong></span> 
     </span>
    </p>
   </div>
   <div class='ocr_carea' id='block_1_9' title="bbox 0 0 2934 6728">
    <p class='ocr_par' dir='ltr' id='par_1_12' title="bbox 0 0 2934 6728">
     <span class='ocr_line' id='line_1_59' title="bbox 0 0 2934 6728; baseline 0 0"><span class='ocrx_word' id='word_1_812' title='bbox 0 0 2934 6728; x_wconf 95' lang='lat' dir='ltr'><strong> </strong></span> 
     </span>
    </p>
   </div>
  </div>
 </body>
</html>
