5859 6734
432 758 495 825 373
876 754 899 814 Ι.
922 751 1025 815 LOCl
1048 745 1327 815 THEOLOGlClt
1351 748 1390 812 C.
1416 744 1626 813 SECUNDA
1647 748 1805 813 EORUM
1831 749 1987 813 AETAS.
2366 757 2429 823 374

434 947 511 1008 bent
533 942 604 1010 veri
621 951 678 1002 aut
700 936 799 1012 firmi,
833 936 892 998 sed
915 946 993 997 sunt
1014 953 1125 996 merae
1146 935 1345 1017 praestigiae
1368 953 1409 996 ac
1429 962 1434 1013 f
1452 930 1539 994 Dei?
1559 950 1668 1015 neque
1689 952 1770 996 vero
1792 934 1930 998 iudicari
1947 937 1989 999 de
2010 936 2074 1001 hac
2119 938 2290 1002 uaestione
2308 951 2428 1021 potest,

434 1024 642 1110 Sophisticae
665 1022 950 1085 coacervationes.
979 1017 1108 1081 Deinde
1130 1028 1266 1079 nonest
1289 1019 1411 1080 obscu·
1452 1016 1516 1077 nisi
1549 1018 1738 1099 magnitudo
1772 1020 1916 1100 peccati,
1946 1022 2037 1103 quod
2066 1041 2111 1083 no
2135 1024 2238 1085 iseum
2270 1024 2428 1099 nascitur,

435 1131 517 1187 rum,
540 1121 697 1192 quantum
714 1105 797 1168 haec
807 1105 917 1186 opinio
935 1113 1053 1164 noceat
1073 1102 1184 1184 pietati
1202 1111 1234 1164 et
1249 1103 1409 1175 moribus,
1452 1118 1514 1163 seu
1547 1098 1706 1163 naturalis
1739 1101 1909 1165 infirmitas
1943 1105 2212 1179 considerentur3
2246 1109 2333 1184 item,
2364 1107 2429 1169 nisi

436 1197 466 1258 si
493 1196 542 1257 sic
568 1192 710 1255 sentiant
737 1188 899 1263 homines,
921 1198 958 1250 ut
979 1185 1122 1248 Zenonis
1144 1183 1299 1249 servulus
1322 1185 1410 1247 dice·
1452 1184 1598 1245 sciamus
1626 1180 1705 1269 lege
1719 1187 1766 1267 ⁶¹)
1795 1187 1860 1249 Dei
1891 1190 2015 1272 requiri
2042 1209 2108 1251 non
2137 1200 2261 1253 tantum
2292 1198 2430 1254 externa

438 1282 504 1355 bat,
520 1297 587 1341 uon
608 1277 730 1338 debere
748 1293 786 1336 se
831 1272 919 1347 lecti,
942 1272 1019 1353 quia
1040 1270 1155 1332 Stoico
1178 1266 1246 1332 sato
1269 1279 1410 1332 coactus
1453 1263 1561 1329 civilia
1582 1262 1682 1343 sacta,
1703 1270 1764 1331 sed
1785 1291 1828 1352 pe
1870 1283 1979 1334 etnam
2001 1285 2034 1336 et
2055 1269 2235 1354 perfectam
2255 1274 2355 1335 totius
2372 1290 2429 1335 na·

437 1372 526 1426 esset
545 1379 698 1445 peccare.
736 1357 790 1420 Ab
808 1294 861 1418 his
884 1355 1093 1436 opinionibus
1115 1353 1212 1416 decet
1228 1354 1302 1435 pios
1325 1353 1411 1415 auri·
1451 1361 1546 1412 turae
1568 1350 1795 1415 obedientiam.
1859 1375 1912 1420 arn
1934 1356 1962 1417 si
1984 1366 2103 1420 natura
2123 1356 2264 1420 hominis
2285 1375 2353 1418 non
2376 1374 2428 1418 es·

436 1449 498 1511 bas
520 1457 622 1528 atque
639 1445 755 1507 animis
777 1440 967 1504 abhorrere.
989 1442 1033 1509 ⁶⁰)
1453 1444 1506 1495 set
1534 1445 1690 1516 corrupta
1717 1448 1876 1517 peccato,
1902 1436 2040 1502 haberet
2062 1442 2234 1503 certiorem
2256 1450 2288 1502 et
2310 1437 2430 1503 clario-

770 1549 774 1557 ·
1430 1538 1523 1595 ‚rem
1553 1518 1594 1579 de
1615 1516 1689 1581 Deo
1717 1522 1879 1598 notitiam,
1905 1542 1972 1584 non
2001 1523 2164 1587 dubitaret
2193 1524 2234 1585 de
2261 1519 2430 1587 voluntate

495 1611 557 1677 DE
580 1607 781 1675 HUMANIS
802 1604 980 1670 VlRlBUS
1003 1602 1088 1667 SEU
1105 1601 1166 1666 DE
1189 1602 1350 1667 LIBERO
1430 1598 1434 1685 Ι
1452 1599 1528 1678 Dei,
1549 1598 1686 1664 haberet
1713 1623 1828 1667 verum
1850 1607 2014 1683 timorem,
2041 1627 2153 1670 veram
2175 1607 2350 1679 fiduciam3
2373 1608 2427 1669 de·

814 1720 1022 1787 ARBITRIO
1453 1685 1552 1767 nique
1583 1696 1769 1768 praestaret
1801 1689 2019 1753 obedientiam
2052 1691 2213 1776 integram
2245 1688 2325 1769 legi,
2362 1687 2428 1752 hoc

1025 1768 1033 1784 ‘
1269 1826 1271 1831 ,
1453 1779 1514 1844 est,
1536 1770 1569 1831 in
1591 1780 1708 1833 natura
1729 1768 1870 1835 hominis
1893 1784 2005 1837 essent
2027 1786 2134 1838 motus
2157 1792 2271 1837 omnes
2289 1792 2429 1838 consen·

523 1861 623 1927 Valla
642 1872 674 1924 et
710 1858 835 1944 lerique
853 1858 907 1923 alii
925 1868 1094 1921 nonrecte
1107 1853 1410 1920 detrahuntvolun·
1451 1854 1569 1916 tientes
1592 1874 1666 1919 cum
1691 1855 1764 1939 lege
1785 1855 1861 1933 Dei,
1883 1859 1970 1921 sicut
1991 1860 2024 1921 in
2053 1860 2114 1941 piis
2137 1858 2286 1945 Angelis.
2331 1860 2436 1928 Nunc'

436 1950 494 2015 tati
522 1947 663 2011 hominis
687 1882 873 2008 libertatem
899 1944 992 2019 ideo,
1021 1942 1097 2025 quia
1124 1939 1204 2003 fiant
1226 1941 1333 2003 onmia
1356 1940 1411 2002 de·
1452 1947 1562 2000 autem
1599 1948 1718 2002 natura
1754 1939 1897 2004 hominis
1937 1962 2099 2025 opressa
2130 1946 2248 2009 morbo
2281 1947 2428 2033 originis,

439 2044 594 2097 oemente
614 2029 707 2100 De03
742 2040 840 2112 atque
863 2030 907 2090 ita
927 2029 961 2089 in
983 2028 1173 2089 universum
1191 2022 1311 2087 tollunt
1334 2043 1410 2085 con·
1451 2017 1550 2103 plena
1582 2032 1634 2085 cst
1666 2023 1890 2104 dubitationis,
1923 1964 2091 2112 caliginis,
2124 2049 2286 2111 errorum,
2319 2052 2428 2121 neque

437 2115 636 2199 tingentiam.
667 2112 736 2175 Sed
752 2113 859 2176 aliena
882 2123 935 2174 est
957 2110 1135 2193 disputatio
1159 2112 1200 2173 de
1217 2110 1410 2193 contingen·
1451 2124 1532 2168 vere
1554 2106 1644 2168 timet
1665 2105 1785 2185 Deum,
1807 2128 1871 2173 nec
1892 2130 1973 2175 vere
1995 2112 2144 2191 confidit,
2167 2118 2309 2200 denique
2330 2117 2428 2201 plena

438 2202 483 2264 tia
510 2199 551 2261 ab
581 2197 647 2261 hoc
673 2193 749 2259 loco
777 2197 819 2260 de
837 2198 962 2259 viribus
983 2194 1146 2258 humanis.
1190 2192 1251 2256 Hic
1274 2194 1358 2255 enim
1376 2193 1426 2263 in.
1452 2200 1503 2252 est
1528 2190 1724 2256 vitiosorum
1752 2192 1939 2259 affectuum.
1988 2194 2042 2259 De
2069 2196 2132 2260 hac
2160 2199 2344 2267 infirmitate
2371 2202 2426 2267 hic

437 2281 590 2347 Ecclesia
616 2281 799 2362 quaeritur,
823 2277 931 2362 qualis
960 2281 1007 2340 sit
1027 2289 1145 2341 natura
1166 2277 1327 2350 hominis3
1367 2296 1409 2338 an
1452 2276 1638 2357 quaeritur:
1683 2288 1840 2360 quantum
1878 2290 2049 2362 praestare
2088 2280 2231 2347 humana
2269 2284 2425 2351 voluntas

437 2364 615 2449 perfectam
650 2365 867 2427 obedientiam
897 2360 964 2445 legi
991 2361 1053 2423 Dei
1083 2374 1254 2443 praestare
1278 2359 1410 2445 possit?
1451 2359 1567 2442 possit.

436 2450 513 2514 Non
536 2450 705 2532 quaeritur
736 2449 778 2511 de
801 2466 924 2511 arcano
948 2444 1011 2509 Dei
1034 2444 1174 2509 consilio
1196 2446 1410 2530 gubernantis
1537 2441 1683 2508 Primum
1711 2446 1810 2531 igitur
1836 2449 2045 2530 respondeo:
2072 2446 2156 2514 Cum
2177 2452 2210 2515 in
2231 2463 2348 2517 natura
2368 2453 2427 2517 ho-

438 2535 566 2605 omnia3
588 2552 655 2595 uon
674 2534 843 2615 quaeritur
860 2533 901 2594 de
917 2532 1235 2614 praedestinatione;
1253 2550 1320 2594 non
1342 2530 1411 2616 agi·
1451 2529 1547 2592 minis
1569 2527 1731 2613 reliquum
1754 2533 1796 2594 sit
1817 2532 1970 2597 iudicium
1999 2546 2031 2598 et
2052 2532 2200 2599 delectus
2223 2538 2355 2621 quidam
2376 2558 2427 2603 re·

437 2630 492 2684 tur
509 2622 551 2686 de
569 2616 720 2685 omnibus
739 2617 1017 2701 contingentibus.
1047 2614 1124 2679 ldeo
1141 2617 1287 2699 prudens
1303 2612 1411 2679 lector
1452 2635 1537 2691 rum,
1561 2635 1646 2696 quae
1670 2625 1746 2679 sunt
1767 2618 1938 2682 subiectae
1960 2620 2078 2682 rationi
2099 2630 2156 2683 aut
2177 2623 2312 2695 seusui3
2351 2621 2426 2685 reli-

439 2704 676 2787 disputatioues
698 2702 740 2764 de
762 2702 1000 2785 contingentia,
1028 2702 1106 2764 item
1128 2703 1170 2765 de
1188 2701 1411 2785 praedestina·
1453 2718 1541 2782 quus
1563 2710 1615 2761 cst
1636 2702 1732 2763 etiam
1754 2698 1905 2766 delectus
1933 2714 2142 2767 externorum
2166 2726 2301 2788 operum
2324 2705 2426 2770 civili-

440 2790 530 2852 tione
552 2787 606 2850 hic
629 2798 771 2869 seponat
789 2797 823 2849 et
848 2783 967 2869 procul
988 2787 1030 2849 ab
1050 2785 1114 2850 hoc
1140 2782 1217 2851 loco
1247 2787 1410 2871 seiungat.
1451 2804 1516 2847 unt.
1561 2781 1672 2855 Quare
1704 2782 1860 2850 voluntas
1891 2786 2036 2852 humana
2067 2800 2176 2871 potest
2204 2792 2275 2854 suis
2302 2792 2426 2855 viribus

438 2873 624 2954 Nos'ipsos
646 2874 844 2951 intueamur,
874 2883 907 2934 et
929 2872 1171 2935 meminerimus
1195 2888 1260 2934 nos
1287 2872 1329 2934 de
1352 2889 1412 2933 no·
1454 2869 1527 2931 sinc
1558 2872 1772 2933 renovatione
1799 2869 1911 2956 aliquo
1940 2874 2039 2937 modo
2062 2885 2197 2937 externa
2216 2871 2303 2958 legis
2326 2893 2427 2958 opera

439 2970 511 3022 stra
532 2957 715 3021 infirmitate
736 2961 799 3022 iarn
822 2956 924 3041 loqui.
968 2956 1042 3018 Non
1067 2967 1117 3021 est
1135 2975 1220 3039 opus
1243 2954 1412 3039 αἐροβατεΐν
1452 2950 1576 3017 facere.
1615 2952 1706 3020 Haec
1729 2967 1780 3020 est
1801 2954 1938 3021 libertas
1955 2956 2145 3035 voluntatis,
2167 2978 2265 3041 quam
2277 2957 2428 3021 Philoso-

440 3054 474 3106 et
493 3040 649 3107 caelestia
665 3044 806 3107 scrutari
824 3044 865 3107 de
883 3043 982 3106 modo
1000 3041 1251 3127 gubernationis
1269 3042 1411 3117 divinae,
1452 3036 1510 3183 phi
1527 3049 1617 3103 recte
1637 3043 1782 3106 tribuunt
1802 3040 1934 3106 homini.
1976 3042 2062 3105 Nam
2084 3042 2170 3105 hanc
2192 3042 2288 3105 etiam
2310 3059 2428 3106 sacrae

438 3139 494 3192 aut
505 3129 546 3193 de
556 3128 866 3213 praedestinatione.
889 3127 940 3191 Ac
958 3127 1197 3209 providendum
1215 3135 1278 3202 est,
1295 3143 1338 3187 ne
1354 3126 1411 3188 ob·
1468 3124 1570 3186 iterac
1603 3122 1714 3207 aliquo
1746 3128 1845 3189 modo
1879 3128 2064 3190 concedunt
2096 3125 2291 3190 horninibus.
2342 3124 2428 3195 Quia

440 3223 576 3279 tuantur
593 3233 649 3277 res
667 3215 776 3277 bonae
794 3225 828 3277 et
842 3210 951 3290 utiles,
968 3214 1049 3276 rixis
1066 3207 1147 3274 nihil
1164 3211 1206 3274 ad
1225 3228 1295 3272 rem
1313 3209 1412 3292 perti·
1453 3208 1620 3289 scriptura
1658 3209 1755 3273 docet
1795 3230 1873 3273 esse
1911 3211 2075 3294 quandam
2114 3210 2264 3273 iustitiam
2305 3210 2428 3285 carnis,

440 3300 610 3376 nentibuS,
638 3299 727 3382 quod
755 3297 825 3360 fieri
853 3294 955 3372 solet,
986 3316 1059 3359 cum
1080 3295 1248 3378 peregrini
1267 3290 1335 3358 loci
1356 3292 1413 3356 ad·
1454 3291 1616 3373 quaedam
1646 3311 1748 3372 opera
1774 3291 1876 3377 legis,
1906 3297 1939 3357 in
1967 3293 2021 3356 his
2044 3296 2186 3376 quinon
2209 3292 2427 3366 suntranati3

440 3383 629 3447 miscentur.
658 3382 737 3446 ldeo
760 3381 865 3444 dicam
884 3381 1030 3443 breviter
1051 3377 1122 3441 hic:
1146 3378 1313 3460 quomodo
1332 3377 1412 3439 scri·
1455 3394 1539 3458 ergo
1568 3376 1720 3439 concedit
1745 3374 1829 3440 haec
1852 3398 1955 3459 opera
1976 3376 2064 3442 effici
2086 3398 2188 3463 posse
2208 3376 2361 3441 humanis
2381 3376 2428 3439 vi-

411 3464 414 3468 ’
440 3476 535 3611 pltare
561 3487 625 3530 nos
654 3468 695 3528 de
723 3464 909 3527 infirmitate
938 3463 1100 3525 humanae
1124 3472 1262 3523 naturae
1284 3459 1412 3522 doceat.
1456 3459 1550 3521 ribus
1572 3460 1644 3522 sine
1666 3462 1889 3525 renovatione.
1943 3462 2011 3527 lmo
2038 3462 2124 3567 hanc
2147 3461 2351 3542 disciplinam
2373 3479 2429 3524 ex-

471 3570 531 3616 aec
563 3553 648 3613 enirn
682 3546 898 3630 agnoscenda
932 3555 995 3619 est,
1027 3555 1063 3606 ut
1097 3544 1275 3619 discamus,
1309 3562 1413 3627 quare
1455 3555 1581 3605 ternam
1603 3562 1722 3608 severe
1749 3546 1895 3629 requirit,
1918 3569 1993 3612 cum
2015 3550 2117 3695 ³¹3}st
2138 3547 2182 3626 [l.
2208 3545 2289 3609 Tim.
2315 3546 2344 3621 l,
2367 3551 2427 3624 9.]:

439 3635 536 3698 nobis
559 3651 644 3715 opus
667 3632 710 3692 sit
727 3629 889 3691 beneiicio
912 3626 1046 3690 Christi.
1454 3625 1526 3689 Lex
1548 3639 1600 3690 est
1619 3628 1749 3693 iniustis
1771 3631 1898 3713 posita3
1921 3633 1997 3697 item
2020 3639 2032 3710 [
2098 3630 2158 3709 .3,
2181 3631 2265 3709 24.]τ
2288 3628 2360 3703 Lex
2381 3638 2431 3690 est

524 3716 578 3779 Da
614 3715 740 3776 viribus
768 3710 908 3775 hominis
934 3722 1103 3775 sumantur
1130 3731 1172 3774 ex
1200 3708 1414 3793 Philosophia
1454 3712 1684 3815 paedagogus.
1706 3713 1748 3777 Et
1769 3726 1910 3799 quantas
1930 3716 2088 3782 utilitates
2109 3715 2231 3781 habeat
2249 3713 2334 3777 haec
2354 3728 2431 3794 pao·

461 3800 644 3873 artitioneS,
662 3816 748 3881 quac
769 3816 836 3858 non
859 3807 937 3859 sunt
956 3798 1101 3878 ignotae.
1124 3794 1160 3859 ln
1181 3793 1314 3861 homine
1337 3806 1415 3860 sunt
1456 3797 1499 3858 da
1524 3816 1616 3880 ogra,
1643 3794 1744 3880 paulo
1772 3810 1850 3884 post
1877 3801 2034 3866 dicemus.
2086 3803 2184 3867 Nunc
2205 3798 2288 3864 illud
2308 3806 2432 3858 tantum

492 3885 548 3959 tio,
571 3902 630 3945 seu
653 3900 758 3957 mens,
781 3899 866 3963 quae
887 3881 1028 3952 iudicat3
1050 3876 1229 3958 Voluntas,
1251 3900 1337 3964 quae
1359 3878 1414 3945 vel
1455 3816 1592 3944 addamr
1614 3880 1700 3945 hane
1720 3884 1827 3967 ipsam
1849 3882 2032 3951 libertatem
2051 3887 2245 3955 efficiendae
2263 3879 2368 3955 civilis
2384 3879 2432 3960 ius

440 3969 646 4048 obtemperat
663 3962 717 4027 vel
738 3985 774 4026 re
798 3975 899 4047 ugnat
921 3963 1052 4039 iudicio,
1074 3974 1107 4026 et
1124 3964 1263 4046 imperat
1281 3962 1414 4028 inferio·
1457 3966 1565 4027 stitiae
1608 3984 1709 4051 saepe
1742 3968 1830 4032 vinci
1871 3971 2013 4035 naturali
2054 3974 2294 4059 imbecillitate,
2331 3998 2433 4070 saepe

440 4054 531 4115 ribus
552 4051 688 4114 viribus.
725 4047 738 4110 Ι
776 4049 904 4111 eriores
925 4049 1014 4111 vires
1037 4060 1113 4110 sunt
1136 4066 1309 4123 sensum
1376 4051 1414 4113 ti·
1455 4050 1499 4111 im
1523 4049 1605 4113 editi
1637 4072 1657 4113 a
1684 4050 1840 4117 Diabolo.
1884 4053 1969 4119 Nam
2003 4076 2078 4121 oum
2111 4073 2229 4126 natura
2260 4068 2302 4130 sit
2334 4067 2433 4151 plena

442 4138 549 4199 tiones
582 4151 740 4197 sensuum
769 4153 830 4196 seu
856 4131 1004 4195 affectus.
1050 4131 1182 4195 Vocant
1203 4144 1312 4196 autem
1346 4136 1414 4198 ibe·
1455 4070 1616 4197 malornm
1648 4134 1843 4215 affectuum,
1890 4160 1991 4223 saepe
2024 4143 2250 4229 obtemperant
2280 4148 2431 4220 homines

417 4240 513 4287 ¹rum
542 4218 710 4282 arbitrium
732 4214 933 4279 voluntatem
957 4216 1162 4279 coniunctam
1181 4236 1255 4279 cum
1273 4220 1412 4280 ratione.
1454 4219 1569 4298 pravis
1588 4220 1831 4301 cupiditatibus,
1853 4242 1920 4287 non
1941 4236 2033 4289 recto
2055 4228 2187 4294 iudicio.
2214 4231 2308 4299 Sicut
2328 4238 2431 4322 inquit

444 4302 614 4387 Scriptura
642 4320 716 4365 cum
749 4303 893 4364 nominat
928 4321 1006 4377 cor,
1042 4310 1183 4363 mentem
1214 4310 1246 4362 et
1285 4300 1416 4377 similia,
1455 4303 1543 4385 apud
1565 4299 1758 4386 Poeans)
1780 4304 1917 4371 Medeaz
1962 4308 2069 4374 Video
2091 4312 2228 4379 meliora
2249 4322 2430 4401 proboque,

444 4385 670 4469 complectitur
697 4386 852 4449 iudicium
879 4396 910 4448 et
937 4387 1028 4468 ipsas
1056 4385 1275 4467 appetitiones
1302 4404 1412 4464 verae,
1432 4412 1435 4421 ·
1456 4386 1619 4449 deteriora
1662 4408 1797 4534 sequor.
1863 4391 2036 4458 Praeterea
2068 4394 2233 4462 Diabolus
2268 4407 2429 4486 captivam

445 4490 508 4534 non
531 4470 717 4535 simulatum
738 4482 795 4533 aut
817 4481 987 4533 externum
1011 4488 1105 4551 opus.
1455 4480 1604 4533 naturam
1625 4472 1712 4554 impe
1725 4472 1762 4537 lit
1781 4474 1826 4537 ad
1847 4479 1939 4541 varia
1959 4478 2081 4563 ilagitia
2096 4483 2190 4545 etiarn
2203 4496 2347 4565 externa,
2365 4490 2428 4553 sic·

528 4555 596 4618 Sed
613 4568 649 4618 ut
665 4555 753 4616 rixas
773 4555 813 4616 de
829 4551 1047 4635 appellatione
1058 4554 1254 4629 omittamus,
1267 4554 1413 4617 deredi·
1453 4565 1489 4617 ut
1516 4555 1663 4617 videmus
1691 4579 1838 4622 summos
1861 4564 1969 4641 viros,
1998 4565 2052 4647 qui
2083 4575 2192 4630 tamen
2222 4574 2330 4635 conati
2352 4586 2428 4639 sum

446 4640 584 4703 cendum
617 4650 677 4703 est.
733 4636 816 4701 illud
843 4640 1028 4720 quaeritur:
1063 4636 1230 4720 quomodo
1257 4636 1412 4701 voluntas
1453 4636 1595 4700 honeste
1612 4640 1736 4718 vivere,
1758 4641 1873 4726 lapsus
1897 4649 2104 4731 turpissimos
2126 4649 2259 4716 habere.
2290 4654 2359 4719 Sed
2380 4668 2427 4719 ta-

447 4723 487 4786 sit
512 4721 632 4799 libera,
664 4720 729 4784 hoc
759 4733 827 4797 est,
860 4723 1024 4803 quomodo
1050 4722 1155 4804 possit
1183 4722 1318 4785 obedire
1347 4720 1413 4806 legi
1456 4740 1530 4783 men
1569 4723 1655 4784 inter
1683 4723 1745 4789 has
1774 4726 2000 4808 difficultates,
2029 4744 2195 4819 utcunque
2222 4735 2349 4825 reliqua
2377 4755 2429 4806 est

1454 4803 1564 4889 aliqua
1584 4804 1720 4872 libertas
1739 4808 1931 4879 efficiendae
1953 4816 2091 4880 iustitiae
2113 4818 2231 4886 civilis.

1542 4889 1710 4956 Secundo:
1738 4895 1954 4981 Evangeliurn
1977 4902 2074 4965 docet
2095 4904 2128 4967 in
2150 4918 2267 4971 natura
2287 4908 2427 4975 horribi-

451 4974 493 5033 tot
512 4966 635 5039 ἀνάγκης.
671 4975 734 5027 niun
753 4974 820 5026 enin
847 5000 879 5009 -
897 5001 929 5009 —
953 4975 1108 5039 annonara}
1129 4977 1202 5027 tutu.
1224 4978 1362 5027 11-13-
1388 4981 1413 5027 et
1454 4971 1519 5038 lem
1543 4980 1783 5061 corruptionem
1807 5001 1895 5061 csse,
1914 5006 1998 5069 quae
2016 5002 2176 5074 repugnat
2192 4989 2257 5075 legi
2268 4993 2344 5070 Dei,
2361 4994 2427 5060 hoc

512 5044 598 5173 tat
612 5043 1110 5172 stratuartabatur
1124 5044 1414 5175 tristarer
1540 5058 1628 5137 ἥωῆ
1650 5083 1692 5126 ω
1713 5078 1884 5147 ωωωω
1906 5071 2064 5155 ἥψω
2087 5075 2302 5141 ωῆωῆωῆω
2320 5082 2426 5161 ωω-

514 5190 671 5239 arrusemus‚
689 5183 717 5228 ut
734 5178 814 5240 inquit
829 5179 932 5229 nantel:
949 5179 1009 5237 Tibi,
1027 5179 1138 5237 bomine,
1156 5179 1260 5238 iustitia,
1277 5181 1349 5231 nobis
1368 5194 1413 5232 au·
1455 5166 1540 5206 '¹¹⁰⁸‘
1594 5144 1635 5207 111
1662 5147 1748 5213 hane
1776 5155 2021 5237 1111111111110119111
2048 5177 2116 5220 ¹¹⁰ss
2148 5173 2257 5241 P⁰t0⁵t
2283 5160 2426 5226 humana
2450 5166 2453 5171 ¹

513 5247 563 5297 tent
582 5245 696 5298 contusio
715 5244 795 5296 faciei.
822 5247 875 5298 Non
894 5246 948 5296 ruit
965 5258 1067 5296 causam
1086 5246 1211 5298 scelerum
1230 5249 1254 5297 tn
1273 5247 1349 5297 deum
1368 5253 1412 5299 aut
1455 5228 1608 5293 i'011111ias
1635 5254 1695 5313 per
1723 5255 1799 5299 sese
1827 5258 1868 5300 ex
1894 5252 2011 5305 notura
2039 5240 2173 5321 tollere,
2207 5247 2291 5309 sicut
2318 5265 2426 5328 neque

513 5312 592 5366 iatum
617 5314 763 5371 transient.
788 5318 815 5364 ut
832 5314 873 5364 ille
893 5315 916 5364 in
934 5314 1073 5372 Tragoedia
1092 5313 1166 5363 dicit:
1201 5315 1253 5366 Fati
1271 5316 1318 5365 ista
1337 5317 1411 5379 culpa

514 5388 561 5443 est,
584 5394 659 5433 nemo
677 5382 703 5431 tit
720 5381 773 5432 tato
793 5394 894 5432 uorans.
931 5385 980 5434 Seu
999 5385 1026 5432 ut
1043 5381 1148 5433 Zenonis
1167 5383 1284 5433 servulus
1303 5383 1411 5445 dicebat,
1451 5399 1655 5417 ·---

515 5461 542 5498 se
560 5450 721 5500 nondebere
739 5449 898 5511 plantaria
917 5451 970 5502 tato
988 5450 1070 5501 Stoico
1088 5453 1190 5501 coaetus
1208 5456 1409 5512 essetpeorare.
1454 5486 1500 5545 61)
1520 5487 1543 5536 ¹9
1563 5487 1589 5551 e]
1609 5488 1641 5539 Ed
1674 5490 1701 5535 n
1730 5491 1780 5540 le.

515 5517 548 5565 tto
583 5516 622 5567 his
654 5518 812 5578 opinionibus
851 5517 923 5567 deret
956 5519 1010 5580 pios
1043 5516 1179 5568 abhorrere
1208 5516 1310 5569 auribus
1336 5524 1411 5582 atque
1545 5500 1562 5548 1
1645 5525 1650 5536 ·
1705 5524 1711 5537 ·
1756 5500 1781 5551 ⁶¹

514 5584 610 5634 animia
1454 5587 1500 5649 62)
1520 5589 1587 5641 ovid.
1604 5591 1660 5643 liet.
1678 5591 1726 5653 vn,
1746 5590 1784 5639 19.
