5859 6734
452 650 518 716 967
1082 649 1193 716 Plllh.
1214 648 1318 714 MEL.
1336 648 1523 716 SCRIPTA
1543 647 1818 715 Docnnrlca
2411 636 2474 706 SE

455 848 511 902 tus
533 832 593 899 fuit
614 835 843 907 tristissimus3
860 801 1010 898 handum
1031 845 1141 897 mmen
1163 847 1219 898 aut
1240 823 1327 899 illius
1343 833 1432 898 furo-
1473 847 1527 899 est
1548 854 1629 898 suae
1652 831 1820 911 fortunae,
1852 835 1943 917 quod
1962 835 2034 916 ipse
2055 825 2317 897 non'accendit
2348 827 2468 896 bellu·

455 923 503 986 ris
525 920 722 1003 turpitudine
744 930 801 981 aut
821 938 931 1000 poena
943 920 1002 1001 ¹⁰⁰)
1036 919 1118 981 satis
1139 928 1313 982 moventur
1334 920 1433 982 animi
1474 917 1571 982 civile
1589 919 1765 1001 cupiditate
1782 918 1957 996 vindictae,
1975 928 2012 982 ut
2022 928 2139 999 postea
2151 914 2319 980 fecerunt
2329 913 2467 995 Marius,

455 1004 634 1082 hominum,
656 1014 692 1068 ut
714 999 840 1087 fugiant
861 1003 1151 1085 Anabaptistarum
1174 1001 1299 1066 deliria.
1343 1003 1433 1075 Quo·
1473 1002 1662 1085 Pompeius,
1681 1000 1817 1065 Caesar.
1851 1001 1919 1065 Sed
1940 1000 2020 1065 nibil
2041 1003 2176 1065 dubium
2198 1012 2260 1065 est
2282 997 2395 1064 multa
2414 1003 2466 1065 tri-

457 1091 518 1156 tius
541 1085 630 1154 bella
650 1088 726 1151 sine
747 1085 825 1151 ullis
843 1091 932 1151 veris
945 1088 1075 1151 caussis
1086 1089 1239 1151 accendit
1249 1084 1433 1150 Diabolus?
1474 1086 1540 1150 stia
1561 1084 1648 1149 mala
1680 1088 1832 1150 accidere
1854 1086 1993 1162 homini,
2026 1106 2110 1169 quae
2130 1098 2191 1150 aut
2220 1105 2299 1149 non
2322 1099 2464 1169 possunt

458 1176 586 1259 quoties
599 1171 1013 1257 privatimnobisingentia
1023 1169 1161 1235 vulnera
1177 1169 1269 1247 facit,
1281 1192 1355 1235 cum
1378 1174 1433 1236 de·
1473 1172 1629 1253 prospici,
1652 1182 1721 1246 aut,
1741 1173 1771 1233 si
1793 1192 1859 1255 qua
1879 1183 2022 1253 possunt
2042 1171 2202 1252 prospici,
2212 1182 2336 1234 tamen
2348 1173 2384 1235 in
2397 1180 2463 1234 tan-

459 1271 576 1342 coptos
607 1253 651 1322 ali
675 1275 719 1320 uo
751 1257 908 1341 specioso
937 1253 1079 1321 consilio
1101 1253 1246 1338 implicat
1266 1253 1434 1319 hominum
1475 1257 1517 1318 tis
1550 1255 1717 1318 erroribus
1748 1253 1897 1319 humanis
1931 1276 1997 1318 non
2034 1265 2211 1330 caventur,
2250 1257 2334 1338 quia
2362 1273 2460 1339 saepe

458 1343 621 1408 malorum
656 1335 925 1406 amiliaritatibus.
978 1338 1132 1424 Denique
1152 1339 1344 1426 magnitudo
1366 1361 1433 1402 ma·
1474 1336 1715 1401 hallucinamur
1734 1351 1768 1402 et
1789 1343 1885 1404 nobis
1908 1342 1969 1422 ipsi
1980 1342 2009 1420 ²)
2038 1341 2142 1402 bonas
2164 1358 2251 1420 spes
2278 1336 2380 1403 stulte
2401 1340 2457 1405 lin

458 1427 578 1503 lorum,
601 1427 720 1510 quibus
741 1423 906 1490 Diabolus
923 1421 1067 1508 implicat
1089 1423 1251 1506 homines,
1282 1426 1348 1487 imo
1369 1423 1433 1486 Ec·
1475 1426 1592 1506 gimus,
1613 1433 1649 1484 ut
1671 1435 1800 1504 poterat
1823 1425 1997 1507 Pompeius
2019 1443 2086 1485 non
2107 1442 2248 1487 movere
2274 1419 2391 1486 bellurn
2409 1426 2454 1488 ci-

459 1510 609 1588 clesiam,
631 1510 773 1575 describi
796 1511 908 1574 verbis
930 1527 999 1575 non
1019 1520 1140 1594 potest,
1161 1511 1222 1572 sed
1244 1506 1355 1592 aliquo
1366 1529 1434 1572 mo·
1475 1505 1552 1583 vile,
1575 1508 1635 1569 sed
1656 1508 1811 1571 incensus
1836 1510 2011 1591 cupiditate
2033 1518 2067 1570 et
2086 1508 2176 1571 inani
2203 1527 2273 1590 spe
2295 1508 2329 1569 in
2347 1510 2450 1572 consi-

459 1598 502 1660 do
520 1596 715 1679 agnoscitur
735 1591 883 1666 historiis
905 1593 1049 1664 omnium
1070 1606 1255 1677 temporum
1277 1605 1310 1656 et
1331 1594 1434 1678 quoti·
1474 1590 1520 1654 lio
1543 1591 1686 1666 errabat,
1706 1604 1742 1655 ut
1764 1594 1902 1656 dicitur:
1937 1597 2013 1655 κενοὶ
2033 1590 2103 1674 μενά
2125 1595 2300 1671 λογίζονται
2320 1590 2373 1655 διὰ
2393 1598 2451 1656 tna

457 1681 563 1744 dianis
586 1681 674 1744 vitae
695 1675 853 1762 exemplis
876 1677 1106 1755 consideratis,
1128 1679 1314 1742 observatis
1336 1678 1434 1741 etiam
1475 1678 1642 1755 captura)
1688 1675 1874 1754 Postremo,
1895 1689 2069 1760 postquam
2090 1673 2166 1738 alea
2186 1677 2281 1740 iacta
2303 1687 2368 1754 est,
2385 1697 2453 1742 sae·

457 1766 582 1828 nostris
604 1761 767 1847 lapsibus.
977 1753 1010 1782 “’
1474 1781 1518 1845 pe
1538 1761 1691 1825 accidunt
1718 1758 1811 1837 talia,
1842 1782 1927 1845 quae
1948 1758 2095 1843 perferre
2116 1762 2179 1824 nisi
2202 1759 2284 1824 Deo
2309 1763 2452 1826 adiutore

543 1846 673 1911 Deinde
695 1843 841 1930 pericula
863 1842 1164 1930 corporis,famae,
1183 1845 1435 1925 rerum‚libero·
1475 1867 1542 1910 non
1573 1865 1761 1927 possumus.
1805 1846 1925 1923 Adam,
1956 1846 2065 1910 David
2097 1846 2365 1910 succubuissent
2386 1848 2449 1910 suis

459 1947 543 2009 mm,
563 1929 791 2008 Ecclesiamm
812 1939 1000 2016 nostrarum
1019 1929 1055 1994 'at
1076 1932 1259 2015 regionum,
1281 1951 1434 2015 quaeno-
1476 1928 1657 2006 doloribus,
1688 1930 1751 1993 nisi
1774 1931 1925 1993 divinitus
1948 1931 2123 1994 sustentati
2144 1927 2306 1995 fuissent.
2352 1928 2448 1996 Gaas

460 2018 512 2082 bis
535 2028 568 2079 et
589 2013 707 2080 studiis
728 2011 879 2080 honestis
901 2012 1046 2096 hospitia
1068 2016 1266 2094 concedunt,
1287 2015 1384 2097 plura
1401 2027 1434 2079 et
1476 2034 1533 2078 sas
1556 2033 1635 2078 vero
1658 2024 1819 2079 tantarum
1842 2017 2047 2079 miseriarum
2069 2034 2171 2097 supra
2188 2017 2353 2092 recitavi,

459 2101 586 2166 maiora
613 2109 707 2178 sunt,
763 2119 840 2164 uam
869 2111 906 2163 ut
928 2100 1077 2162 oratione
1100 2119 1174 2162 com
1197 2097 1336 2165 uehendi
1356 2120 1433 2184 pos·
1476 2119 1547 2161 rum
1567 2099 1765 2182 praecipuas
1787 2100 1918 2182 ignorat
1939 2098 2165 2182 Philosophia,
2187 2100 2286 2182 quod
2305 2101 2383 2163 vide
2395 2102 2448 2163 ‘ca

461 2185 535 2250 sint
580 2182 719 2268 Semper
776 2181 899 2248 eclesia
920 2185 969 2246 sic
991 2183 1081 2259 vivit,
1114 2195 1150 2247 ut
1205 2184 1291 2248 aniel
1312 2186 1434 2249 sedens
1476 2182 1570 2246 Deus
1592 2183 1700 2246 iustus
1722 2184 1818 2247 iudex
1837 2182 1986 2249 declaret
2006 2184 2058 2248 his
2081 2185 2282 2248 testimoniis
2307 2186 2391 2248 bam
2404 2203 2449 2247 su·

451 2269 545 2335 'inter
574 2263 712 2346 leones3
755 2265 893 2354 Semper
919 2267 1062 2351 undique
1084 2265 1217 2332 Diaboli
1238 2271 1336 2335 nobis
1357 2271 1434 2333 insi·
1476 2287 1529 2330 em
1557 2268 1721 2332 adversus
1754 2287 1957 2333 communem
1989 2270 2188 2352 pravitatem
2205 2267 2447 2333 haerentemiu

460 2353 588 2418 dicutur
610 2361 645 2418 et
663 2351 806 2417 subinde
827 2350 948 2416 multos
966 2363 1130 2429 evertunt,
1141 2374 1273 2436 semper
1284 2352 1434 2418 homines
1477 2353 1628 2415 omnibus
1659 2346 1846 2417 hominibus
1881 2366 1915 2417 et
1936 2356 2097 2418 adversus
2118 2351 2224 2418 multa
2246 2352 2448 2438 singulorum

459 2437 548 2520 impii
578 2436 768 2500 minitantur
800 2438 926 2501 atrocia
949 2436 1143 2514 Ecclesiae,
1178 2458 1308 2522 semper
1334 2436 1434 2523 aliqui
1477 2434 1624 2513 scelera,
1657 2449 1792 2519 propter
1813 2458 1899 2522 quae
1921 2459 2110 2502 communes
2133 2436 2449 2521 poenee‘cumulan·

460 2522 553 2585 saevi
571 2525 671 2585 casu's
694 2522 890 2603 expectandi
911 2532 1005 2595 sunt3
1026 2520 1072 2585 Ut
1093 2520 1215 2586 multae
1237 2528 1356 2600 sunt1)
1378 2543 1434 2587 su·
1477 2532 1539 2584 tur.
2224 2555 2226 2560 ·

462 2606 550 2669 bitae
570 2606 696 2682 ruinae,
717 2625 759 2667 ac
780 2607 953 2669 verissime
975 2606 1097 2670 dictum
1119 2619 1188 2669 est:
1208 2610 1247 2691 ¹⁸)
1561 2604 1613 2668 hc
1646 2607 1781 2688 opponit
1801 2606 1932 2688 quidem
1953 2608 2036 2670 ratio
2059 2605 2202 2670 huruuua
2224 2627 2266 2669 ar
2351 2620 2450 2672 entun

426 2755 434 2762 ,
547 2688 665 2753 Omnia
687 2702 764 2753 sunt
784 2688 951 2753 hominum
973 2693 1062 2754 tenui
1083 2693 1259 2773 pendentia
1280 2688 1348 2767 filo,
1477 2686 1651 2753 multorum
1668 2689 1944 2771 disputationibus
1966 2693 2139 2777 agitatum,
2157 2693 2254 2774 quod
2303 2695 2336 2755 ’c
2359 2689 2448 2775 expli

615 2772 657 2836 Et
678 2774 786 2837 subito
810 2793 904 2850 casu,
921 2794 1006 2857 quae
1027 2772 1172 2852 valuere,
1194 2788 1306 2839 munt.
1479 2774 1549 2837 cari
1568 2775 1716 2856 prodest.

547 2941 703 3005 Iuventus
736 2939 845 3011 adhuc
868 2942 983 3025 ignara
1005 2942 1092 3005 vitae
1114 2942 1311 3027 imaginatur
1331 2941 1435 3006 homi·
1630 2940 1729 3004 lustis
1752 2942 1848 3005 debet
1871 2944 1954 3006 bene
1976 2962 2064 3019 esse,

461 3046 523 3091 nes
544 3028 637 3090 nasci
660 3026 705 3089 ad
725 3022 861 3090 delicias
883 3037 917 3088 et
936 3023 1094 3090 fruendas
1115 3024 1315 3109 voluptates,
1329 3028 1435 3092 athas
1631 3022 1785 3089 Ecclesia
1806 3036 1859 3089 est
1880 3028 1977 3103 iusta,

463 3112 579 3176 otiosis
601 3111 716 3173 animis
746 3111 871 3192 expetit
900 3122 933 3174 et
962 3112 1105 3194 quaerit;
1147 3112 1215 3176 Sed
1235 3131 1351 3189 senes,
1380 3114 1435 3196 qui
1493 3127 1495 3134 ·
1631 3109 1721 3193 Ergo
1743 3109 1916 3175 Ecclesiae
1938 3113 2080 3177 debebat
2100 3113 2186 3176 bene
2208 3132 2302 3177 esse.

462 3197 681 3281 degustarunt
702 3211 893 3258 communes
915 3196 1082 3271 miserias,
1114 3193 1215 3279 longe
1236 3195 1333 3260 aliter
1356 3197 1435 3261 iudi·

463 3292 556 3358 cant,
588 3301 629 3344 ac
651 3276 840 3363 intelligunt
861 3279 949 3344 banc
972 3281 1073 3344 vitam
1094 3284 1283 3344 universam
1304 3280 1435 3362 plenam
1562 3274 1707 3343 Primum
1728 3282 1991 3363 respondendum
2012 3281 2128 3344 estad
2149 3282 2324 3358 minorem,
2337 3276 2450 3345 Ecclc

461 3383 539 3428 esse
560 3384 800 3440 aerumnarum,
823 3384 886 3428 nec
909 3360 1099 3428 dissimilem
1121 3365 1254 3442 civitati,
1274 3367 1436 3448 quaeciu-
1479 3362 1530 3425 sia
1551 3373 1603 3425 est
1623 3364 1728 3442 iusta,
1752 3362 1879 3429 scilicet
1899 3367 2109 3447 imputatione
2132 3376 2165 3427 et
2186 3365 2400 3432 inchoatione
2419 3367 2450 3429 in

463 3461 518 3512 cta
550 3450 722 3512 obsidione
750 3449 893 3532 undique
916 3451 1075 3511 acerrime
1096 3451 1139 3512 ab
1161 3447 1313 3513 hostibus
1335 3470 1437 3532 oppu-
1478 3447 1543 3510 hac
1573 3447 1704 3511 mortali
1733 3451 1816 3526 vita,
1849 3450 1907 3511 sed
1938 3448 2045 3512 adbuc
2076 3449 2110 3513 in
2132 3469 2173 3512 ea
2193 3447 2316 3516 haeret
2337 3469 2451 3535 magu

528 3545 593 3609 tur,
615 3534 701 3596 etin
724 3554 822 3617 quam
844 3552 932 3595 nunc
954 3534 996 3597 ab
1014 3530 1078 3596 hac
1098 3545 1192 3616 parte
1213 3554 1300 3598 nunc
1317 3536 1360 3598 ab
1371 3531 1437 3597 alia
1480 3528 1606 3617 caligo,
1638 3531 1759 3597 multae
1787 3534 2005 3599 dubitationes
2039 3537 2080 3598 de
2102 3533 2194 3611 Deo,
2227 3533 2325 3600 multi
2346 3535 2450 3600 vitiosi

487 3630 578 3681 ostes
601 3619 741 3695 irruunt,
762 3619 907 3681 excitant
928 3618 1091 3693 incendia,
1103 3629 1253 3683 evertunt
1262 3616 1374 3703 aliqua
1384 3638 1437 3683 ae·
1479 3616 1627 3680 affectus.
1649 3615 1743 3682 Multi
1765 3631 1842 3683 sunt
1863 3620 1959 3683 etiam
1981 3616 2154 3683 multorum
2176 3620 2330 3704 insignes
2341 3617 2450 3704 lapsas

463 3703 591 3780 dificia,
619 3713 653 3765 et
674 3704 731 3766 vix
753 3699 969 3788 repelluntur.
1012 3702 1175 3767 Mirantur
1197 3714 1287 3768 certe
1309 3705 1437 3785 sapien·
1479 3702 1512 3764 in
1534 3703 1605 3785 ipsa
1625 3700 1793 3780 Ecclesia,
1810 3715 1847 3766 ut
1868 3702 2027 3780 Aaronis,
2042 3706 2073 3786 ⁴)
2118 3704 2279 3784 Davidis,
2308 3707 2366 3790 qui
2387 3707 2451 3770 irri-

463 3801 514 3853 tes
538 3806 672 3865 omnes,
704 3785 870 3851 curbaec
891 3797 1065 3869 praestans
1087 3798 1250 3852 ettamen
1272 3786 1438 3853 imbecilla
1480 3797 1550 3849 tant
1572 3789 1653 3850 iram
1674 3786 1748 3851 Dei.
1792 3788 1843 3850 Ac
1866 3807 1967 3870 supra
1995 3790 2061 3851 dixi
2074 3792 2102 3862 6)
2135 3790 2242 3873 magis
2266 3792 2375 3872 premi
2395 3787 2451 3854 Ee·

462 3872 630 3937 hominum
663 3883 781 3935 natura
812 3873 912 3934 tantis
945 3872 1084 3934 miseriis
1108 3884 1245 3936 onerata
1266 3874 1320 3949 sit,
1353 3892 1437 3956 quas
1481 3868 1627 3946 alesiam,
1649 3891 1745 3953 quam
1767 3870 1827 3935 reli
1851 3892 1927 3935 uam
1947 3886 2075 3956 partem
2098 3876 2229 3957 generis
2240 3872 2382 3939 humani
2391 3896 2453 3939 uon

464 3955 612 4040 perferre
629 3957 698 4019 suis
721 3957 846 4019 viribus
869 3975 937 4017 non
958 3965 1080 4036 potest.
1479 3968 1574 4020 recte·
1602 3956 1809 4020 invocantem
1864 3977 1954 4034 eum,
1987 3959 2064 4041 quia
2084 3957 2177 4021 Deus
2198 3961 2232 4023 in
2254 3980 2321 4023 sua
2341 3956 2452 4022 Eccle-

550 4040 657 4103 Vetus
680 4040 804 4102 dictum
826 4049 895 4115 est,
917 4037 1189 4122 Unumquemque
1209 4037 1339 4104 fabrum
1361 4060 1439 4106 esse
1480 4043 1531 4103 sia
1551 4040 1726 4123 praecipue
1748 4040 1818 4105 vult
1839 4044 1976 4126 agnosci
1998 4045 2080 4106 iram
2091 4043 2254 4106 adversus
2268 4054 2450 4125 peccatum.

466 4145 548 4191 suae
579 4123 749 4200 fortunae,
782 4124 878 4206 quasi
898 4122 1031 4186 fortuna
1053 4143 1089 4186 re
1114 4124 1121 4141 “
1144 4126 1269 4188 nostris
1293 4123 1436 4189 consiliis
1479 4123 1630 4187 Tiberius
1663 4136 1695 4188 et
1726 4125 1851 4190 similes
1873 4125 1926 4190 alii
1948 4124 2039 4190 multi
2061 4138 2315 4192 contemnentes
2336 4126 2449 4202 Deum,

466 4222 499 4274 et
531 4209 677 4294 prospici
699 4228 739 4272 ao
762 4209 873 4272 caveri
894 4206 1036 4271 humana
1058 4208 1089 4271 di
1103 4209 1226 4294 igentia
1248 4229 1361 4274 omnes
1384 4231 1438 4275 ca·
1482 4210 1542 4272 etsi
1564 4218 1641 4291 post
1662 4209 1748 4273 hanc
1765 4214 1863 4274 vitam
1886 4213 1994 4274 daturi
2015 4224 2092 4276 sunt
2113 4231 2250 4293 poenas,
2276 4208 2448 4277 tamenhic

466 4314 526 4359 sus
553 4296 693 4379 possint.
738 4292 808 4357 Sed
828 4295 870 4356 de
890 4292 1049 4357 universa
1069 4291 1208 4358 bominis
1275 4295 1438 4359 bernatlo·
1481 4296 1587 4357 minus
1620 4306 1829 4375 premuntur,
1861 4316 1958 4378 quam
1980 4294 2150 4371 Ecclesia,
2182 4298 2260 4378 quia
2293 4297 2389 4361 Deus
2417 4297 2450 4359 iu

464 4400 508 4445 ne
541 4383 663 4444 dictum
695 4376 779 4443 illud
805 4378 909 4461 accipi
932 4397 999 4440 non
1020 4398 1122 4461 posse
1144 4381 1228 4443 mani
1245 4391 1352 4443 estum
1374 4391 1437 4445 est.
1480 4375 1634 4442 Ecclesia
1654 4397 1750 4442 suum
1770 4380 1922 4444 iudicium
1943 4376 2014 4443 vrult
2035 4381 2183 4462 conspici
2204 4391 2239 4444 et
2259 4383 2376 4459 metui,
2392 4382 2450 4445 sic-

464 4464 573 4530 Adam
611 4485 677 4528 non
710 4474 819 4546 potest
850 4462 1043 4545 prospicere
1076 4474 1108 4527 et
1138 4464 1293 4548 impedire
1326 4462 1437 4530 scelus
1480 4475 1515 4527 ut
1537 4465 1695 4544 scriptum
1717 4476 1768 4527 est
1790 4465 1833 4541 [l.
1851 4463 1940 4526 Patr.
1963 4465 1995 4542 4,
2019 4465 2098 4544 17.];
2131 4465 2291 4529 iudicium
2314 4487 2337 4529 a
2357 4468 2450 4530 dom

465 4546 522 4611 filii
545 4548 638 4626 Cain,
672 4569 734 4612 nec
756 4547 893 4611 eluctari
915 4549 986 4612 suis
1009 4548 1132 4611 viribus
1156 4569 1197 4612 ex
1217 4550 1439 4633 magnitudine
1481 4547 1545 4610 Dei
1578 4549 1700 4630 incipit.
1743 4547 1786 4612 Et
1807 4550 1968 4612 accedunt
1989 4548 2076 4613 aliae
2097 4570 2256 4626 caussae,
2290 4572 2381 4636 quas
2401 4570 2451 4614 su·

467 4631 636 4710 dolorum,
658 4635 714 4718 qui
735 4630 824 4695 illam
845 4629 983 4694 fratrum
1005 4631 1224 4717 Tragoediam
1245 4645 1436 4717 sequuntur.
1480 4652 1542 4715 pra
1562 4634 1725 4696 recensui.

465 4713 600 4800 Aliquid
622 4719 761 4799 prodest
786 4715 952 4800 diligentia
975 4717 1007 4778 in
1030 4713 1093 4780 hac
1115 4719 1277 4781 communi
1299 4738 1439 4782 consue·
1565 4715 1662 4781 Nunc
1683 4718 1725 4779 ad
1743 4717 1900 4779 maiorem
1922 4719 2121 4801 respondeo:
2140 4717 2239 4781 iustis
2256 4718 2347 4784 bene
2368 4739 2453 4795 esse,

468 4801 581 4866 tudine
612 4802 713 4879 vitae,
744 4802 778 4864 in
799 4802 900 4865 rebus
922 4797 1116 4878 levioribus,
1149 4822 1233 4885 quae
1254 4803 1397 4904 pendent
1417 4823 1440 4865 a
1481 4803 1634 4885 congruit
1655 4800 1760 4862 ordini
1782 4799 1891 4864 divino
1915 4814 1947 4867 et
1970 4804 2019 4866 sic
2041 4805 2147 4866 sancit
2169 4803 2239 4866 Lex
2259 4802 2454 4881 [Lavit-18,

466 4887 596 4951 nostris
616 4884 851 4950 voluntatibus.
886 4883 999 4967 Scipio
1022 4904 1084 4948 sua
1104 4886 1328 4951 moderatione
1344 4884 1439 4950 faber
1480 4884 1546 4965 5.]:
1569 4884 1633 4957 Qui
1653 4881 1770 4947 fecerit
1791 4903 1842 4961 ea,
1864 4887 1953 4952 vivet
1969 4889 2003 4950 in
2024 4889 2083 4950 eis.
2116 4888 2196 4953 ltem
2219 4886 2335 4963 [Dent.
2346 4890 2380 4966 4,
2394 4889 2453 4969 l.]:

1481 5034 1690 5049 ffl

468 5158 533 5224 100)
550 5155 787 5222 paenulatorum
806 5158 897 5206 1-10.
916 5157 971 5215 lea
988 5155 1032 5208 su.
1051 5157 1093 5204 11.
1110 5169 1207 5220 men„
1224 5168 1323 5210 mm
1338 5168 1438 5219 ,m
1481 5122 1511 5186 a)
1529 5122 1737 5251 qpnpqppssrs.
1757 5121 1797 5172 ao.
1816 5122 1857 5172 aa.
1876 5123 1916 5176 aa
1934 5123 1974 5173 as.
1995 5126 2026 5174 aa
2044 5152 2077 5162 -
2095 5125 2146 5188 aa,
2164 5125 2236 5188 corp.
2259 5128 2271 5173 1
2293 5153 2326 5163 -
2341 5128 2378 5192 a,
2396 5111 2456 5193 οη

552 5224 827 5290 trummacum
843 5224 926 5277 aad.
944 5223 985 5273 1³.
1003 5228 1132 5278 mutum
1147 5224 1438 5288 apaenaaaoeser-
1569 5226 1575 5238 ·
1611 5228 1617 5241 ·

552 5297 622 5347 Μ
638 5304 732 5346 ‘mm
745 5292 918 5354 rosteriam
935 5291 1008 5344 editt
1480 5290 1510 5355 8)
1528 5291 1580 5343 Hoc
1596 5290 1697 5343 solonis
1713 5289 1807 5342 dictum
1824 5292 1874 5344 ium
1890 5303 1968 5355 supra
1984 5305 2008 5354 p.
2025 5292 2083 5342 9³5.
2100 5292 2232 5346 laudatum
2244 5297 2296 5346 esc

487 5398 515 5462 1)
551 5399 612 5448 sunt
628 5396 762 5447 emittm
777 5392 850 5445 Editt.
870 5393 911 5441 22.
928 5393 970 5442 24.
990 5393 1029 5445 28.
1047 5393 1089 5444 29.
1107 5391 1226 5455 al-a³.‚
1242 5392 1304 5457 opp.
1324 5394 1347 5440 1,
1367 5392 1390 5440 2.
1481 5392 1511 5455 4)
1529 5390 1645 5455 Amnis]
1664 5391 1738 5444 Edltt
1757 5391 1830 5440 1-3.
1849 5392 1872 5446 6.
1890 5393 1914 5441 Ί.
1933 5393 1958 5441 9.
1978 5394 2016 5445 12.
2033 5395 2156 5449 Ahuouis

497 5499 537 5559 1.)
557 5497 626 5551 ovid.
643 5497 720 5560 Epist.
738 5507 772 5548 ex
787 5495 866 5548 Ponto
882 5496 921 5558 lv,
939 5494 964 5557 3,
980 5493 1013 5542 ³5
1032 5507 1069 5558 sq.
1481 5491 1511 5556 5)
1530 5503 1608 5555 supra
1625 5493 1687 5556 dlxi]
1703 5491 1775 5545 bdltt
1794 5494 1815 5544 1.
1833 5492 1856 5545 ³.
1874 5493 1924 5545 diri
1940 5505 2017 5556 supra

477 5789 497 5812 bu
510 5825 513 5832 Ι

463 5831 498 5864 dm

396 5925 540 6008 ola-*ihr
