5859 6734
465 744 529 813 885
936 744 958 807 Ι.
980 743 1079 807 Liii'l
1102 740 1374 807 THEttLtttrtci:
1394 734 1438 803 l).
1451 734 1617 803 ''l'EliTlA
1640 732 1793 801 EORUM
1817 732 1972 799 AETAS.

469 932 564 995 eidue
586 932 722 1012 repetitu
747 949 804 1010 per
828 927 1021 1011 Prophetas,
1055 928 1218 991 t'bristum
1242 938 1273 989 et
1297 926 1464 1019 Aperta-1

468 1014 533 1091 los,
551 1026 586 1077 ut
610 1016 753 1078 sciamus
773 1032 849 1076 esse
872 1024 1037 1075 aeternam
1059 1024 1091 1073 et
1114 1008 1345 1073 immutabilem
1368 1022 1464 1087 sen-t

469 1099 601 1163 tentiam
630 1096 692 1161 Dei
728 1094 948 1160 declarantem
971 1099 1051 1159 iram
1074 1097 1235 1158 adversus
1258 1094 1464 1177 peccatum!
1859 1088 1919 1152 DE
1960 1088 2070 1153 FlDE.

471 1184 620 1246 Sciamus
655 1185 729 1243 item
759 1200 872 1244 omnes
904 1180 1054 1244 homines
1087 1182 1119 1241 in
1143 1178 1208 1241 hac
1230 1174 1465 1297 corruptione}

469 1276 606 1330 naturae
629 1266 690 1329 hac
713 1266 875 1330 sententia
896 1262 959 1327 Dei
982 1264 1219 1327 condemnatos
1243 1282 1321 1325 esse
1343 1272 1464 1347 atquc,
1567 1259 1635 1323 Sed
1655 1260 1699 1323 ad
1719 1258 1966 1336 i'ontritionem,
1988 1258 2052 1321 hoc
2075 1268 2137 1333 est,
2156 1261 2197 1321 ad
2219 1258 2283 1323 hos
2305 1272 2450 1324 terrores

469 1352 514 1413 ita
546 1350 607 1412 suh
631 1348 723 1434 Lege
746 1368 843 1422 esse3
887 1348 979 1413 Sicut
1002 1345 1125 1411 Paulus
1154 1349 1255 1431 inquit
1279 1345 1387 1425 [Rom.
1410 1343 1442 1422 3,
1461 1366 1464 1389 2
1483 1348 1624 1409 neeesse
1656 1354 1709 1407 est
1736 1343 1897 1407 accedere
1930 1342 2207 1421 consolationem,
2240 1341 2368 1408 scilicet
2400 1344 2451 1407 li·

468 1432 533 1513 9.]:
578 1432 712 1497 Gausati
745 1453 858 1496 sumus
891 1452 1004 1495 omnes
1036 1435 1097 1497 sub
1144 1443 1261 1495 eccato
1283 1450 1376 1507 esse,
1407 1430 1441 1492 id
1461 1406 1464 1459 Ι
1482 1431 1569 1507 dem,
1622 1446 1686 1493 uae
1719 1438 1840 1491 statuat
1868 1429 1964 1491 nobis
1997 1428 2114 1491 remitti
2146 1439 2285 1513 peccata
2315 1444 2452 1513 propter

469 1529 532 1593 est,
552 1518 788 1581 condemnatos
811 1528 843 1580 et
865 1535 941 1578 reos
973 1536 1084 1579 coram
1140 1534 1191 1579 eo.
1236 1514 1329 1579 Sicut
1357 1532 1440 1577 sem·
1459 1462 1464 1570 l
1480 1512 1584 1579 illium
1638 1512 1722 1577 ciet
1742 1520 1853 1575 tantae
1873 1512 2119 1578 misericordiae
2141 1514 2307 1597 agnitione
2334 1532 2451 1578 rursus

468 1620 528 1685 per
550 1612 659 1664 manet
680 1623 774 1665 mens
792 1602 918 1677 divina,
941 1600 986 1662 ita
1008 1619 1139 1683 semper
1159 1619 1293 1663 manere
1315 1598 1440 1682 Legem
1481 1597 1675 1683 erigatuos,
1695 1614 1739 1659 ne
1762 1598 1915 1679 oppressi
1933 1598 2171 1687 desperatione¹
2185 1617 2320 1663 mamus
2342 1597 2374 1658 in
2397 1618 2451 1660 ae·

468 1703 609 1748 necesse
631 1698 690 1750 est.
714 1686 756 1749 Et
776 1683 922 1749 huiusL
966 1685 993 1745 's
1015 1686 1127 1747 notitia
1151 1696 1259 1747 manet
1271 1684 1304 1747 in
1314 1683 1438 1746 nostris
1480 1700 1609 1748 ternum
1639 1681 1781 1745 exitium.
1826 1678 1897 1743 Nisi
1932 1684 2016 1746 enim
2039 1681 2213 1746 accederet
2234 1680 2342 1759 hides,
2366 1678 2451 1745 Con-

470 1769 682 1833 conscientiis
725 1782 759 1833 et
796 1780 846 1831 est
879 1789 942 1850 exp
956 1770 1041 1831 icata
1074 1788 1158 1831 voce
1179 1766 1242 1831 Dei
1249 1812 1259 1845 ,
1293 1765 1439 1843 Patrum,
1480 1766 1568 1831 tuitio
1593 1763 1687 1829 lieret
1719 1784 1811 1829 mors
1844 1774 1990 1829 aeterna.
2033 1764 2095 1829 Est
2126 1766 2224 1851 igitur
2245 1764 2350 1831 altera
2372 1784 2451 1849 pars

469 1852 729 1936 Prophetarum,
773 1852 893 1917 Christi
933 1864 964 1915 et
997 1851 1242 1935 Apostolomm.
1296 1850 1373 1915 ideo
1406 1860 1440 1914 et
1479 1848 1592 1929 Fides,
1609 1868 1698 1999 quae
1715 1860 1767 1913 est
1785 1868 1853 1913 non
1875 1858 1999 1915 tantum
2016 1848 2176 1915 historiae
2193 1847 2277 1913 veli
2320 1852 2347 1883 ⁶·
2369 1853 2452 1915 noti·

470 1935 621 2000 Christus
644 1938 741 2001 toties
763 1934 906 2000 inculcat
918 1936 1053 2020 Legem,
1076 1948 1111 1999 ut
1123 1934 1237 1999 blatth.
1260 1934 1291 2000 5.
1315 1946 1347 1997 et
1392 1935 1438 1998 ui·
1479 1936 1536 2013 tia,
1569 1952 1607 1999 se
1661 1932 1794 2010 fiducia,
1849 1954 1893 1997 ua
1920 1934 2022 1997 credit
2045 1935 2268 2019 unusquisque
2290 1956 2318 1996 sr
2341 1936 2352 1997 i
2373 1954 2453 1999 vere

469 2022 544 2084 dem
566 2022 654 2084 addit
676 2020 946 2097 declarationem,
979 2032 1014 2083 ut
1037 2023 1180 2083 sciamus
1203 2018 1355 2083 accusari
1407 2038 1439 2081 e·
1480 2020 1599 2083 remitti
1621 2027 1760 2102 peccata
1782 2040 1802 2080 u
1857 2037 1897 2082 eo
1919 2030 2056 2167 propter
2078 2015 2244 2083 Christum
2267 2020 2386 2105 gratis,
2419 2022 2450 2084 id

471 2123 513 2190 ge
546 2125 611 2168 non
644 2104 750 2172 solum
784 2119 920 2169 externa
942 2102 1072 2180 delicta,
1090 2105 1148 2165 sed
1170 2105 1267 2166 etiam
1285 2103 1439 2166 interiora
1481 2114 1544 2181 est,
1565 2122 1632 2166 non
1652 2112 1786 2185 propter
1807 2113 1954 2167 nostram
1998 2104 2164 2189 ignitatem
2185 2114 2241 2167 aut
2262 2115 2375 2167 nostra
2386 2122 2451 2167 me·

470 2191 556 2266 vitia,
590 2188 801 2267 caecitatem,
831 2189 955 2253 iniusta
978 2190 1063 2264 odia,
1085 2186 1250 2251 Flammas
1271 2184 1438 2251 libidinum
1481 2188 1554 2251 ritu.

469 2286 531 2336 etc.
577 2270 657 2336 Vult
690 2296 726 2338 er
750 2295 770 2337 o
793 2273 885 2337 Deus
918 2275 952 2334 in
975 2271 1127 2335 Ecclesia
1161 2290 1231 2335 sem
1255 2291 1291 2335 ar
1320 2290 1440 2335 sonare
1567 2270 1620 2334 De
1649 2270 1710 2334 hac
1732 2282 1837 2354 parte,
1858 2268 1924 2337 hoc¹
1947 2283 2009 2349 εει,
2033 2272 2074 2337 de
2095 2269 2176 2337 Fide
2198 2276 2380 2356 accipiente
2403 2296 2451 2337 re

472 2376 585 2420 vocem
617 2355 713 2421 huius
766 2359 857 2441 egis,
876 2376 961 2439 quae
983 2357 1199 2419 concionatur
1243 2355 1439 2419 eohedien·
1481 2356 1671 2419 missionem
1688 2368 1911 2438 peccatorum,
1934 2354 2008 2420 libri
2027 2354 2263 2421 bienachorum
2275 2360 2353 2422 muti
2365 2370 2451 2423 sunt.

471 2442 515 2503 tia
538 2440 659 2504 cordia.
1482 2439 1550 2503 Sed
1582 2458 1645 2502 nos
1673 2440 1816 2503 sciamus
1838 2439 1925 2503 hanc
1946 2460 2024 2505 esse
2044 2442 2252 2526 praecipuam
2275 2454 2307 2505 et
2327 2462 2388 2525 pro
2411 2444 2452 2506 ri·

555 2523 719 2588 Utendum
741 2537 791 2589 est
815 2538 847 2588 et
869 2544 953 2588 voce
974 2521 1162 2607 Evangelii,
1196 2542 1281 2607 quae
1304 2534 1441 2588 accusat
1482 2544 1536 2587 am
1555 2518 1727 2609 Evangelii
1760 2542 1888 2601 vocem,
1921 2536 1954 2589 et
1986 2522 2073 2588 hanc
2105 2526 2288 2591 doctrinam
2311 2528 2352 2591 de
2400 2528 2452 2589 ide

470 2611 501 2670 in
514 2609 634 2673 mundo
647 2622 866 2691 contemptum
878 2611 946 2671 irae
958 2620 989 2671 et
1001 2609 1256 2685 misericordiae,
1274 2627 1441 2692 quaecer-
1482 2626 1620 2693 prorsus
1641 2609 1864 2671 necessariam
1887 2628 1963 2673 esse
1983 2608 2171 2689 Ecclesiae,
2193 2620 2227 2674 et
2247 2608 2343 2676 simul
2366 2630 2451 2675 com·

472 2697 557 2756 nitur·
569 2691 714 2756 exhibito
726 2692 804 2757 filio.
850 2693 927 2757 ideo
939 2695 1041 2839 inquit
1053 2691 1204 2757 Christus
1218 2690 1300 2769 [lob.
1316 2690 1368 2767 16,
1378 2690 1440 2769 tlt:
1482 2691 1689 2777 plectendam
1711 2694 1974 2780 quandocunque
1997 2694 2039 2760 de
2060 2695 2259 2779 poenitentia
2281 2696 2409 2761 dicitur.

471 2778 614 2858 Spiritus
626 2791 805 2843 sanctusar
852 2789 970 2841 etmun
994 2798 1047 2840 um
1060 2779 1101 2839 de
1111 2788 1264 2861 peccato,
1277 2775 1365 2859 qnod
1376 2796 1441 2839 non
1568 2774 1664 2841 blulii
1685 2774 1740 2837 hic
1761 2778 1938 2861 disputant,
1959 2780 2048 2863 quod
2071 2780 2113 2843 sit
2136 2780 2309 2845 discrimen
2333 2782 2452 2845 contri-

471 2861 610 2925 credunt
632 2864 662 2924 in
695 2882 757 2926 me.
816 2883 868 2926 am
901 2862 1095 2947 cogitemus,
1128 2882 1224 2946 quam
1245 2858 1312 2923 late
1333 2870 1444 2943 pateat
1483 2861 1581 2926 tionis
1614 2859 1701 2923 Petri
1734 2872 1767 2924 et
1789 2862 1904 2939 iudae,
1937 2861 2075 2928 Davidis
2099 2876 2132 2927 et
2153 2860 2273 2929 Saulis.
2315 2862 2358 2929 Et
2378 2879 2452 2931 eunt

471 2945 554 3008 haec
576 2948 778 3027 praedicatio
805 2964 969 3011 accusans
993 2956 1025 3007 et
1047 2947 1269 3009 condemnans
1291 2954 1442 3029 peccata.
1484 2948 1639 3029 spinosae
1661 2945 1711 3010 dis
1733 2948 1900 3011 utationes
1921 2950 1963 3012 de
1984 2967 2097 3013 amore
2112 2948 2256 3013 iustitiae
2278 2948 2454 3013 ct'l'imore

470 3028 586 3093 Totum
604 3049 707 3113 genus
726 3028 902 3095 humanum
926 3028 1170 3113 complectitur,
1193 3048 1307 3094 omnes
1329 3046 1443 3092 sumus
1482 3048 1620 3113 poenae.
1753 3027 1819 3094 hoc
1841 3031 2014 3097 discrimen
2034 3030 2167 3117 planum
2188 3047 2221 3097 et
2242 3030 2370 3099 illustre
2392 3046 2453 3097 est.

471 3111 557 3195 pleni
581 3113 792 3193 dubitatione,
815 3116 1001 3191 securitate,
1023 3113 1231 3201 negligentes
1254 3123 1310 3178 aut
1329 3130 1443 3176 erran-
1483 3114 1537 3176 Ad
1559 3116 1786 3191 contritionem
1806 3114 1905 3179 iudae
1927 3138 1992 3180 non
2016 3118 2159 3182 accessit
2182 3115 2277 3195 fides,
2297 3119 2373 3181 ideo
2396 3136 2452 3201 op·

471 3208 522 3259 tes
543 3199 576 3258 in
598 3199 816 3275 invocatione,
839 3201 1047 3262 contaminati
1064 3200 1177 3281 pravis
1201 3197 1443 3281 cupiditatibus
1483 3216 1621 3279 pressus
1644 3199 1825 3263 terroribus
1849 3201 1912 3263 ruit
1934 3202 1967 3262 in
1990 3212 2157 3265 aeternum
2179 3202 2326 3275 exitium3
2347 3200 2454 3266 Eron-

470 3278 586 3344 leviter
609 3302 763 3347 curamus
782 3286 862 3345 iram
873 3282 947 3358 Dei,
958 3282 1123 3346 abutimur
1134 3280 1314 3357 beneficiis,
1327 3262 1442 3343 orlnes
1484 3291 1535 3344 tra
1556 3281 1598 3345 ad
1621 3282 1849 3346 contritionem
1869 3283 1956 3347 Petri
1979 3286 2122 3349 accessit
2143 3283 2243 3362 iides,
2274 3287 2349 3350 ideo
2372 3290 2453 3349 revi-

471 3384 584 3429 sumus
602 3368 722 3448 ingrati
744 3364 813 3428 filio
834 3364 906 3428 Dei.
952 3362 1029 3426 ideo
1051 3384 1118 3427 non
1140 3366 1293 3430 miremur
1312 3366 1452 3443 univer·¹
1482 3368 1529 3429 xit
1550 3386 1591 3429 cx
1613 3368 1682 3430 suis
1702 3366 1890 3451 ingentibus
1912 3367 2092 3433 doloribus.
2123 3368 2260 3433 Etcum
2281 3368 2453 3456 iideen‘gi·

470 3468 544 3552 sum
577 3451 730 3549 mundum
752 3449 891 3550 ppprimi
914 3444 1066 3547 dotalibus
1088 3450 1217 3530 poenis,
1273 3460 1337 3551 uae
1364 3452 1441 3513 sunt
1483 3471 1567 3529 mur,
1599 3451 1727 3514 accedit
1757 3453 1881 3539 agnitio
1913 3453 2069 3518 bonitatis
2091 3452 2167 3535 Dei,
2188 3465 2221 3519 et
2241 3474 2308 3520 non
2331 3468 2453 3520 tantum

472 3532 1159 3696 ttte'ttd'ttdtdtitillat
1173 3532 1442 3681 limittit
1482 3548 1572 3702 titt
1615 3538 1962 3700 iiliideild'sib,
1975 3538 2037 3687 {il
2054 3538 2454 3689 titubabit:

472 3715 549 3759 esse
581 3695 667 3775 Deo,
698 3711 729 3762 et
762 3718 822 3763 sua
855 3700 995 3782 quisque
1015 3710 1153 3782 peccata
1173 3712 1310 3765 accuset
1333 3708 1364 3764 et
1387 3700 1442 3765 de·
1483 3706 1658 3788 gratitudo.
1688 3703 1771 3767 ·Sed
1805 3725 1869 3770 non
1903 3716 1955 3769 est
1975 3726 2060 3791 opus
2081 3704 2146 3771 hos
2167 3706 2306 3775 affectus
2328 3708 2452 3774 subtili-

473 3777 586 3863 ploret.
1483 3799 1533 3853 ter
1555 3786 1720 3853 divellere.
1748 3787 1829 3853 Vult
1849 3788 1942 3853 Dens
1962 3792 2045 3855 iram
2066 3810 2158 3855 suam
2179 3794 2290 3871 metui,
2313 3806 2348 3857 ει
2366 3792 2452 3859 hanc

559 3864 650 3928 Haec
672 3869 778 3930 omnia
801 3885 901 3949 saepe
924 3879 956 3931 et
978 3866 1112 3932 multum
1130 3870 1326 3955 cogitemus3
1356 3869 1442 3934 Nam
1482 3873 1516 3935 in
1547 3875 1664 3957 poenis
1697 3871 1767 3936 vult
1800 3876 1957 3958 conspici.
2000 3873 2152 3941 Accedat
2167 3888 2275 3943 autem
2304 3892 2337 3943 et
2356 3876 2451 3955 fides,

474 3951 562 4095 quod
595 3951 728 4027 dicitur,
756 3952 780 4015 S
804 3953 896 4015 bitus
929 3962 1065 4015 sanctus
1086 3964 1201 4037 arguet
1222 3957 1388 4033 mundum,
1409 3955 1443 4018 id
1482 3960 1581 4042 ue⁶¹)
1615 3957 1777 4043 iugiamus
1799 3958 1926 4038 Deum,
1946 3960 2009 4025 sed
2028 3960 2073 4025 ad
2095 3980 2171 4027 eum
2190 3962 2375 4041 redeamus,
2397 3982 2452 4047 pe·

497 4046 590 4117 tper
612 4038 748 4099 verbum
793 4033 944 4100 eclarans
967 4037 1047 4099 iram
1058 4035 1132 4114 Dei,
1150 4048 1182 4100 et
1203 4039 1235 4101 in
1256 4038 1353 4103 huius
1369 4058 1442 4104 ver·
1483 4054 1588 4105 umus
1611 4064 1672 4106 nos
1694 4046 1764 4108 reci
1787 4046 1808 4121 i,
1840 4056 1875 4107 et
1895 4054 2078 4111 sumamus
2098 4042 2267 4113 aeternam
2287 4059 2321 4112 et
2340 4050 2451 4113 immu-

474 4118 505 4180 hi
539 4119 739 4203 cogitatione
767 4120 907 4201 Spiritus
941 4132 1077 4183 sunaus
1123 4134 1175 4185 est
1219 4118 1347 4186 efficax.
1400 4122 1442 4187 Et
1484 4125 1615 4193 tabilem
1636 4126 1699 4191 Dei
1730 4065 1931 4193 vdluntrtem
1963 4148 2053 4207 esse,
2084 4130 2173 4215 qued
2205 4128 2285 4197 velit
2304 4134 2451 4215 recipere

473 4202 504 4263 2.
519 4202 601 4266 Tim.
624 4204 655 4266 2.
679 4210 742 4283 [vs.
756 4204 821 4282 254
845 4202 968 4269 Paulus
990 4203 1081 4267 clare
1102 4206 1192 4270 iubet
1203 4206 1441 4273 docerieteru·
1482 4208 1750 4293 perterrefactos,
1772 4214 1826 4297 qui
1839 4214 1977 4277 credunt
1993 4215 2056 4279 sibi
2077 4214 2205 4301 ignosci
2225 4228 2361 4301 propter
2381 4215 2449 4279 hie

474 4287 532 4350 diri
544 4289 778 4366 adversantes,
811 4291 862 4351 uis
874 4291 948 4365 scit,
965 4310 1006 4353 an
1018 4288 1112 4352 Deus
1125 4292 1178 4355 det
1188 4288 1351 4375 aliquibus
1387 4312 1441 4357 oe·
1483 4296 1651 4361 diatorem.
1675 4296 1748 4359 lloc
1769 4298 1927 4383 praecipit
1948 4300 2045 4365 nobis
2067 4308 2159 4365 certo
2177 4300 2313 4365 credere
2331 4313 2362 4365 et
2384 4314 2449 4364 sta·

473 4372 658 4435 nitentiami
668 4370 711 4435 Et
721 4308 810 4457 apud
816 4371 1074 4453 ler·em.[3l,19.]
1083 4314 1442 4459 Postqrramostenllisti
1482 4391 1584 4445 tuere
2216 4398 2222 4409 '
2278 4384 2283 4401 ²

474 4454 562 4529 mihi,
585 4452 746 4518 confusus
764 4476 836 4518 sum
859 4469 892 4520 et
913 4460 1037 4521 erubui.
1083 4459 1112 4521 i.
1135 4459 1217 4543 Reg.
1239 4460 1271 4521 2.
1296 4461 1340 4540 [i.
1353 4460 1440 4525 Sam.
1569 4464 1660 4528 llaec
1681 4464 1765 4529 fides
1786 4463 1916 4529 illustre
1938 4468 2112 4533 discrimen
2140 4465 2219 4534 iacit
2239 4470 2323 4535 inter
2343 4468 2448 4533 'limir-

472 4539 504 4614 2,
528 4540 571 4616 ti]
606 4538 766 4601 Dominus
799 4541 971 4607 mortificat
994 4554 1025 4605 et
1050 4542 1204 4607 viviticat.
1249 4542 1338 4609 llaec
1359 4544 1441 4610 hunt
1482 4568 1551 4611 rem
1572 4545 1725 4613 servilem
1747 4560 1779 4613 et
1801 4546 1942 4613 filialem.
1985 4548 2096 4615 'limor
2121 4552 2251 4617 'servilis
2274 4566 2322 4617 est
2345 4576 2449 4637 pavor

474 4623 689 4702 perverbum
712 4620 786 4698 Dei,
809 4633 844 4683 ut
867 4624 965 4687 llehr.
988 4627 1019 4690 i.
1044 4632 1107 4702 ivs.
1133 4627 1195 4709 η]
1218 4628 1351 4693 dicitur:
1383 4628 1440 4693 vt·
1482 4632 1554 4695 sine
1576 4631 1641 4696 iide
1662 4642 1695 4695 et
1715 4654 1751 4697 re
1773 4635 1846 4717 ipsa
1868 4632 1950 4719 iirgit
1971 4632 2096 4711 Deum3
2118 4634 2188 4702 Sed
2207 4636 2319 4703 'limm
2340 4638 2447 4704 iilialis

475 4724 547 4767 vum
572 4718 622 4767 est
643 4707 781 4769 verbum
801 4705 864 4769 Dei
882 4718 915 4771 et
936 4707 1053 4772 efficax
1075 4722 1106 4775 et
1127 4714 1349 4795 penetrantius
1372 4710 1440 4799 gla-
1482 4728 1534 4779 est
1554 4738 1670 4801 pavor,
1687 4720 1729 4781 ad
1751 4740 1847 4803 quem
1870 4720 1996 4783 accedit
2017 4719 2116 4801 fides,
2138 4742 2223 4806 quae
2245 4726 2328 4787 inter
2348 4746 2447 4807 pavo-

474 4790 528 4851 dio
551 4800 614 4853 etc.
650 4788 762 4861 Quare
782 4792 815 4853 in
837 4792 888 4868 iis,
910 4793 966 4875 qai
986 4791 1155 4879 negligrmt
1179 4808 1211 4860 et
1233 4810 1442 4863 contemnunt
1483 4821 1537 4865 res
1580 4804 1673 4886 erigit
1719 4816 1751 4866 et
1783 4800 1974 4868 consolatur
2006 4808 2148 4871 animum
2180 4820 2212 4871 et
2244 4810 2371 4874 accedit
2403 4814 2446 4873 ad

473 4874 611 4937 verbum
634 4871 708 4951 Dei,
730 4894 796 4937 non
830 4888 881 4938 est
910 4874 1027 4940 efficax
1050 4878 1188 4963 Spiritus
1212 4894 1357 4959 sanctus,
1380 4884 1441 4947 sed
1481 4885 1599 4964 Deum,
1631 4888 1710 4971 petit
1743 4898 1776 4950 et
1808 4890 1926 4973 accipit
1954 4890 2188 4955 remissionem.
2233 4892 2304 4957 liae
2325 4896 2446 4957 descri-

474 4957 684 5022 confirmatur
702 4955 839 5061 ferocia.
885 4959 978 5025 Sicut
995 4962 1027 5023 in
1040 4961 1162 5027 Genesi
1181 4966 1228 5046 16,
1240 4965 1284 5046 3.]
1303 4968 1439 5033 dicitur:
1481 4972 1609 5054 ptiones
1631 4982 1707 5037 sunt
1729 4969 1848 5057 planae
1871 4986 1902 5037 et
1924 4977 1955 5037 in
1978 4976 2140 5039 exercitiis
2163 4978 2286 5041 nostris
2309 4975 2445 5063 intelligi

473 5042 548 5105 Non
568 5042 875 5126 iudicahrtSprrrtus
897 5064 989 5109 meus
1011 5046 1043 5108 in
1066 5047 1207 5127 bomine,
1230 5054 1321 5136 quasi
1335 5052 1438 5119 dicat:
1480 5070 1630 5139 possunt.
1675 5056 1834 5120 Contritio
1856 5058 1928 5121 sine
1945 5058 2010 5122 fide
2032 5073 2084 5124 est
2101 5060 2266 5126 horribilis
2288 5083 2393 5146 pavor
2415 5078 2445 5127 et

474 5137 689 5211 posteaquam
710 5139 919 5193 contemnere
938 5132 1071 5193 verbum
1093 5132 1258 5216 incipiunt,
1280 5138 1375 5202 desiit
1393 5140 1438 5205 iu·
1480 5139 1577 5205 dolor
1609 5142 1705 5204 animi
1738 5138 1892 5227 tugtemu
1924 5143 2041 5221 Deum,
2072 5158 2108 5209 ut
2139 5146 2172 5209 iu
2206 5144 2324 5225 Saule,
2346 5147 2446 5210 luda:

474 5206 591 5272 dicium
614 5212 758 5293 spiritus,
779 5214 913 5298 Agnitio
935 5216 1073 5297 pemati,
1091 5214 1257 5283 invocatio
1280 5234 1342 5299 etc..
1480 5224 1591 5298 Quare
1623 5246 1688 5289 non
1722 5238 1772 5290 est
1805 5228 1926 5291 bonum
1958 5248 2052 5311 opus.
2096 5230 2164 5295 Sed
2196 5233 2343 5297 contritio
2374 5252 2445 5294 cum

1480 5310 1545 5376 lide
1572 5330 1678 5394 pavor
1706 5321 1740 5376 et
1761 5309 1856 5379 dolor
1874 5324 1924 5377 est
1946 5315 2046 5379 animi
2066 5334 2133 5379 non
2153 5312 2307 5400 iirgientis
2329 5315 2445 5380 Deum.

1425 5550 1431 5557 ’
1479 5580 1525 5637 ert
1542 5582 1587 5645 ne]
1605 5582 1675 5634 ratu.
1696 5584 1736 5633 ra.
1756 5584 1798 5633 ro.
1816 5584 1932 5637 ra-ar.
1952 5586 2022 5649 corp.
2043 5586 2202 5649 1-c..opp.
2224 5590 2246 5638 ι.
2263 5588 2288 5635 r.
2306 5600 2352 5640 ιιι

2246 5688 2292 5738 aa·
