5859 6734
442 707 446 714 ¹
513 675 579 742 628
1137 675 1252 742 PlllL.
1274 675 1379 743 ntEL.
1401 675 1589 744 SCRIPTA
1610 675 1888 744 bochartus.
2445 679 2517 750 624¹

515 866 704 967 eyanescit3
732 873 766 926 at
793 862 881 942 λόγος
908 873 1017 927 manet
1038 864 1073 926 in
1094 860 1227 927 Christo
1249 874 1329 928 nato
1357 883 1399 928 ex
1426 867 1490 929 vir-
1509 876 1514 1005 Ι
1533 860 1740 928 hocfaciam.
1769 862 2110 965 llicapertatestatur
2127 883 2167 927 se
2183 877 2216 928 et
2233 866 2392 970 exaudire
2410 879 2444 932 et
2460 866 2512 934 fa-

515 969 684 1098 ngunt
708 1033 808 1117 igitur
834 1033 868 1094 in
896 1030 1028 1096 Christo
1057 1042 1134 1096 nato
1165 1051 1207 1096 ex
1235 1033 1364 1118 virgine
1384 1031 1491 1098 Maria
1533 960 1933 1097 illlilthh’hlalnllhllhlshse
1946 960 2513 1119 (lllalhurhneutrlllhlllelllolllsllmbljsl

514 1119 599 1185 duae
619 1129 772 1194 naturae,
796 1117 882 1206 λόγος
903 1128 937 1180 et
956 1114 1099 1181 humana
1109 1128 1238 1196 natura,
1259 1117 1310 1182 sic
1318 1119 1441 1197 unitae,
1452 1129 1490 1182 ut
1533 1117 1612 1183 Sine
1629 1136 1682 1180 me
1708 1113 1790 1181 nihil
1816 1118 1959 1200 potestis
1987 1117 2110 1182 lheere.
2155 1118 2247 1181 Haec
2272 1124 2437 1188 sententia
2463 1135 2512 1188 ta-

514 1201 667 1268 Ghtistus
689 1205 733 1266 sit
759 1222 826 1266 una
847 1221 1001 1286 persona·
1046 1200 1108 1265 Est
1134 1203 1220 1266 enim
1248 1222 1311 1268 usa
1336 1201 1490 1267 Ecclesia
1533 1213 1640 1266 statur
1652 1200 1819 1265 Christum
1830 1203 1961 1281 adesse,
1977 1216 2166 1288 protegere,
2185 1205 2309 1282 iuvare,
2323 1208 2513 1289 gubernare

513 1285 579 1353 hoc
600 1284 766 1353 vocabulo
786 1288 931 1362 uniendi,
955 1287 1048 1350 cuins
1069 1304 1255 1352 sermonem
1276 1306 1340 1352 nos
1356 1307 1490 1372 quoque
1532 1288 1737 1364 invocantes,
1759 1306 1844 1371 quae
1865 1299 1943 1351 sunt
1964 1289 2028 1351 Dei
2049 1289 2191 1369 propria.
2235 1287 2354 1353 Matth.
2368 1291 2418 1356 18.
2442 1297 2510 1372 [νε.
2607 1351 2610 1366 ,

514 1374 692 1458 sequimur.
733 1365 833 1444 Quod
861 1374 946 1434 enim
974 1381 1106 1434 veteres
1134 1372 1298 1436 interdum
1330 1373 1384 1436 usi
1411 1384 1490 1437 sunt
1532 1369 1618 1454 hille
1647 1370 1839 1456 Ubicunque
1867 1385 1944 1436 sunt
1971 1373 2037 1438 duo
2065 1381 2124 1436 aut
2155 1384 2225 1435 tres
2254 1379 2447 1462 congregati
2474 1379 2508 1440 in

512 1453 679 1524 vocabulo
704 1457 939 1542 penniscendi,
974 1455 1008 1519 id
1033 1457 1210 1538 prudenter
1241 1455 1489 1541 intelligendum
1532 1455 1663 1520 nomine
1683 1475 1770 1534 meo,
1791 1457 1836 1520 ibi
1857 1475 1931 1520 sum
1953 1460 1987 1520 in
2007 1458 2115 1522 medio
2138 1457 2261 1523 eorumss
2295 1460 2424 1526 Adesse
2434 1463 2507 1526 ubi-

514 1553 585 1620 est,
609 1562 652 1606 ne
679 1539 831 1606 confusio
858 1555 1050 1605 naturarum
1080 1541 1252 1626 cogitetur.
1312 1541 1489 1628 Origenes,
1533 1560 1615 1624 que,
1641 1541 1797 1604 exaudire
1825 1553 1859 1606 et
1881 1539 2032 1627 opitulari
2052 1543 2186 1625 ubique,
2207 1562 2268 1626 pro
2294 1545 2341 1609 ria
2362 1554 2438 1610 sunt
2459 1547 2506 1611 di·

513 1628 576 1692 etsl
596 1623 838 1692 similitudinem
858 1626 957 1691 huius
981 1627 1222 1691 coniunctionis
1246 1629 1415 1711 propriam
1441 1623 1489 1691 af·
1532 1626 1631 1690 vinae
1662 1637 1811 1689 naturae.
1865 1627 1956 1691 loan.
1977 1627 2030 1690 λθ.
2064 1629 2128 1707 [νε.
2146 1627 2232 1707 12.]τ
2266 1565 2416 1694 ghristus
2448 1631 2506 1697 dat

513 1709 593 1778 ferri
612 1731 717 1796 posse
737 1722 849 1796 negat,
870 1725 981 1775 tamen
994 1721 1163 1792 comparat
1177 1731 1251 1776 eam
1265 1708 1356 1776 ferro
1373 1712 1488 1796 ignito.
1532 1709 1692 1792 Spiritum
1713 1722 1882 1789 sanctum,
1904 1715 1993 1796 quod
2015 1714 2111 1777 etiam
2133 1709 2238 1777 solius
2260 1713 2391 1779 (helnae
2411 1729 2507 1780 natu-

515 1797 609 1865 Sicut
626 1796 723 1882 ignis
742 1807 893 1880 penetrat
914 1794 1037 1860 serrum
1058 1806 1092 1859 et
1110 1795 1255 1880 nudique
1271 1798 1301 1860 ai
1319 1798 1488 1873 miscetur,
1532 1814 1593 1858 rae
1618 1796 1787 1878 proriam
1816 1809 1877 1860 est.
1933 1796 2023 1861 loen.
2050 1797 2101 1862 to.
2130 1801 2214 1876 [vss.
2243 1799 2283 1862 17
2311 1805 2397 1884 sq.]t
2436 1799 2510 1886 Ego

515 1882 573 1948 Sic
594 1883 680 1963 λόγος
704 1901 879 1946 assumens
901 1879 1076 1946 hmuanam
1096 1889 1248 1946 naturam
1276 1877 1366 1946 lucet
1394 1881 1427 1944 in
1449 1900 1490 1946 eo
1556 1898 1621 1943 ono
1727 1900 1782 1943 am
1803 1901 1909 1946 meam
1931 1893 1964 1945 et
1985 1899 2102 1946 rursus
2124 1901 2253 1948 sumam
2275 1904 2361 1948 eam.
2406 1884 2509 1964 [loun.

514 1979 600 2046 tota,
628 1978 662 2032 et
689 1977 807 2030 natura
827 1965 971 2030 humana
991 1961 1082 2029 velut
1102 1985 1249 2032 accensa
1267 1962 1388 2030 lumine
1410 1965 1489 2050 λόγῳ
1532 1899 1564 2027 ξ.
1589 1969 1653 2041 [νε.
1669 1962 1753 2043 tol:
1782 1964 1856 2050 Ego
1884 1968 2054 2031 suscitabo
2078 1987 2152 2030 eum
2180 1969 2214 2030 in
2236 1971 2420 2036 novissimo
2443 1972 2508 2036 die.

514 2055 605 2119 nnita
625 2063 688 2116 est.
1533 2048 1613 2112 lteur
1641 2054 1704 2124 [νε.
1721 2047 1805 2131 62.]ε
1834 2050 1870 2114 Si
1897 2052 2043 2115 videritis
2075 2049 2192 2115 Filium
2224 2050 2365 2118 hominis
2393 2073 2510 2122 ascen·

599 2136 690 2201 Satis
710 2135 801 2200 clere
823 2131 1034 2200 refutavimus
1055 2132 1283 2212 Samosateni‚
1303 2132 1435 2199 Phothti
1455 2145 1491 2199 et
1533 2134 1680 2212 dentem,
1708 2136 1765 2199 ubi
1794 2147 1867 2199 erat
1890 2137 1995 2217 prius.
2039 2137 2129 2200 loan.
2148 2136 2180 2200 8.
2204 2142 2268 2216 [vs.
2285 2138 2369 2218 581:
2396 2139 2510 2206 Prius·

514 2221 644 2288 Serveti
671 2218 833 2299 furorem,
862 2241 937 2286 curu
962 2219 1190 2284 constituimus
1218 2240 1239 2284 o
1264 2230 1375 2284 ortere
1402 2219 1490 2300 λόγον
1533 2237 1631 2303 quam
1651 2217 1821 2283 Abraham
1847 2233 1944 2284 natus
1967 2233 2036 2300 est,
2065 2241 2129 2306 ego
2152 2240 2234 2286 sum.
2279 2222 2341 2288 llic
2369 2236 2510 2292 testata

513 2327 689 2392 personam
710 2305 860 2390 intelligi.
891 2304 1021 2369 Deinde
1041 2301 1149 2368 facilis
1171 2317 1223 2369 est
1285 2306 1304 2324 ”
1321 2300 1488 2382 refutatio,
1533 2321 1572 2366 se
1597 2299 1702 2367 fuisse
1729 2317 1905 2390 antequam
1932 2319 2117 2371 assumeret
2144 2304 2319 2372 humanam
2348 2321 2508 2376 naturam.

513 2393 570 2478 quii
591 2391 744 2456 concedit
766 2390 852 2470 λόγον
872 2389 1062 2477 significare
1083 2409 1263 2472 personam
1283 2390 1372 2474 apud
1395 2388 1489 2453 loan-
1532 2387 1693 2452 loen-17.
1717 2387 1858 2470 [vs.5.].·
1887 2387 2044 2455 Glorlfice
2076 2411 2139 2469 rne,
2165 2392 2277 2471 Pater,
2305 2397 2394 2478 apud
2416 2407 2449 2460 te
2470 2417 2511 2461 ee

513 2497 606 2555 nem,
632 2488 667 2540 at
694 2487 814 2559 postca
865 2485 967 2560 ugnet
993 2472 1082 2538 hanc
1110 2493 1289 2555 personam
1316 2494 1383 2538 non
1410 2493 1489 2538 esse
1554 2468 1650 2551 loric,
1671 2494 1768 2558 quam
1779 2473 1878 2538 habui
1891 2478 1980 2559 apud
1991 2487 2035 2555 te,
2058 2488 2233 2562 antequam
2250 2490 2341 2543 esset
2355 2481 2509 2548 mundus·

513 2573 632 2626 nature
641 2558 767 2634 Detuu3
788 2497 863 2624 sel
867 2559 1009 2623 loannes
1026 2557 1211 2622 fimrissime
1228 2555 1351 2622 refutat
1360 2556 1489 2636 Arium,
1532 2492 1606 2621 hot.
1621 2558 1650 2620 l.
1674 2563 1738 2636 [vs.
1751 2558 1832 2641 lli-1:
1859 2558 1978 2625 Omnia
2003 2582 2064 2644 per
2089 2563 2197 2644 ipsum
2225 2565 2312 2627 etin
2338 2568 2446 2649 ipsum
2458 2565 2509 2652 ⁶⁸)

514 2668 589 2711 cum
615 2641 759 2709 allirmat
779 2663 938 2726 expresse
967 2644 1052 2722 λόγον
1073 2662 1150 2706 esse
1171 2642 1297 2720 Deum,
1324 2655 1359 2706 et
1384 2663 1428 2707 ne
1454 2645 1488 2706 in
1533 2643 1666 2706 condita
1696 2655 1773 2708 sunt
1806 2657 1839 2708 et
1867 2647 1977 2709 omnia
2003 2667 2063 2730 per
2096 2665 2168 2711 eum
2202 2649 2398 2715 consistunt
2448 2649 2511 2715 Est

515 2728 678 2798 vocabulo
701 2729 766 2793 Dei
793 2730 837 2792 sit
857 2729 1073 2814 ambiguitas,
1103 2728 1251 2792 attribuit
1273 2727 1371 2814 λόγῳ,
1398 2728 1489 2812 quod
1533 2746 1615 2814 ergo
1636 2730 1669 2790 in
1682 2725 1815 2793 Christo
1836 2740 1955 2794 natura
1969 2729 2080 2796 divina
2097 2733 2260 2796 conditrix
2277 2754 2396 2798 rerum.
2430 2735 2510 2800 ldeo

513 2835 667 2901 peream
688 2833 865 2899 personam
887 2812 995 2876 omnia
1018 2813 1151 2876 condita
1172 2813 1246 2876 sint.
1295 2810 1386 2896 Ergo
1414 2831 1489 2876 cum
1532 2822 1652 2896 postea
1677 2813 1712 2875 in
1734 2833 1805 2896 cap.
1823 2813 1854 2876 2.
1879 2820 1942 2891 [νε.
1959 2813 2004 2896 9.]
2032 2817 2164 2880 tlioiturr
2193 2816 2230 2879 ln
2251 2820 2325 2901 ipso
2348 2821 2511 2885 inhabitat

514 2904 560 2966 sit
579 2919 724 2984 persona
746 2897 907 2964 conditrix
930 2908 963 2960 et
984 2899 1205 2981 omnipotens,
1226 2915 1306 2961 vere
1326 2894 1420 2960 Deus
1437 2909 1489 2960 est
1533 2898 1638 2959 omnis
1660 2893 1827 2980 plenitudo
1851 2899 2028 2964 divinitatis
2043 2899 2272 2985 corporaliter,
2294 2906 2389 2989 quasi
2402 2907 2509 2970 dicate

514 2997 644 3063 natura,
666 3004 731 3048 non
753 2994 879 3048 tuntum
900 2985 1153 3065 nuncupatione.
1531 2979 1565 3044 in
1586 2978 1661 3044 aliis
1685 2980 1809 3046 habitat
1836 2983 1930 3048 Deus
1953 2986 2070 3068 spiritu
2092 3006 2173 3065 suo,
2200 3007 2321 3052 novam
2343 2988 2450 3054 lucem
2473 3003 2509 3054 et

598 3069 783 3135 Adiuvatur
798 3081 907 3132 autem
930 3079 1070 3151 utraque
1084 3063 1258 3144 refutatio,
1279 3065 1489 3132 Samosateni
1532 3085 1639 3131 novos
1660 3077 1771 3131 motus
1792 3069 1992 3149 accendens,
2015 3072 2076 3136 sed
2097 3073 2130 3136 in
2142 3070 2276 3137 Christo
2297 3071 2423 3138 habitat
2439 3095 2510 3140 non

515 3171 549 3224 et
569 3158 659 3234 Atii,
682 3155 896 3240 sequentibus
917 3153 1127 3230 testimoniis,
1149 3170 1235 3236 quae
1257 3151 1433 3217 ostendunt
1454 3153 1488 3216 in
1531 3148 1638 3215 solum
1660 3152 1787 3236 spiritu,
1809 3155 1870 3218 sed
1891 3155 1988 3220 etium
2010 3158 2066 3234 ita,
2087 3168 2124 3221 ut
2137 3159 2183 3234 ⁵⁶)
2204 3155 2368 3241 personali
2382 3160 2510 3224 unione

419 3235 425 3245 ’
515 3241 649 3308 Christo
670 3253 749 3306 nato
771 3259 814 3306 ex
834 3238 962 3324 virgine
984 3237 1067 3302 duas
1090 3255 1167 3301 esse
1189 3247 1222 3301 ct
1238 3256 1373 3301 manere
1393 3248 1489 3302 natu-
1531 3235 1672 3300 humana
1694 3249 1812 3303 nature
1833 3239 1961 3304 dtvtnae
1982 3241 2071 3305 unita
2092 3243 2145 3306 sit.
2179 3243 2262 3306 Nam
2282 3254 2318 3307 ut
2338 3261 2401 3306 nos
2424 3243 2508 3305 dici-

515 3349 583 3407 ras,
605 3326 751 3391 divinam·
770 3325 983 3389 conditricem
1003 3343 1115 3416 rerum
1136 3333 1169 3386 et
1190 3319 1374 3387 humanam.
1530 3341 1604 3386 mus
1625 3343 1714 3387 nunc
1742 3326 1865 3388 usitate
1891 3343 2075 3409 personas,
2096 3328 2143 3391 ita
2164 3339 2296 3392 veteres
2318 3326 2437 3392 Graeci
2459 3329 2508 3391 di·

601 3411 691 3476 loen.
701 3409 755 3473 20.
768 3415 833 3490 [vs.
844 3408 910 3486 28]
927 3407 1073 3472 Thomas
1085 3417 1185 3472 vocat
1195 3404 1363 3472 Christum
1373 3419 1489 3492 aperte
1530 3418 1650 3472 xerunt
1670 3408 1805 3488 οοόμαοο.
1848 3408 1903 3473 Ad
1931 3409 2032 3476 llebr.
2051 3411 2080 3476 1.
2105 3418 2168 3490 [νε.
2179 3411 2243 3493 1.]ο
2270 3412 2375 3486 Quem
2396 3417 2509 3498 posuit

515 3497 624 3562 Derim
641 3495 809 3580 iuquiens:
831 3493 994 3558 Dominus
1012 3511 1106 3558 meus
1123 3503 1156 3556 et
1164 3490 1258 3556 Deus
1272 3511 1378 3571 meus,
1399 3491 1487 3577 quod
1531 3490 1705 3558 haeredem
1734 3495 1886 3574 omnium,
1912 3515 1973 3579 per
1999 3515 2095 3580 quern
2123 3508 2157 3562 et
2184 3496 2302 3562 secula
2324 3496 2418 3576 fecit,
2450 3500 2507 3584 qui

514 3583 637 3647 usitata
652 3579 818 3646 Hebraico
836 3578 950 3662 phrasi
971 3578 1092 3644 dictmn
1112 3590 1175 3654 est,
1195 3577 1251 3662 qui
1269 3579 1414 3664 iungitur
1430 3597 1488 3641 no-
1531 3574 1715 3664 esttitlgor
1741 3577 1926 3664 gloriaest
1953 3577 2083 3668 efligies
2110 3584 2317 3648 substantiae
2339 3584 2410 3648 eius
2433 3605 2508 3648 sus·

514 3687 590 3732 men
599 3665 664 3731 Dei
674 3685 736 3750 pro
760 3665 842 3729 rium
855 3664 1048 3728 discernens
1060 3663 1299 3727 invocationem
1316 3682 1432 3727 verant
1444 3663 1487 3726 ab
1530 3673 1662 3727 tentans
1691 3667 1800 3728 omnia
1827 3677 1890 3729 etc.
1934 3666 2010 3732 Act.
2023 3668 2054 3730 7.
2078 3674 2142 3745 [νε.
2153 3667 2237 3747 58]τ
2258 3668 2401 3733 Domine
2418 3668 2506 3747 lesu,

515 3751 667 3832 Ethnica,
688 3761 725 3815 ut
736 3685 862 3814 lenm.
875 3748 926 3814 19.
941 3754 1005 3829 [vs.
1016 3747 1062 3829 8.]
1085 3747 1156 3811 Νοε
1172 3759 1281 3811 autem
1302 3749 1337 3812 in
1357 3749 1489 3811 nomine
1531 3750 1664 3831 suscipe
1685 3751 1835 3833 spiritum
1862 3769 1980 3815 meum.
2024 3751 2116 3816 llaec
2137 3752 2252 3836 petitio
2276 3753 2389 3817 tribuit
2412 3751 2507 3818 Chri·

515 3837 648 3903 Domini
656 3834 721 3901 Dei
742 3836 848 3900 nostri
868 3834 1106 3924 invocabimus.
1138 3831 1223 3896 lllira
1238 3832 1339 3934 igitur
1355 3842 1490 3896 etnova
1531 3844 1602 3910 sto,
1631 3834 1722 3917 quod
1747 3835 1955 3898 morientium
1983 3837 2110 3900 animas
2140 3837 2304 3903 custodiat
2333 3850 2366 3902 et
2388 3859 2506 3904 rursus

514 3921 572 3988 lux
592 3920 652 3985 fuit
672 3919 843 3984 inThomo
863 3921 1025 3984 tribuente
1041 3913 1175 3982 Christo
1196 3936 1267 3980 verr
1284 3915 1349 3980 Dei
1369 3936 1490 3981 nomen
1532 3918 1711 4000 coniungat
1732 3919 1857 3982 mrimas
1879 3930 1912 3982 et
1933 3939 2085 4005 corpora.
2120 3922 2149 3984 1.
2162 3920 2325 3988 Τὴοει.3.
2344 3929 2410 4002 [νε.
2424 3923 2507 4003 ll.]:

515 4019 548 4072 et
568 4015 773 4094 agnoscente
794 4005 827 4068 in
849 4023 890 4068 eo
912 4023 979 4066 non
1000 4012 1127 4068 tantum
1146 3998 1322 4064 humanam
1339 4013 1490 4065 uacuam
1531 4001 1607 4086 lpse
1628 4000 1723 4066 Deus
1746 4013 1780 4067 et
1800 4001 1900 4068 Pater
1921 4017 2054 4084 noster,
2083 4018 2116 4071 et
2136 4006 2298 4073 Dominus
2320 4021 2435 4074 noster
2455 4008 2507 4072 le·

515 4112 603 4169 esse,
626 4091 685 4156 sed
708 4092 805 4154 etiam
827 4089 980 4154 divinam.
1024 4085 1119 4151 Rom.
1130 4085 1162 4149 9.
1186 4093 1249 4165 [νε.
1261 4084 1325 4164 5.[;
1347 4085 1399 4150 Ex
1421 4086 1490 4171 qni·
1531 4105 1590 4151 sus
1620 4085 1774 4151 Christum
1803 4089 1922 4176 dirigat
1949 4091 2035 4154 viam
2068 4104 2226 4156 nostram.
2277 4093 2309 4157 2.
2332 4091 2448 4156 'thess
2469 4093 2504 4157 2.

514 4182 577 4244 bns
600 4188 652 4243 est
673 4174 825 4241 Christus
848 4173 1029 4238 secundum
1051 4191 1201 4249 carnem,
1230 4172 1286 4255 qui
1314 4181 1490 4254 estsuper
1532 4170 1696 4251 [νι.16.[ο
1723 4172 1799 4258 lpse
1825 4174 1986 4240 Dominus
2012 4188 2128 4241 noster
2155 4177 2249 4242 lesus
2272 4175 2442 4256 ὓὴιὶεωε,
2472 4188 2508 4243 et

514 4263 624 4328 omnia
643 4260 738 4327 Deus
759 4260 951 4325 benedictus
976 4262 1011 4324 in
1038 4255 1161 4322 serrula.
1204 4254 1247 4319 Et
1274 4275 1317 4320 ne
1338 4257 1413 4341 quis
1434 4277 1488 4320 oa·
1529 4256 1622 4322 Deus
1644 4269 1678 4322 et
1697 4256 1797 4322 Pater
1818 4270 1932 4324 noster
1953 4260 2124 4327 confirmet
2144 4284 2217 4328 vos.

513 4346 645 4416 villetur
670 4366 791 4413 nomen
811 4344 877 4410 Dei
902 4343 958 4409 hle
986 4342 1208 4428 metaphorice
1232 4344 1404 4426 usurpari,
1418 4342 1489 4414 ,ad-

514 4436 633 4500 dantur
652 4433 857 4510 testimonia,
879 4450 964 4515 quae
986 4432 1131 4495 tribuunt
1153 4424 1288 4492 Christo
1316 4447 1374 4505 ee,
1400 4445 1488 4511 quae
1755 4444 1811 4511 Ex
1836 4448 1973 4512 ,emp
2000 4446 2270 4514 Testamenta

514 4530 591 4584 sunt
610 4520 745 4603 propria
764 4529 903 4582 naturae
914 4517 1056 4593 divinae,
1078 4510 1218 4590 scilicet,
1239 4531 1365 4590 creare,
1386 4514 1488 4578 vitam

514 4604 654 4669 reddere
674 4604 824 4680 mortuis,
847 4600 1068 4678 sanctificare,
1090 4599 1262 4675 exaudire,
1285 4599 1365 4661 dure
1386 4599 1487 4662 vitam
1614 4597 1727 4662 lerem.
1744 4596 1796 4663 33.
1825 4602 1889 4676 [νε.
1916 4599 1998 4677 llil:
2025 4599 2069 4665 Et
2096 4601 2160 4666 hoc
2182 4613 2235 4666 est
2259 4623 2392 4681 nomen,
2413 4603 2508 4686 quod

512 4700 682 4755 aeternam
713 4699 747 4752 et
778 4685 906 4752 similia.
950 4686 1040 4751 loan.
1059 4685 1091 4749 5.
1119 4691 1183 4761 [νε.
1202 4683 1253 4745 17.
1269 4681 1353 4762 214:
1385 4681 1487 4748 Pater
1529 4684 1696 4747 vocabunt
1713 4704 1787 4748 eum
1807 4682 1970 4748 Dominus
1992 4685 2186 4751 iustificator
2207 4700 2332 4766 noster.
2366 4687 2430 4752 llic
2448 4690 2508 4752 tri·

512 4793 606 4838 meus
625 4773 854 4857 usquemodo
879 4783 1052 4854 operatur,
1075 4781 1108 4834 et
1130 4788 1196 4855 ego
1218 4787 1349 4852 operor·
1393 4767 1488 4839 Quae
1529 4770 1598 4832 buit
1620 4766 1754 4833 Christo
1777 4788 1896 4833 nomen
1923 4768 1988 4835 Dei
2010 4773 2178 4857 proprium
2206 4786 2239 4838 et
2260 4769 2404 4838 affimrat
2426 4793 2508 4837 esse

512 4857 569 4925 illo
589 4856 679 4934 facit,
701 4868 735 4921 et
754 4855 855 4923 Filius
879 4855 1028 4921 similiter
1046 4853 1138 4919 facit.
1183 4852 1279 4917 ltem:
1309 4852 1403 4917 Sicut
1423 4850 1487 4916 Pa·
1527 4853 1793 4931 iustificetorem‚
1827 4872 1907 4938 ergo
1940 4858 2054 4922 tribuit
2081 4859 2111 4922 ei
2139 4855 2295 4943 gloriam,
2327 4877 2413 4942 qnae
2439 4857 2508 4923 soli

513 4956 565 5010 ter
590 4944 754 5008 exuscitat
781 4955 932 5008 mortuos
967 4953 1000 5006 et
1027 4939 1191 5018 vivificat,
1224 4938 1275 5002 sic
1307 4949 1341 5001 et
1372 4933 1486 5015 Filius,
1527 4937 1602 5002 Deo
1625 4939 1789 5022 competit.
1824 4937 1915 5019 ltem,
1936 4939 2127 5020 iustificare,
2148 4939 2267 5009 tollere
2282 4953 2456 5026 peccatum
2473 4957 2508 5007 et

387 5031 391 5042 '
513 5049 598 5114 quos
620 5025 707 5106 vult,
734 5027 890 5092 vivificat.
940 5026 977 5091 ln
1003 5023 1069 5090 hac
1097 5025 1258 5090 concione
1280 5020 1374 5087 clare
1396 5018 1487 5085 affir-
1528 5023 1609 5088 iram
1636 5021 1699 5087 Dei
1728 5035 1761 5086 et
1787 5023 1926 5090 reddere
1954 5027 2110 5092 iustitiam
2137 5039 2169 5092 et
2195 5029 2297 5093 vitam
2324 5038 2506 5107 aeternam,

513 5124 581 5179 mat
596 5111 749 5179 Christus
775 5131 813 5175 se
836 5133 902 5177 una
930 5131 1006 5176 cum
1026 5109 1129 5175 Patre
1150 5128 1276 5185 cmare,
1298 5118 1488 5172 sustentare
1527 5127 1626 5172 nemo
1647 5117 1760 5190 potest
1780 5109 1844 5174 nisi
1864 5107 1970 5178 Deus.
2013 5111 2087 5176 Etsi
2109 5124 2217 5179 autem
2236 5114 2345 5180 ludaei
2366 5112 2432 5176 hoc
2456 5125 2505 5177 te-

513 5211 711 5276 creaturam,
732 5217 869 5262 servare
889 5195 1092 5272 Ecclesiam,
1113 5194 1252 5258 reddere
1279 5194 1380 5257 vitam
1401 5212 1487 5256 mor·
1528 5193 1715 5257 stimonium
1735 5195 1934 5260 veteratorie
1953 5195 2099 5275 eludunt,
2121 5209 2230 5262 tamen
2252 5196 2360 5264 facilis
2377 5209 2430 5262 est
2448 5218 2505 5262 eo·

511 5287 595 5364 tuis,
623 5304 708 5370 quae
735 5283 807 5347 sine
829 5280 897 5347 ulla
919 5283 1120 5346 dubitatione
1148 5290 1226 5343 sunt
1255 5278 1486 5362 omnipotentis
1829 5303 1831 5310 ·

512 5382 649 5437 naturae
662 5369 814 5519 propria.
857 5367 948 5432 loan.
963 5366 1013 5430 10.
1032 5371 1095 5442 [νε.
1107 5363 1190 5445 1843
1212 5361 1285 5448 Ego
1309 5365 1410 5426 vitam
1431 5381 1486 5425 ae·

1535 5347 1736 5363 ἡ

513 5467 640 5521 ternam
685 5477 705 5518 o
728 5455 794 5532 eis,
825 5461 859 5518 et'
884 5471 981 5517 nemo
1010 5452 1115 5534 rapiet
1135 5469 1193 5511 eas
1220 5467 1263 5512 ex
1283 5467 1382 5512 manu
1402 5465 1485 5510 mea.
1504 5471 1509 5544 γ
1528 5449 1574 5514 55)
1592 5450 1688 5514 lesum]
1700 5450 1773 5530 Etlht
1790 5453 1832 5506 ts
1850 5451 1900 5516 2⁷..
1918 5451 1989 5515 corp.
2009 5452 2081 5504 t-s.
2099 5452 2154 5514 tpso

513 5541 602 5606 toan.
619 5539 848 5620 lt[vs.13.]:
871 5536 1033 5623 Quicquid
1042 5533 1388 5621 petieritistunommc
1397 5549 1485 5609 meo,
1528 5552 1574 5613 se)
1594 5553 1670 5605 emm
1688 5553 1933 5617 munsterum
1954 5555 1975 5607 t.
1993 5554 2017 5605 s.
2036 5554 2061 5603 ο.
2081 5554 2104 5604 ν.
2125 5554 2179 5606 ra:
2196 5557 2255 5607 ceu
2275 5555 2362 5609 nuc:
2381 5558 2460 5611 eum
2475 5561 2504 5610 ur
