<?xml version="1.0" encoding="UTF-8"?>
<!DOCTYPE html PUBLIC "-//W3C//DTD XHTML 1.0 Transitional//EN"
    "http://www.w3.org/TR/xhtml1/DTD/xhtml1-transitional.dtd">
<html xmlns="http://www.w3.org/1999/xhtml" xml:lang="en" lang="en">
 <head>
  <title>
</title>
<meta http-equiv="Content-Type" content="text/html;charset=utf-8" />
  <meta name='ocr-system' content='tesseract 3.04.00' />
  <meta name='ocr-capabilities' content='ocr_page ocr_carea ocr_par ocr_line ocrx_word'/>
</head>
<body>
  <div class='ocr_page' id='page_1' title='image "./philippimelanth08melagoog_0448.png"; bbox 0 0 5859 6734; ppageno 0'>
   <div class='ocr_carea' id='block_1_1' title="bbox 467 673 2465 760">
    <p class='ocr_par' dir='ltr' id='par_1_1' title="bbox 467 673 2465 760">
     <span class='ocr_line' id='line_1_1' title="bbox 467 673 2465 760; baseline 0.003 -20"><span class='ocrx_word' id='word_1_1' title='bbox 467 691 531 760; x_wconf 62' lang='lat'><strong>,57</strong></span> <span class='ocrx_word' id='word_1_2' title='bbox 1089 677 1204 744; x_wconf 72' lang='lat' dir='ltr'><strong>rure.</strong></span> <span class='ocrx_word' id='word_1_3' title='bbox 1225 675 1330 742; x_wconf 78' lang='lat' dir='ltr'><strong>otuu.</strong></span> <span class='ocrx_word' id='word_1_4' title='bbox 1352 674 1539 748; x_wconf 79' lang='lat' dir='ltr'><strong>scurra</strong></span> <span class='ocrx_word' id='word_1_5' title='bbox 1560 673 1839 744; x_wconf 74' lang='lat' dir='ltr'><strong>mmmmm</strong></span> <span class='ocrx_word' id='word_1_6' title='bbox 1919 715 1924 752; x_wconf 84' lang='grc'><strong>-,</strong></span> <span class='ocrx_word' id='word_1_7' title='bbox 2401 679 2465 746; x_wconf 85' lang='lat' dir='ltr'><strong>ees</strong></span> 
     </span>
    </p>
   </div>
   <div class='ocr_carea' id='block_1_2' title="bbox 463 859 2495 5585">
    <p class='ocr_par' dir='ltr' id='par_1_2' title="bbox 463 859 2495 5585">
     <span class='ocr_line' id='line_1_2' title="bbox 466 859 2463 950; baseline -0.005 -8"><span class='ocrx_word' id='word_1_8' title='bbox 466 887 560 942; x_wconf 87' lang='lat' dir='ltr'><strong>terno</strong></span> <span class='ocrx_word' id='word_1_9' title='bbox 582 871 724 937; x_wconf 91' lang='lat' dir='ltr'><strong>Domino</strong></span> <span class='ocrx_word' id='word_1_10' title='bbox 744 879 859 932; x_wconf 81' lang='lat' dir='ltr'><strong>nosco</strong></span> <span class='ocrx_word' id='word_1_11' title='bbox 881 865 957 930; x_wconf 91' lang='lat' dir='ltr'><strong>lesu</strong></span> <span class='ocrx_word' id='word_1_12' title='bbox 974 863 1110 930; x_wconf 85' lang='lat' dir='ltr'><strong>Christo.</strong></span> <span class='ocrx_word' id='word_1_13' title='bbox 1128 875 1163 928; x_wconf 89' lang='lat' dir='ltr'><strong>et</strong></span> <span class='ocrx_word' id='word_1_14' title='bbox 1172 865 1297 945; x_wconf 86' lang='lat' dir='ltr'><strong>Spiritu</strong></span> <span class='ocrx_word' id='word_1_15' title='bbox 1319 873 1438 926; x_wconf 89' lang='lat' dir='ltr'><strong>sancto</strong></span> <span class='ocrx_word' id='word_1_16' title='bbox 1479 862 1612 926; x_wconf 91' lang='lat' dir='ltr'><strong>mendat</strong></span> <span class='ocrx_word' id='word_1_17' title='bbox 1643 863 1740 926; x_wconf 90' lang='lat' dir='ltr'><strong>nobis</strong></span> <span class='ocrx_word' id='word_1_18' title='bbox 1773 860 1926 927; x_wconf 88' lang='lat' dir='ltr'><strong>Christus</strong></span> <span class='ocrx_word' id='word_1_19' title='bbox 1957 859 2123 944; x_wconf 76' lang='lat' dir='ltr'><strong>publicam</strong></span> <span class='ocrx_word' id='word_1_20' title='bbox 2154 867 2463 950; x_wconf 68' lang='lat' dir='ltr'><strong>congregationem,</strong></span> 
     </span>
     <span class='ocr_line' id='line_1_3' title="bbox 467 944 2462 1043; baseline -0.005 -22"><span class='ocrx_word' id='word_1_21' title='bbox 467 973 536 1038; x_wconf 85' lang='lat' dir='ltr'><strong>tuo,</strong></span> <span class='ocrx_word' id='word_1_22' title='bbox 556 958 645 1043; x_wconf 87' lang='lat' dir='ltr'><strong>quod</strong></span> <span class='ocrx_word' id='word_1_23' title='bbox 668 967 700 1019; x_wconf 91' lang='lat' dir='ltr'><strong>te</strong></span> <span class='ocrx_word' id='word_1_24' title='bbox 720 955 881 1018; x_wconf 89' lang='lat' dir='ltr'><strong>immensa</strong></span> <span class='ocrx_word' id='word_1_25' title='bbox 904 953 1049 1015; x_wconf 86' lang='lat' dir='ltr'><strong>bonitate</strong></span> <span class='ocrx_word' id='word_1_26' title='bbox 1070 945 1439 1034; x_wconf 79' lang='lat' dir='ltr'><strong>patefecistilleclesiae</strong></span> <span class='ocrx_word' id='word_1_27' title='bbox 1481 944 1551 1011; x_wconf 88' lang='lat' dir='ltr'><strong>rnlt</strong></span> <span class='ocrx_word' id='word_1_28' title='bbox 1573 965 1636 1012; x_wconf 92' lang='lat' dir='ltr'><strong>nos</strong></span> <span class='ocrx_word' id='word_1_29' title='bbox 1657 965 1769 1012; x_wconf 89' lang='lat' dir='ltr'><strong>amare</strong></span> <span class='ocrx_word' id='word_1_30' title='bbox 1790 957 1917 1022; x_wconf 90' lang='lat' dir='ltr'><strong>coetus,</strong></span> <span class='ocrx_word' id='word_1_31' title='bbox 1946 946 2131 1014; x_wconf 79' lang='lat' dir='ltr'><strong>Ecclesiam</strong></span> <span class='ocrx_word' id='word_1_32' title='bbox 2158 969 2236 1014; x_wconf 87' lang='lat' dir='ltr'><strong>esse</strong></span> <span class='ocrx_word' id='word_1_33' title='bbox 2258 949 2462 1027; x_wconf 59' lang='grc' dir='ltr'><strong>κοινωνικὰ,</strong></span> 
     </span>
     <span class='ocr_line' id='line_1_4' title="bbox 467 1029 2125 1121; baseline -0.01 -11"><span class='ocrx_word' id='word_1_34' title='bbox 467 1057 554 1121; x_wconf 77' lang='lat' dir='ltr'><strong>brae,</strong></span> <span class='ocrx_word' id='word_1_35' title='bbox 571 1038 740 1116; x_wconf 77' lang='lat' dir='ltr'><strong>etlilium,</strong></span> <span class='ocrx_word' id='word_1_36' title='bbox 763 1050 863 1114; x_wconf 86' lang='lat' dir='ltr'><strong>tuutn,</strong></span> <span class='ocrx_word' id='word_1_37' title='bbox 881 1033 1335 1100; x_wconf 79' lang='lat' dir='ltr'><strong>Douninumuostrumlesum</strong></span> <span class='ocrx_word' id='word_1_38' title='bbox 1346 1029 1440 1098; x_wconf 79' lang='lat' dir='ltr'><strong>Chri·</strong></span> <span class='ocrx_word' id='word_1_39' title='bbox 1482 1031 1551 1094; x_wconf 92' lang='lat' dir='ltr'><strong>odit</strong></span> <span class='ocrx_word' id='word_1_40' title='bbox 1572 1032 1805 1098; x_wconf 71' lang='lat' dir='ltr'><strong>distractiones</strong></span> <span class='ocrx_word' id='word_1_41' title='bbox 1827 1043 1859 1094; x_wconf 93' lang='lat' dir='ltr'><strong>et</strong></span> <span class='ocrx_word' id='word_1_42' title='bbox 1880 1033 2125 1113; x_wconf 89' lang='lat' dir='ltr'><strong>dissipationes.</strong></span> 
     </span>
     <span class='ocr_line' id='line_1_5' title="bbox 469 1114 2461 1205; baseline -0.004 -13"><span class='ocrx_word' id='word_1_43' title='bbox 469 1139 567 1204; x_wconf 88' lang='lat' dir='ltr'><strong>stum,</strong></span> <span class='ocrx_word' id='word_1_44' title='bbox 587 1126 715 1198; x_wconf 85' lang='lat' dir='ltr'><strong>misisti,</strong></span> <span class='ocrx_word' id='word_1_45' title='bbox 736 1134 773 1187; x_wconf 91' lang='lat' dir='ltr'><strong>ut</strong></span> <span class='ocrx_word' id='word_1_46' title='bbox 789 1141 849 1205; x_wconf 92' lang='lat' dir='ltr'><strong>pro</strong></span> <span class='ocrx_word' id='word_1_47' title='bbox 872 1123 970 1185; x_wconf 89' lang='lat' dir='ltr'><strong>uobis</strong></span> <span class='ocrx_word' id='word_1_48' title='bbox 994 1121 1125 1184; x_wconf 86' lang='lat' dir='ltr'><strong>victima</strong></span> <span class='ocrx_word' id='word_1_49' title='bbox 1134 1117 1240 1198; x_wconf 84' lang='lat' dir='ltr'><strong>lieret,</strong></span> <span class='ocrx_word' id='word_1_50' title='bbox 1250 1128 1284 1182; x_wconf 90' lang='lat' dir='ltr'><strong>et</strong></span> <span class='ocrx_word' id='word_1_51' title='bbox 1292 1137 1354 1200; x_wconf 92' lang='lat' dir='ltr'><strong>per</strong></span> <span class='ocrx_word' id='word_1_52' title='bbox 1366 1137 1439 1180; x_wconf 92' lang='lat' dir='ltr'><strong>eum</strong></span> <span class='ocrx_word' id='word_1_53' title='bbox 1567 1115 1711 1188; x_wconf 78' lang='lat' dir='ltr'><strong>Quartus</strong></span> <span class='ocrx_word' id='word_1_54' title='bbox 1744 1114 1819 1179; x_wconf 88' lang='lat' dir='ltr'><strong>finis</strong></span> <span class='ocrx_word' id='word_1_55' title='bbox 1853 1127 1905 1179; x_wconf 89' lang='lat' dir='ltr'><strong>est</strong></span> <span class='ocrx_word' id='word_1_56' title='bbox 1938 1115 2115 1181; x_wconf 80' lang='lat' dir='ltr'><strong>Confessio</strong></span> <span class='ocrx_word' id='word_1_57' title='bbox 2148 1117 2333 1182; x_wconf 88' lang='lat' dir='ltr'><strong>doctrinae.</strong></span> <span class='ocrx_word' id='word_1_58' title='bbox 2380 1116 2461 1184; x_wconf 79' lang='lat' dir='ltr'><strong>Cum</strong></span> 
     </span>
     <span class='ocr_line' id='line_1_6' title="bbox 468 1197 2461 1288; baseline -0.006 -11"><span class='ocrx_word' id='word_1_59' title='bbox 468 1214 564 1277; x_wconf 91' lang='lat' dir='ltr'><strong>uobis</strong></span> <span class='ocrx_word' id='word_1_60' title='bbox 586 1210 765 1273; x_wconf 82' lang='lat' dir='ltr'><strong>donaretur</strong></span> <span class='ocrx_word' id='word_1_61' title='bbox 787 1207 936 1271; x_wconf 81' lang='lat' dir='ltr'><strong>remissio</strong></span> <span class='ocrx_word' id='word_1_62' title='bbox 957 1219 1168 1288; x_wconf 85' lang='lat' dir='ltr'><strong>peccatorum</strong></span> <span class='ocrx_word' id='word_1_63' title='bbox 1185 1215 1219 1267; x_wconf 90' lang='lat' dir='ltr'><strong>et</strong></span> <span class='ocrx_word' id='word_1_64' title='bbox 1240 1205 1310 1267; x_wconf 89' lang='lat' dir='ltr'><strong>vita</strong></span> <span class='ocrx_word' id='word_1_65' title='bbox 1331 1212 1439 1266; x_wconf 85' lang='lat' dir='ltr'><strong>aeter·</strong></span> <span class='ocrx_word' id='word_1_66' title='bbox 1482 1202 1584 1266; x_wconf 90' lang='lat' dir='ltr'><strong>sumis</strong></span> <span class='ocrx_word' id='word_1_67' title='bbox 1607 1199 1867 1277; x_wconf 80' lang='lat' dir='ltr'><strong>Sacramentum,</strong></span> <span class='ocrx_word' id='word_1_68' title='bbox 1891 1203 2039 1265; x_wconf 87' lang='lat' dir='ltr'><strong>ostendis</strong></span> <span class='ocrx_word' id='word_1_69' title='bbox 2063 1213 2094 1265; x_wconf 90' lang='lat' dir='ltr'><strong>te</strong></span> <span class='ocrx_word' id='word_1_70' title='bbox 2117 1202 2186 1266; x_wconf 91' lang='lat' dir='ltr'><strong>eius</strong></span> <span class='ocrx_word' id='word_1_71' title='bbox 2208 1197 2389 1266; x_wconf 76' lang='lat' dir='ltr'><strong>Ecdesiae</strong></span> <span class='ocrx_word' id='word_1_72' title='bbox 2405 1205 2461 1266; x_wconf 93' lang='lat' dir='ltr'><strong>do·</strong></span> 
     </span>
     <span class='ocr_line' id='line_1_7' title="bbox 467 1283 2458 1378; baseline -0.003 -18"><span class='ocrx_word' id='word_1_73' title='bbox 467 1316 528 1370; x_wconf 86' lang='lat' dir='ltr'><strong>na;</strong></span> <span class='ocrx_word' id='word_1_74' title='bbox 548 1295 592 1359; x_wconf 90' lang='lat' dir='ltr'><strong>Et</strong></span> <span class='ocrx_word' id='word_1_75' title='bbox 611 1293 700 1378; x_wconf 87' lang='lat' dir='ltr'><strong>quod</strong></span> <span class='ocrx_word' id='word_1_76' title='bbox 721 1291 804 1356; x_wconf 90' lang='lat' dir='ltr'><strong>haec</strong></span> <span class='ocrx_word' id='word_1_77' title='bbox 823 1301 879 1354; x_wconf 91' lang='lat' dir='ltr'><strong>tua</strong></span> <span class='ocrx_word' id='word_1_78' title='bbox 900 1291 1057 1354; x_wconf 88' lang='lat' dir='ltr'><strong>immensa</strong></span> <span class='ocrx_word' id='word_1_79' title='bbox 1079 1287 1240 1352; x_wconf 89' lang='lat' dir='ltr'><strong>beneficia</strong></span> <span class='ocrx_word' id='word_1_80' title='bbox 1259 1286 1439 1372; x_wconf 87' lang='lat' dir='ltr'><strong>perErau·</strong></span> <span class='ocrx_word' id='word_1_81' title='bbox 1482 1286 1620 1352; x_wconf 83' lang='lat' dir='ltr'><strong>cainam</strong></span> <span class='ocrx_word' id='word_1_82' title='bbox 1652 1286 1838 1369; x_wconf 86' lang='lat' dir='ltr'><strong>approbare</strong></span> <span class='ocrx_word' id='word_1_83' title='bbox 1872 1297 1904 1348; x_wconf 89' lang='lat' dir='ltr'><strong>et</strong></span> <span class='ocrx_word' id='word_1_84' title='bbox 1937 1283 2025 1348; x_wconf 89' lang='lat' dir='ltr'><strong>velle</strong></span> <span class='ocrx_word' id='word_1_85' title='bbox 2062 1288 2241 1350; x_wconf 81' lang='lat' dir='ltr'><strong>membrum</strong></span> <span class='ocrx_word' id='word_1_86' title='bbox 2276 1305 2359 1350; x_wconf 88' lang='lat' dir='ltr'><strong>esse</strong></span> <span class='ocrx_word' id='word_1_87' title='bbox 2392 1289 2458 1354; x_wconf 78' lang='lat' dir='ltr'><strong>eius</strong></span> 
     </span>
     <span class='ocr_line' id='line_1_8' title="bbox 468 1370 2146 1467; baseline -0.006 -25"><span class='ocrx_word' id='word_1_88' title='bbox 468 1377 588 1467; x_wconf 80' lang='lat' dir='ltr'><strong>gellam</strong></span> <span class='ocrx_word' id='word_1_89' title='bbox 620 1389 654 1441; x_wconf 92' lang='lat' dir='ltr'><strong>et</strong></span> <span class='ocrx_word' id='word_1_90' title='bbox 674 1379 891 1442; x_wconf 86' lang='lat' dir='ltr'><strong>Sacramenta</strong></span> <span class='ocrx_word' id='word_1_91' title='bbox 912 1387 968 1438; x_wconf 86' lang='lat' dir='ltr'><strong>tua</strong></span> <span class='ocrx_word' id='word_1_92' title='bbox 988 1376 1087 1438; x_wconf 90' lang='lat' dir='ltr'><strong>nobis</strong></span> <span class='ocrx_word' id='word_1_93' title='bbox 1108 1375 1254 1455; x_wconf 87' lang='lat' dir='ltr'><strong>impertis</strong></span> <span class='ocrx_word' id='word_1_94' title='bbox 1277 1383 1311 1435; x_wconf 92' lang='lat' dir='ltr'><strong>et</strong></span> <span class='ocrx_word' id='word_1_95' title='bbox 1331 1370 1439 1436; x_wconf 85' lang='lat' dir='ltr'><strong>Eran·</strong></span> <span class='ocrx_word' id='word_1_96' title='bbox 1483 1383 1610 1446; x_wconf 67' lang='lat' dir='ltr'><strong>coeam,</strong></span> <span class='ocrx_word' id='word_1_97' title='bbox 1633 1389 1792 1452; x_wconf 86' lang='lat' dir='ltr'><strong>cumque</strong></span> <span class='ocrx_word' id='word_1_98' title='bbox 1816 1370 1993 1434; x_wconf 89' lang='lat' dir='ltr'><strong>manducas</strong></span> <span class='ocrx_word' id='word_1_99' title='bbox 2015 1389 2146 1452; x_wconf 87' lang='lat' dir='ltr'><strong>agnum.</strong></span> 
     </span>
     <span class='ocr_line' id='line_1_9' title="bbox 467 1453 2456 1548; baseline -0.003 -21"><span class='ocrx_word' id='word_1_100' title='bbox 467 1463 544 1548; x_wconf 89' lang='lat' dir='ltr'><strong>gelli</strong></span> <span class='ocrx_word' id='word_1_101' title='bbox 571 1463 783 1526; x_wconf 88' lang='lat' dir='ltr'><strong>ministerium</strong></span> <span class='ocrx_word' id='word_1_102' title='bbox 813 1472 846 1522; x_wconf 91' lang='lat' dir='ltr'><strong>et</strong></span> <span class='ocrx_word' id='word_1_103' title='bbox 865 1458 1051 1522; x_wconf 76' lang='lat' dir='ltr'><strong>Ecclesiam</strong></span> <span class='ocrx_word' id='word_1_104' title='bbox 1083 1476 1219 1535; x_wconf 77' lang='lat' dir='ltr'><strong>servas,</strong></span> <span class='ocrx_word' id='word_1_105' title='bbox 1251 1477 1314 1521; x_wconf 88' lang='lat' dir='ltr'><strong>uec</strong></span> <span class='ocrx_word' id='word_1_106' title='bbox 1336 1453 1438 1520; x_wconf 89' lang='lat' dir='ltr'><strong>deleri</strong></span> <span class='ocrx_word' id='word_1_107' title='bbox 1565 1453 1706 1525; x_wconf 83' lang='lat' dir='ltr'><strong>Quintus</strong></span> <span class='ocrx_word' id='word_1_108' title='bbox 1729 1456 1803 1517; x_wconf 83' lang='lat' dir='ltr'><strong>finis</strong></span> <span class='ocrx_word' id='word_1_109' title='bbox 1826 1466 1893 1517; x_wconf 86' lang='lat' dir='ltr'><strong>est:</strong></span> <span class='ocrx_word' id='word_1_110' title='bbox 1915 1453 2018 1518; x_wconf 88' lang='lat' dir='ltr'><strong>Simul</strong></span> <span class='ocrx_word' id='word_1_111' title='bbox 2035 1455 2234 1519; x_wconf 85' lang='lat' dir='ltr'><strong>nranducare</strong></span> <span class='ocrx_word' id='word_1_112' title='bbox 2256 1465 2393 1520; x_wconf 73' lang='lat' dir='ltr'><strong>mutatae</strong></span> <span class='ocrx_word' id='word_1_113' title='bbox 2412 1459 2456 1522; x_wconf 90' lang='lat' dir='ltr'><strong>di·</strong></span> 
     </span>
     <span class='ocr_line' id='line_1_10' title="bbox 467 1536 2458 1629; baseline -0.003 -19"><span class='ocrx_word' id='word_1_114' title='bbox 467 1549 559 1611; x_wconf 87' lang='lat' dir='ltr'><strong>sinis.</strong></span> <span class='ocrx_word' id='word_1_115' title='bbox 604 1545 731 1610; x_wconf 92' lang='lat' dir='ltr'><strong>Utinam</strong></span> <span class='ocrx_word' id='word_1_116' title='bbox 755 1546 838 1629; x_wconf 89' lang='lat' dir='ltr'><strong>greti</strong></span> <span class='ocrx_word' id='word_1_117' title='bbox 861 1546 989 1608; x_wconf 83' lang='lat' dir='ltr'><strong>ardenti</strong></span> <span class='ocrx_word' id='word_1_118' title='bbox 1011 1555 1146 1626; x_wconf 90' lang='lat' dir='ltr'><strong>pectore</strong></span> <span class='ocrx_word' id='word_1_119' title='bbox 1167 1544 1333 1625; x_wconf 87' lang='lat' dir='ltr'><strong>possimus</strong></span> <span class='ocrx_word' id='word_1_120' title='bbox 1351 1539 1438 1604; x_wconf 89' lang='lat' dir='ltr'><strong>hunc</strong></span> <span class='ocrx_word' id='word_1_121' title='bbox 1482 1537 1634 1605; x_wconf 89' lang='lat' dir='ltr'><strong>lectionis</strong></span> <span class='ocrx_word' id='word_1_122' title='bbox 1657 1536 1821 1602; x_wconf 78' lang='lat' dir='ltr'><strong>vinculum</strong></span> <span class='ocrx_word' id='word_1_123' title='bbox 1845 1550 1905 1601; x_wconf 88' lang='lat' dir='ltr'><strong>est.</strong></span> <span class='ocrx_word' id='word_1_124' title='bbox 1935 1537 2028 1602; x_wconf 86' lang='lat' dir='ltr'><strong>Sicut</strong></span> <span class='ocrx_word' id='word_1_125' title='bbox 2050 1536 2127 1602; x_wconf 92' lang='lat' dir='ltr'><strong>olim</strong></span> <span class='ocrx_word' id='word_1_126' title='bbox 2138 1539 2458 1606; x_wconf 76' lang='lat' dir='ltr'><strong>usitatissimunfuit</strong></span> 
     </span>
     <span class='ocr_line' id='line_1_11' title="bbox 469 1621 2458 1711; baseline -0.003 -16"><span class='ocrx_word' id='word_1_127' title='bbox 469 1644 591 1696; x_wconf 79' lang='lat' dir='ltr'><strong>tautam</strong></span> <span class='ocrx_word' id='word_1_128' title='bbox 611 1632 789 1694; x_wconf 88' lang='lat' dir='ltr'><strong>bonitatem</strong></span> <span class='ocrx_word' id='word_1_129' title='bbox 812 1641 901 1693; x_wconf 88' lang='lat' dir='ltr'><strong>tuam</strong></span> <span class='ocrx_word' id='word_1_130' title='bbox 923 1643 957 1692; x_wconf 87' lang='lat' dir='ltr'><strong>et</strong></span> <span class='ocrx_word' id='word_1_131' title='bbox 977 1629 1124 1711; x_wconf 88' lang='lat' dir='ltr'><strong>ingentia</strong></span> <span class='ocrx_word' id='word_1_132' title='bbox 1147 1626 1309 1693; x_wconf 85' lang='lat' dir='ltr'><strong>beneficia</strong></span> <span class='ocrx_word' id='word_1_133' title='bbox 1328 1626 1437 1692; x_wconf 90' lang='lat' dir='ltr'><strong>consi-</strong></span> <span class='ocrx_word' id='word_1_134' title='bbox 1481 1625 1513 1690; x_wconf 90' lang='lat' dir='ltr'><strong>in</strong></span> <span class='ocrx_word' id='word_1_135' title='bbox 1547 1621 1707 1688; x_wconf 86' lang='lat' dir='ltr'><strong>faciendis</strong></span> <span class='ocrx_word' id='word_1_136' title='bbox 1740 1621 1929 1688; x_wconf 73' lang='lat' dir='ltr'><strong>foederibus</strong></span> <span class='ocrx_word' id='word_1_137' title='bbox 1959 1624 2050 1688; x_wconf 80' lang='lat' dir='ltr'><strong>vesci</strong></span> <span class='ocrx_word' id='word_1_138' title='bbox 2080 1625 2195 1690; x_wconf 88' lang='lat' dir='ltr'><strong>iisdem</strong></span> <span class='ocrx_word' id='word_1_139' title='bbox 2217 1626 2321 1690; x_wconf 77' lang='lat' dir='ltr'><strong>rebus</strong></span> <span class='ocrx_word' id='word_1_140' title='bbox 2347 1645 2458 1690; x_wconf 79' lang='lat' dir='ltr'><strong>conse</strong></span> 
     </span>
     <span class='ocr_line' id='line_1_12' title="bbox 467 1707 2459 1789; baseline -0.003 -9"><span class='ocrx_word' id='word_1_141' title='bbox 467 1719 584 1780; x_wconf 87' lang='lat' dir='ltr'><strong>derare</strong></span> <span class='ocrx_word' id='word_1_142' title='bbox 604 1725 637 1778; x_wconf 87' lang='lat' dir='ltr'><strong>et</strong></span> <span class='ocrx_word' id='word_1_143' title='bbox 658 1712 839 1777; x_wconf 86' lang='lat' dir='ltr'><strong>celebrare.</strong></span> <span class='ocrx_word' id='word_1_144' title='bbox 883 1713 952 1776; x_wconf 90' lang='lat' dir='ltr'><strong>Sed</strong></span> <span class='ocrx_word' id='word_1_145' title='bbox 974 1725 1008 1775; x_wconf 90' lang='lat' dir='ltr'><strong>te</strong></span> <span class='ocrx_word' id='word_1_146' title='bbox 1028 1732 1106 1789; x_wconf 84' lang='lat' dir='ltr'><strong>oro,</strong></span> <span class='ocrx_word' id='word_1_147' title='bbox 1126 1725 1165 1775; x_wconf 91' lang='lat' dir='ltr'><strong>ut</strong></span> <span class='ocrx_word' id='word_1_148' title='bbox 1186 1713 1352 1778; x_wconf 83' lang='lat' dir='ltr'><strong>accetrdea</strong></span> <span class='ocrx_word' id='word_1_149' title='bbox 1374 1729 1437 1774; x_wconf 82' lang='lat' dir='ltr'><strong>eos</strong></span> <span class='ocrx_word' id='word_1_150' title='bbox 1481 1709 1592 1773; x_wconf 84' lang='lat' dir='ltr'><strong>cratis.</strong></span> <span class='ocrx_word' id='word_1_151' title='bbox 1659 1707 1701 1770; x_wconf 87' lang='lat' dir='ltr'><strong>Et</strong></span> <span class='ocrx_word' id='word_1_152' title='bbox 1732 1707 1856 1772; x_wconf 85' lang='lat' dir='ltr'><strong>Paulus</strong></span> <span class='ocrx_word' id='word_1_153' title='bbox 1889 1709 2044 1774; x_wconf 83' lang='lat' dir='ltr'><strong>adraonet</strong></span> <span class='ocrx_word' id='word_1_154' title='bbox 2076 1708 2162 1774; x_wconf 88' lang='lat' dir='ltr'><strong>hanc</strong></span> <span class='ocrx_word' id='word_1_155' title='bbox 2196 1713 2459 1774; x_wconf 84' lang='lat' dir='ltr'><strong>communionem</strong></span> 
     </span>
     <span class='ocr_line' id='line_1_13' title="bbox 466 1791 2459 1880; baseline -0.002 -18"><span class='ocrx_word' id='word_1_156' title='bbox 466 1801 590 1880; x_wconf 80' lang='lat' dir='ltr'><strong>Spiritu</strong></span> <span class='ocrx_word' id='word_1_157' title='bbox 621 1810 739 1861; x_wconf 87' lang='lat' dir='ltr'><strong>sancto</strong></span> <span class='ocrx_word' id='word_1_158' title='bbox 773 1809 841 1874; x_wconf 91' lang='lat' dir='ltr'><strong>tuo,</strong></span> <span class='ocrx_word' id='word_1_159' title='bbox 862 1808 898 1860; x_wconf 94' lang='lat' dir='ltr'><strong>ut</strong></span> <span class='ocrx_word' id='word_1_160' title='bbox 919 1815 998 1860; x_wconf 86' lang='lat' dir='ltr'><strong>rere</strong></span> <span class='ocrx_word' id='word_1_161' title='bbox 1019 1798 1086 1861; x_wconf 88' lang='lat' dir='ltr'><strong>siut</strong></span> <span class='ocrx_word' id='word_1_162' title='bbox 1107 1811 1222 1880; x_wconf 80' lang='lat' dir='ltr'><strong>gratae</strong></span> <span class='ocrx_word' id='word_1_163' title='bbox 1243 1809 1382 1872; x_wconf 82' lang='lat' dir='ltr'><strong>meotes,</strong></span> <span class='ocrx_word' id='word_1_164' title='bbox 1404 1806 1439 1862; x_wconf 86' lang='lat' dir='ltr'><strong>et</strong></span> <span class='ocrx_word' id='word_1_165' title='bbox 1481 1791 1646 1858; x_wconf 83' lang='lat' dir='ltr'><strong>rinculuar</strong></span> <span class='ocrx_word' id='word_1_166' title='bbox 1680 1812 1757 1857; x_wconf 90' lang='lat' dir='ltr'><strong>esse</strong></span> <span class='ocrx_word' id='word_1_167' title='bbox 1783 1805 1915 1858; x_wconf 83' lang='lat' dir='ltr'><strong>mutuae</strong></span> <span class='ocrx_word' id='word_1_168' title='bbox 1933 1791 2134 1858; x_wconf 77' lang='lat' dir='ltr'><strong>dilectionis:</strong></span> <span class='ocrx_word' id='word_1_169' title='bbox 2178 1796 2267 1858; x_wconf 89' lang='lat' dir='ltr'><strong>sieut</strong></span> <span class='ocrx_word' id='word_1_170' title='bbox 2290 1796 2392 1877; x_wconf 86' lang='lat' dir='ltr'><strong>panis</strong></span> <span class='ocrx_word' id='word_1_171' title='bbox 2414 1807 2459 1858; x_wconf 90' lang='lat' dir='ltr'><strong>est</strong></span> 
     </span>
     <span class='ocr_line' id='line_1_14' title="bbox 467 1877 2457 1965; baseline 0.001 -23"><span class='ocrx_word' id='word_1_172' title='bbox 467 1881 575 1947; x_wconf 84' lang='lat' dir='ltr'><strong>luceat</strong></span> <span class='ocrx_word' id='word_1_173' title='bbox 595 1882 629 1946; x_wconf 89' lang='lat' dir='ltr'><strong>in</strong></span> <span class='ocrx_word' id='word_1_174' title='bbox 645 1883 793 1946; x_wconf 88' lang='lat' dir='ltr'><strong>moribus</strong></span> <span class='ocrx_word' id='word_1_175' title='bbox 814 1882 939 1946; x_wconf 86' lang='lat' dir='ltr'><strong>uostris</strong></span> <span class='ocrx_word' id='word_1_176' title='bbox 957 1883 1123 1965; x_wconf 86' lang='lat' dir='ltr'><strong>gratitudo</strong></span> <span class='ocrx_word' id='word_1_177' title='bbox 1147 1891 1210 1945; x_wconf 83' lang='lat' dir='ltr'><strong>etc.</strong></span> <span class='ocrx_word' id='word_1_178' title='bbox 1480 1899 1579 1955; x_wconf 88' lang='lat' dir='ltr'><strong>unus,</strong></span> <span class='ocrx_word' id='word_1_179' title='bbox 1601 1879 1645 1942; x_wconf 89' lang='lat' dir='ltr'><strong>ite</strong></span> <span class='ocrx_word' id='word_1_180' title='bbox 1666 1877 1758 1942; x_wconf 91' lang='lat' dir='ltr'><strong>multi</strong></span> <span class='ocrx_word' id='word_1_181' title='bbox 1781 1898 1895 1943; x_wconf 89' lang='lat' dir='ltr'><strong>sumus</strong></span> <span class='ocrx_word' id='word_1_182' title='bbox 1918 1899 2014 1941; x_wconf 83' lang='lat' dir='ltr'><strong>unum</strong></span> <span class='ocrx_word' id='word_1_183' title='bbox 2038 1898 2171 1959; x_wconf 82' lang='lat' dir='ltr'><strong>eorpus.</strong></span> <span class='ocrx_word' id='word_1_184' title='bbox 2205 1879 2301 1941; x_wconf 84' lang='lat' dir='ltr'><strong>llaec</strong></span> <span class='ocrx_word' id='word_1_185' title='bbox 2324 1880 2369 1943; x_wconf 86' lang='lat' dir='ltr'><strong>de</strong></span> <span class='ocrx_word' id='word_1_186' title='bbox 2392 1879 2457 1943; x_wconf 85' lang='lat' dir='ltr'><strong>fini·</strong></span> 
     </span>
     <span class='ocr_line' id='line_1_15' title="bbox 583 1959 2457 2048; baseline 0.004 -28"><span class='ocrx_word' id='word_1_187' title='bbox 583 2015 586 2020; x_wconf 92' lang='lat'>.</span> <span class='ocrx_word' id='word_1_188' title='bbox 703 1979 707 1986; x_wconf 94' lang='lat'>·</span> <span class='ocrx_word' id='word_1_189' title='bbox 1481 1964 1543 2027; x_wconf 92' lang='lat' dir='ltr'><strong>bus</strong></span> <span class='ocrx_word' id='word_1_190' title='bbox 1565 1965 1611 2026; x_wconf 89' lang='lat' dir='ltr'><strong>ita</strong></span> <span class='ocrx_word' id='word_1_191' title='bbox 1633 1961 1869 2048; x_wconf 87' lang='lat' dir='ltr'><strong>intelligantur,</strong></span> <span class='ocrx_word' id='word_1_192' title='bbox 1903 1983 1944 2026; x_wconf 92' lang='lat' dir='ltr'><strong>ne</strong></span> <span class='ocrx_word' id='word_1_193' title='bbox 1967 1959 2154 2047; x_wconf 81' lang='lat' dir='ltr'><strong>principalis</strong></span> <span class='ocrx_word' id='word_1_194' title='bbox 2179 1964 2254 2026; x_wconf 84' lang='lat' dir='ltr'><strong>linis</strong></span> <span class='ocrx_word' id='word_1_195' title='bbox 2278 1965 2457 2041; x_wconf 81' lang='lat' dir='ltr'><strong>omittetur,</strong></span> 
     </span>
     <span class='ocr_line' id='line_1_16' title="bbox 552 2044 2457 2133; baseline -0.004 -15"><span class='ocrx_word' id='word_1_196' title='bbox 552 2053 624 2118; x_wconf 88' lang='lat' dir='ltr'><strong>&#39;fibi</strong></span> <span class='ocrx_word' id='word_1_197' title='bbox 645 2053 755 2129; x_wconf 89' lang='lat' dir='ltr'><strong>etiam,</strong></span> <span class='ocrx_word' id='word_1_198' title='bbox 777 2049 851 2114; x_wconf 89' lang='lat' dir='ltr'><strong>lesu</strong></span> <span class='ocrx_word' id='word_1_199' title='bbox 874 2047 1005 2113; x_wconf 85' lang='lat' dir='ltr'><strong>Christe</strong></span> <span class='ocrx_word' id='word_1_200' title='bbox 1028 2047 1087 2111; x_wconf 89' lang='lat' dir='ltr'><strong>Fili</strong></span> <span class='ocrx_word' id='word_1_201' title='bbox 1104 2048 1179 2125; x_wconf 90' lang='lat' dir='ltr'><strong>Dei,</strong></span> <span class='ocrx_word' id='word_1_202' title='bbox 1201 2045 1358 2112; x_wconf 84' lang='lat' dir='ltr'><strong>crucifixe</strong></span> <span class='ocrx_word' id='word_1_203' title='bbox 1375 2067 1437 2128; x_wconf 94' lang='lat' dir='ltr'><strong>pro</strong></span> <span class='ocrx_word' id='word_1_204' title='bbox 1482 2067 1566 2112; x_wconf 89' lang='lat' dir='ltr'><strong>neve</strong></span> <span class='ocrx_word' id='word_1_205' title='bbox 1586 2044 1711 2131; x_wconf 90' lang='lat' dir='ltr'><strong>aliquid</strong></span> <span class='ocrx_word' id='word_1_206' title='bbox 1734 2045 1928 2133; x_wconf 85' lang='lat' dir='ltr'><strong>affingatur,</strong></span> <span class='ocrx_word' id='word_1_207' title='bbox 1951 2050 2040 2131; x_wconf 88' lang='lat' dir='ltr'><strong>quod</strong></span> <span class='ocrx_word' id='word_1_208' title='bbox 2061 2063 2185 2133; x_wconf 87' lang='lat' dir='ltr'><strong>pugnet</strong></span> <span class='ocrx_word' id='word_1_209' title='bbox 2197 2068 2271 2112; x_wconf 91' lang='lat' dir='ltr'><strong>cum</strong></span> <span class='ocrx_word' id='word_1_210' title='bbox 2286 2047 2457 2132; x_wconf 82' lang='lat' dir='ltr'><strong>principali</strong></span> 
     </span>
     <span class='ocr_line' id='line_1_17' title="bbox 469 2131 2458 2219; baseline -0.004 -11"><span class='ocrx_word' id='word_1_211' title='bbox 469 2143 565 2208; x_wconf 83' lang='lat' dir='ltr'><strong>nobis</strong></span> <span class='ocrx_word' id='word_1_212' title='bbox 597 2151 630 2202; x_wconf 92' lang='lat' dir='ltr'><strong>et</strong></span> <span class='ocrx_word' id='word_1_213' title='bbox 662 2136 874 2210; x_wconf 86' lang='lat' dir='ltr'><strong>resuscitate,</strong></span> <span class='ocrx_word' id='word_1_214' title='bbox 907 2155 973 2219; x_wconf 89' lang='lat' dir='ltr'><strong>ugo</strong></span> <span class='ocrx_word' id='word_1_215' title='bbox 1005 2134 1147 2219; x_wconf 83' lang='lat' dir='ltr'><strong>gratias,</strong></span> <span class='ocrx_word' id='word_1_216' title='bbox 1192 2133 1282 2216; x_wconf 91' lang='lat' dir='ltr'><strong>quod</strong></span> <span class='ocrx_word' id='word_1_217' title='bbox 1314 2133 1437 2215; x_wconf 85' lang='lat' dir='ltr'><strong>ingenti</strong></span> <span class='ocrx_word' id='word_1_218' title='bbox 1482 2131 1557 2208; x_wconf 86' lang='lat' dir='ltr'><strong>fine,</strong></span> <span class='ocrx_word' id='word_1_219' title='bbox 1590 2143 1623 2194; x_wconf 90' lang='lat' dir='ltr'><strong>ot</strong></span> <span class='ocrx_word' id='word_1_220' title='bbox 1655 2132 1839 2198; x_wconf 89' lang='lat' dir='ltr'><strong>doctrinam</strong></span> <span class='ocrx_word' id='word_1_221' title='bbox 1871 2134 1913 2197; x_wconf 91' lang='lat' dir='ltr'><strong>de</strong></span> <span class='ocrx_word' id='word_1_222' title='bbox 1941 2153 2022 2198; x_wconf 88' lang='lat' dir='ltr'><strong>vero</strong></span> <span class='ocrx_word' id='word_1_223' title='bbox 2042 2153 2108 2198; x_wconf 80' lang='lat' dir='ltr'><strong>usu</strong></span> <span class='ocrx_word' id='word_1_224' title='bbox 2128 2132 2339 2198; x_wconf 68' lang='lat' dir='ltr'><strong>&amp;metuenti</strong></span> <span class='ocrx_word' id='word_1_225' title='bbox 2365 2147 2401 2198; x_wconf 89' lang='lat' dir='ltr'><strong>et</strong></span> <span class='ocrx_word' id='word_1_226' title='bbox 2421 2135 2458 2200; x_wconf 81' lang='lat' dir='ltr'><strong>da</strong></span> 
     </span>
     <span class='ocr_line' id='line_1_18' title="bbox 468 2215 1886 2308; baseline -0.009 -17"><span class='ocrx_word' id='word_1_227' title='bbox 468 2227 672 2308; x_wconf 77' lang='lat' dir='ltr'><strong>amoreerga</strong></span> <span class='ocrx_word' id='word_1_228' title='bbox 693 2220 994 2285; x_wconf 86' lang='lat' dir='ltr'><strong>uosintcrcessisti</strong></span> <span class='ocrx_word' id='word_1_229' title='bbox 1016 2220 1103 2302; x_wconf 90' lang='lat' dir='ltr'><strong>apud</strong></span> <span class='ocrx_word' id='word_1_230' title='bbox 1125 2229 1295 2282; x_wconf 89' lang='lat' dir='ltr'><strong>aeternum</strong></span> <span class='ocrx_word' id='word_1_231' title='bbox 1306 2215 1438 2280; x_wconf 89' lang='lat' dir='ltr'><strong>Patrem</strong></span> <span class='ocrx_word' id='word_1_232' title='bbox 1482 2217 1637 2282; x_wconf 79' lang='lat' dir='ltr'><strong>exercitio</strong></span> <span class='ocrx_word' id='word_1_233' title='bbox 1659 2215 1736 2280; x_wconf 86' lang='lat' dir='ltr'><strong>fidei</strong></span> <span class='ocrx_word' id='word_1_234' title='bbox 1758 2217 1886 2282; x_wconf 82' lang='lat' dir='ltr'><strong>obntat.</strong></span> 
     </span>
     <span class='ocr_line' id='line_1_19' title="bbox 468 2301 1437 2394; baseline -0.01 -20"><span class='ocrx_word' id='word_1_235' title='bbox 468 2329 529 2394; x_wconf 92' lang='lat' dir='ltr'><strong>pro</strong></span> <span class='ocrx_word' id='word_1_236' title='bbox 550 2326 673 2394; x_wconf 87' lang='lat' dir='ltr'><strong>genere</strong></span> <span class='ocrx_word' id='word_1_237' title='bbox 694 2305 838 2369; x_wconf 89' lang='lat' dir='ltr'><strong>humano</strong></span> <span class='ocrx_word' id='word_1_238' title='bbox 860 2315 894 2367; x_wconf 90' lang='lat' dir='ltr'><strong>et</strong></span> <span class='ocrx_word' id='word_1_239' title='bbox 911 2301 1020 2366; x_wconf 88' lang='lat' dir='ltr'><strong>iaetus</strong></span> <span class='ocrx_word' id='word_1_240' title='bbox 1042 2323 1080 2366; x_wconf 90' lang='lat' dir='ltr'><strong>es</strong></span> <span class='ocrx_word' id='word_1_241' title='bbox 1102 2302 1235 2367; x_wconf 87' lang='lat' dir='ltr'><strong>victima</strong></span> <span class='ocrx_word' id='word_1_242' title='bbox 1256 2320 1317 2384; x_wconf 92' lang='lat' dir='ltr'><strong>pro</strong></span> <span class='ocrx_word' id='word_1_243' title='bbox 1340 2301 1437 2365; x_wconf 86' lang='lat' dir='ltr'><strong>nohis</strong></span> 
     </span>
     <span class='ocr_line' id='line_1_20' title="bbox 469 2388 1740 2468; baseline -0.011 -10"><span class='ocrx_word' id='word_1_244' title='bbox 469 2405 503 2458; x_wconf 92' lang='lat' dir='ltr'><strong>et</strong></span> <span class='ocrx_word' id='word_1_245' title='bbox 521 2395 554 2457; x_wconf 90' lang='lat' dir='ltr'><strong>in</strong></span> <span class='ocrx_word' id='word_1_246' title='bbox 576 2403 609 2456; x_wconf 91' lang='lat' dir='ltr'><strong>te</strong></span> <span class='ocrx_word' id='word_1_247' title='bbox 632 2389 789 2455; x_wconf 81' lang='lat' dir='ltr'><strong>derivasti</strong></span> <span class='ocrx_word' id='word_1_248' title='bbox 811 2391 893 2452; x_wconf 89' lang='lat' dir='ltr'><strong>iram</strong></span> <span class='ocrx_word' id='word_1_249' title='bbox 903 2388 967 2452; x_wconf 90' lang='lat' dir='ltr'><strong>Dei</strong></span> <span class='ocrx_word' id='word_1_250' title='bbox 978 2389 1143 2452; x_wconf 86' lang='lat' dir='ltr'><strong>adversus</strong></span> <span class='ocrx_word' id='word_1_251' title='bbox 1159 2399 1273 2452; x_wconf 89' lang='lat' dir='ltr'><strong>nostra</strong></span> <span class='ocrx_word' id='word_1_252' title='bbox 1285 2397 1438 2468; x_wconf 64' lang='lat' dir='ltr'><strong>peecatum</strong></span> <span class='ocrx_word' id='word_1_253' title='bbox 1715 2435 1740 2446; x_wconf 91' lang='lat'><strong>..</strong></span> 
     </span>
     <span class='ocr_line' id='line_1_21' title="bbox 468 2467 2185 2556; baseline -0.004 -16"><span class='ocrx_word' id='word_1_254' title='bbox 468 2476 624 2542; x_wconf 81' lang='lat' dir='ltr'><strong>Acceade</strong></span> <span class='ocrx_word' id='word_1_255' title='bbox 657 2475 759 2538; x_wconf 85' lang='lat' dir='ltr'><strong>corda</strong></span> <span class='ocrx_word' id='word_1_256' title='bbox 790 2485 916 2550; x_wconf 88' lang='lat' dir='ltr'><strong>nostra,</strong></span> <span class='ocrx_word' id='word_1_257' title='bbox 948 2483 984 2536; x_wconf 93' lang='lat' dir='ltr'><strong>ut</strong></span> <span class='ocrx_word' id='word_1_258' title='bbox 1016 2471 1081 2536; x_wconf 93' lang='lat' dir='ltr'><strong>hoc</strong></span> <span class='ocrx_word' id='word_1_259' title='bbox 1103 2475 1221 2556; x_wconf 83' lang='lat' dir='ltr'><strong>ingens</strong></span> <span class='ocrx_word' id='word_1_260' title='bbox 1244 2469 1438 2534; x_wconf 82' lang='lat' dir='ltr'><strong>beneficium</strong></span> <span class='ocrx_word' id='word_1_261' title='bbox 1615 2525 1617 2530; x_wconf 96' lang='lat'><em>.</em></span> <span class='ocrx_word' id='word_1_262' title='bbox 1730 2467 1808 2534; x_wconf 87' lang='lat' dir='ltr'><strong>-De</strong></span> <span class='ocrx_word' id='word_1_263' title='bbox 1835 2472 1961 2534; x_wconf 89' lang='lat' dir='ltr'><strong>tertio</strong></span> <span class='ocrx_word' id='word_1_264' title='bbox 1989 2471 2185 2554; x_wconf 79' lang='lat' dir='ltr'><strong>capitc.⁸³)</strong></span> 
     </span>
     <span class='ocr_line' id='line_1_22' title="bbox 467 2551 1437 2644; baseline -0.007 -20"><span class='ocrx_word' id='word_1_265' title='bbox 467 2573 557 2624; x_wconf 84' lang='lat' dir='ltr'><strong>tumn</strong></span> <span class='ocrx_word' id='word_1_266' title='bbox 585 2561 689 2644; x_wconf 82' lang='lat' dir='ltr'><strong>aragia</strong></span> <span class='ocrx_word' id='word_1_267' title='bbox 721 2555 942 2641; x_wconf 86' lang='lat' dir='ltr'><strong>intelligamus</strong></span> <span class='ocrx_word' id='word_1_268' title='bbox 971 2569 1003 2620; x_wconf 90' lang='lat' dir='ltr'><strong>et</strong></span> <span class='ocrx_word' id='word_1_269' title='bbox 1036 2577 1115 2621; x_wconf 88' lang='lat' dir='ltr'><strong>vera</strong></span> <span class='ocrx_word' id='word_1_270' title='bbox 1136 2556 1331 2641; x_wconf 84' lang='lat' dir='ltr'><strong>gratitudine</strong></span> <span class='ocrx_word' id='word_1_271' title='bbox 1353 2551 1437 2618; x_wconf 87' lang='lat' dir='ltr'><strong>cele·</strong></span> 
     </span>
     <span class='ocr_line' id='line_1_23' title="bbox 469 2637 2457 2718; baseline -0.001 -11"><span class='ocrx_word' id='word_1_272' title='bbox 469 2646 601 2708; x_wconf 90' lang='lat' dir='ltr'><strong>bremus</strong></span> <span class='ocrx_word' id='word_1_273' title='bbox 622 2659 687 2707; x_wconf 86' lang='lat' dir='ltr'><strong>etc.</strong></span> <span class='ocrx_word' id='word_1_274' title='bbox 1365 2679 1369 2684; x_wconf 96' lang='lat'>-</span> <span class='ocrx_word' id='word_1_275' title='bbox 1430 2689 1434 2702; x_wconf 62' lang='lat'>2</span> <span class='ocrx_word' id='word_1_276' title='bbox 1569 2637 1631 2708; x_wconf 85' lang='lat' dir='ltr'><strong>Qui</strong></span> <span class='ocrx_word' id='word_1_277' title='bbox 1653 2640 1722 2704; x_wconf 85' lang='lat' dir='ltr'><strong>sint</strong></span> <span class='ocrx_word' id='word_1_278' title='bbox 1742 2640 1942 2718; x_wconf 87' lang='lat' dir='ltr'><strong>admittendi,</strong></span> <span class='ocrx_word' id='word_1_279' title='bbox 1962 2659 2002 2702; x_wconf 86' lang='lat' dir='ltr'><strong>ex</strong></span> <span class='ocrx_word' id='word_1_280' title='bbox 2026 2641 2115 2703; x_wconf 89' lang='lat' dir='ltr'><strong>dicto</strong></span> <span class='ocrx_word' id='word_1_281' title='bbox 2138 2637 2233 2702; x_wconf 86' lang='lat' dir='ltr'><strong>l’auli</strong></span> <span class='ocrx_word' id='word_1_282' title='bbox 2254 2641 2344 2704; x_wconf 79' lang='lat' dir='ltr'><strong>satis</strong></span> <span class='ocrx_word' id='word_1_283' title='bbox 2368 2640 2457 2706; x_wconf 85' lang='lat' dir='ltr'><strong>intel·</strong></span> 
     </span>
     <span class='ocr_line' id='line_1_24' title="bbox 549 2719 2457 2810; baseline -0.001 -20.075"><span class='ocrx_word' id='word_1_284' title='bbox 549 2725 665 2790; x_wconf 76' lang='lat' dir='ltr'><strong>‘felem</strong></span> <span class='ocrx_word' id='word_1_285' title='bbox 685 2723 827 2809; x_wconf 87' lang='lat' dir='ltr'><strong>aliquam</strong></span> <span class='ocrx_word' id='word_1_286' title='bbox 844 2723 982 2789; x_wconf 89' lang='lat' dir='ltr'><strong>formam</strong></span> <span class='ocrx_word' id='word_1_287' title='bbox 1004 2745 1198 2806; x_wconf 86' lang='lat' dir='ltr'><strong>expressam</strong></span> <span class='ocrx_word' id='word_1_288' title='bbox 1219 2724 1369 2788; x_wconf 88' lang='lat' dir='ltr'><strong>rudiores</strong></span> <span class='ocrx_word' id='word_1_289' title='bbox 1392 2733 1437 2784; x_wconf 89' lang='lat' dir='ltr'><strong>te·</strong></span> <span class='ocrx_word' id='word_1_290' title='bbox 1482 2719 1539 2805; x_wconf 82' lang='lat' dir='ltr'><strong>ligi</strong></span> <span class='ocrx_word' id='word_1_291' title='bbox 1562 2721 1899 2802; x_wconf 75' lang='lat' dir='ltr'><strong>potest[t.cor.11‚</strong></span> <span class='ocrx_word' id='word_1_292' title='bbox 1922 2723 2008 2802; x_wconf 61' lang='lat' dir='ltr'><strong>aaa:</strong></span> <span class='ocrx_word' id='word_1_293' title='bbox 2033 2724 2291 2795; x_wconf 81' lang='lat' dir='ltr'><strong>Quimandueat</strong></span> <span class='ocrx_word' id='word_1_294' title='bbox 2314 2727 2457 2810; x_wconf 85' lang='lat' dir='ltr'><strong>indigue,</strong></span> 
     </span>
     <span class='ocr_line' id='line_1_25' title="bbox 468 2807 2457 2896; baseline -0.002 -18"><span class='ocrx_word' id='word_1_295' title='bbox 468 2825 583 2890; x_wconf 67' lang='lat' dir='ltr'><strong>nunt,</strong></span> <span class='ocrx_word' id='word_1_296' title='bbox 613 2824 651 2877; x_wconf 92' lang='lat' dir='ltr'><strong>ut</strong></span> <span class='ocrx_word' id='word_1_297' title='bbox 683 2831 722 2873; x_wconf 85' lang='lat' dir='ltr'><strong>se</strong></span> <span class='ocrx_word' id='word_1_298' title='bbox 753 2810 796 2873; x_wconf 92' lang='lat' dir='ltr'><strong>ad</strong></span> <span class='ocrx_word' id='word_1_299' title='bbox 828 2811 1060 2894; x_wconf 83' lang='lat' dir='ltr'><strong>cogitationem</strong></span> <span class='ocrx_word' id='word_1_300' title='bbox 1089 2808 1203 2872; x_wconf 84' lang='lat' dir='ltr'><strong>harum</strong></span> <span class='ocrx_word' id='word_1_301' title='bbox 1224 2810 1437 2870; x_wconf 83' lang='lat' dir='ltr'><strong>umximarum</strong></span> <span class='ocrx_word' id='word_1_302' title='bbox 1482 2807 1631 2870; x_wconf 91' lang='lat' dir='ltr'><strong>iudicium</strong></span> <span class='ocrx_word' id='word_1_303' title='bbox 1661 2807 1724 2870; x_wconf 89' lang='lat' dir='ltr'><strong>sibi</strong></span> <span class='ocrx_word' id='word_1_304' title='bbox 1757 2807 1942 2874; x_wconf 83' lang='lat' dir='ltr'><strong>manducat.</strong></span> <span class='ocrx_word' id='word_1_305' title='bbox 1997 2807 2138 2873; x_wconf 88' lang='lat' dir='ltr'><strong>Sumunt</strong></span> <span class='ocrx_word' id='word_1_306' title='bbox 2169 2821 2279 2872; x_wconf 84' lang='lat' dir='ltr'><strong>autem</strong></span> <span class='ocrx_word' id='word_1_307' title='bbox 2315 2812 2457 2896; x_wconf 85' lang='lat' dir='ltr'><strong>indigne,</strong></span> 
     </span>
     <span class='ocr_line' id='line_1_26' title="bbox 468 2891 2455 2975; baseline -0.001 -14"><span class='ocrx_word' id='word_1_308' title='bbox 468 2919 576 2963; x_wconf 87' lang='lat' dir='ltr'><strong>rerum</strong></span> <span class='ocrx_word' id='word_1_309' title='bbox 605 2897 801 2960; x_wconf 74' lang='lat' dir='ltr'><strong>exurebant</strong></span> <span class='ocrx_word' id='word_1_310' title='bbox 844 2894 945 2956; x_wconf 83' lang='lat' dir='ltr'><strong>Naar·</strong></span> <span class='ocrx_word' id='word_1_311' title='bbox 962 2893 1048 2957; x_wconf 85' lang='lat' dir='ltr'><strong>fides</strong></span> <span class='ocrx_word' id='word_1_312' title='bbox 1068 2891 1165 2957; x_wconf 89' lang='lat' dir='ltr'><strong>alitur</strong></span> <span class='ocrx_word' id='word_1_313' title='bbox 1185 2904 1219 2956; x_wconf 86' lang='lat' dir='ltr'><strong>et</strong></span> <span class='ocrx_word' id='word_1_314' title='bbox 1247 2891 1437 2956; x_wconf 88' lang='lat' dir='ltr'><strong>accenditur</strong></span> <span class='ocrx_word' id='word_1_315' title='bbox 1482 2901 1519 2954; x_wconf 88' lang='lat' dir='ltr'><strong>ut</strong></span> <span class='ocrx_word' id='word_1_316' title='bbox 1551 2891 1672 2956; x_wconf 87' lang='lat' dir='ltr'><strong>dictum</strong></span> <span class='ocrx_word' id='word_1_317' title='bbox 1705 2901 1768 2968; x_wconf 86' lang='lat' dir='ltr'><strong>est,</strong></span> <span class='ocrx_word' id='word_1_318' title='bbox 1801 2893 1858 2975; x_wconf 89' lang='lat' dir='ltr'><strong>qui</strong></span> <span class='ocrx_word' id='word_1_319' title='bbox 1889 2904 2105 2973; x_wconf 85' lang='lat' dir='ltr'><strong>perseverant</strong></span> <span class='ocrx_word' id='word_1_320' title='bbox 2126 2895 2162 2956; x_wconf 93' lang='lat' dir='ltr'><strong>in</strong></span> <span class='ocrx_word' id='word_1_321' title='bbox 2183 2891 2318 2957; x_wconf 86' lang='lat' dir='ltr'><strong>defictis</strong></span> <span class='ocrx_word' id='word_1_322' title='bbox 2341 2907 2455 2959; x_wconf 84' lang='lat' dir='ltr'><strong>eontra</strong></span> 
     </span>
     <span class='ocr_line' id='line_1_27' title="bbox 468 2973 2455 3067; baseline -0.001 -22"><span class='ocrx_word' id='word_1_323' title='bbox 468 2983 676 3067; x_wconf 86' lang='lat' dir='ltr'><strong>cogitatione.</strong></span> <span class='ocrx_word' id='word_1_324' title='bbox 720 2978 874 3042; x_wconf 86' lang='lat' dir='ltr'><strong>Moretur</strong></span> <span class='ocrx_word' id='word_1_325' title='bbox 906 2978 1044 3052; x_wconf 88' lang='lat' dir='ltr'><strong>animus,</strong></span> <span class='ocrx_word' id='word_1_326' title='bbox 1077 2998 1151 3041; x_wconf 86' lang='lat' dir='ltr'><strong>crun</strong></span> <span class='ocrx_word' id='word_1_327' title='bbox 1183 2977 1312 3060; x_wconf 86' lang='lat' dir='ltr'><strong>cogitas</strong></span> <span class='ocrx_word' id='word_1_328' title='bbox 1348 2976 1436 3039; x_wconf 87' lang='lat' dir='ltr'><strong>iusti·</strong></span> <span class='ocrx_word' id='word_1_329' title='bbox 1483 2975 1716 3038; x_wconf 82' lang='lat' dir='ltr'><strong>conscientiam</strong></span> <span class='ocrx_word' id='word_1_330' title='bbox 1739 2995 1800 3040; x_wconf 86' lang='lat' dir='ltr'><strong>seu</strong></span> <span class='ocrx_word' id='word_1_331' title='bbox 1822 2973 2002 3040; x_wconf 85' lang='lat' dir='ltr'><strong>manifestis</strong></span> <span class='ocrx_word' id='word_1_332' title='bbox 2025 2996 2087 3040; x_wconf 91' lang='lat' dir='ltr'><strong>seu</strong></span> <span class='ocrx_word' id='word_1_333' title='bbox 2107 2979 2260 3055; x_wconf 89' lang='lat' dir='ltr'><strong>arcanis,</strong></span> <span class='ocrx_word' id='word_1_334' title='bbox 2289 2980 2369 3044; x_wconf 88' lang='lat' dir='ltr'><strong>item</strong></span> <span class='ocrx_word' id='word_1_335' title='bbox 2403 2981 2455 3064; x_wconf 87' lang='lat' dir='ltr'><strong>qui</strong></span> 
     </span>
     <span class='ocr_line' id='line_1_28' title="bbox 469 3057 2146 3145; baseline -0.004 -15"><span class='ocrx_word' id='word_1_336' title='bbox 469 3070 544 3130; x_wconf 88' lang='lat' dir='ltr'><strong>tiam</strong></span> <span class='ocrx_word' id='word_1_337' title='bbox 561 3063 624 3127; x_wconf 91' lang='lat' dir='ltr'><strong>Dei</strong></span> <span class='ocrx_word' id='word_1_338' title='bbox 644 3083 807 3138; x_wconf 81' lang='lat' dir='ltr'><strong>severam,</strong></span> <span class='ocrx_word' id='word_1_339' title='bbox 831 3061 920 3145; x_wconf 90' lang='lat' dir='ltr'><strong>quod</strong></span> <span class='ocrx_word' id='word_1_340' title='bbox 941 3081 1008 3123; x_wconf 90' lang='lat' dir='ltr'><strong>non</strong></span> <span class='ocrx_word' id='word_1_341' title='bbox 1023 3062 1155 3124; x_wconf 76' lang='lat' dir='ltr'><strong>reuisit</strong></span> <span class='ocrx_word' id='word_1_342' title='bbox 1174 3072 1347 3144; x_wconf 89' lang='lat' dir='ltr'><strong>peccatum</strong></span> <span class='ocrx_word' id='word_1_343' title='bbox 1363 3060 1436 3123; x_wconf 89' lang='lat' dir='ltr'><strong>siue</strong></span> <span class='ocrx_word' id='word_1_344' title='bbox 1480 3071 1548 3124; x_wconf 87' lang='lat' dir='ltr'><strong>non</strong></span> <span class='ocrx_word' id='word_1_345' title='bbox 1571 3057 1711 3124; x_wconf 84' lang='lat' dir='ltr'><strong>afferunt.</strong></span> <span class='ocrx_word' id='word_1_346' title='bbox 1733 3060 1965 3141; x_wconf 86' lang='lat' dir='ltr'><strong>poenitentiam</strong></span> <span class='ocrx_word' id='word_1_347' title='bbox 1987 3073 2020 3123; x_wconf 92' lang='lat' dir='ltr'><strong>et</strong></span> <span class='ocrx_word' id='word_1_348' title='bbox 2037 3059 2146 3124; x_wconf 87' lang='lat' dir='ltr'><strong>fidem.</strong></span> 
     </span>
     <span class='ocr_line' id='line_1_29' title="bbox 490 3142 2495 3232; baseline -0 -21"><span class='ocrx_word' id='word_1_349' title='bbox 490 3149 591 3224; x_wconf 89' lang='lat' dir='ltr'><strong>retio,</strong></span> <span class='ocrx_word' id='word_1_350' title='bbox 623 3167 701 3212; x_wconf 90' lang='lat' dir='ltr'><strong>rere</strong></span> <span class='ocrx_word' id='word_1_351' title='bbox 723 3148 821 3232; x_wconf 88' lang='lat' dir='ltr'><strong>igitur</strong></span> <span class='ocrx_word' id='word_1_352' title='bbox 838 3159 879 3210; x_wconf 79' lang='lat' dir='ltr'><strong>et=</strong></span> <span class='ocrx_word' id='word_1_353' title='bbox 892 3143 1090 3208; x_wconf 83' lang='lat' dir='ltr'><strong>horribiliter</strong></span> <span class='ocrx_word' id='word_1_354' title='bbox 1110 3147 1264 3208; x_wconf 85' lang='lat' dir='ltr'><strong>irascitur</strong></span> <span class='ocrx_word' id='word_1_355' title='bbox 1284 3155 1435 3227; x_wconf 86' lang='lat' dir='ltr'><strong>peccato.</strong></span> <span class='ocrx_word' id='word_1_356' title='bbox 1567 3142 1635 3206; x_wconf 88' lang='lat' dir='ltr'><strong>Sed</strong></span> <span class='ocrx_word' id='word_1_357' title='bbox 1657 3145 1793 3208; x_wconf 87' lang='lat' dir='ltr'><strong>ministri</strong></span> <span class='ocrx_word' id='word_1_358' title='bbox 1815 3145 1960 3208; x_wconf 72' lang='lat' dir='ltr'><strong>iudicare</strong></span> <span class='ocrx_word' id='word_1_359' title='bbox 1982 3165 2048 3209; x_wconf 92' lang='lat' dir='ltr'><strong>non</strong></span> <span class='ocrx_word' id='word_1_360' title='bbox 2069 3157 2221 3227; x_wconf 87' lang='lat' dir='ltr'><strong>possunt,</strong></span> <span class='ocrx_word' id='word_1_361' title='bbox 2244 3149 2309 3210; x_wconf 90' lang='lat' dir='ltr'><strong>nisi</strong></span> <span class='ocrx_word' id='word_1_362' title='bbox 2331 3150 2372 3212; x_wconf 88' lang='lat' dir='ltr'><strong>de</strong></span> <span class='ocrx_word' id='word_1_363' title='bbox 2386 3169 2454 3210; x_wconf 78' lang='lat' dir='ltr'><strong>ma·</strong></span> <span class='ocrx_word' id='word_1_364' title='bbox 2493 3143 2495 3148; x_wconf 76' lang='grc'><strong>’</strong></span> 
     </span>
     <span class='ocr_line' id='line_1_30' title="bbox 467 3171 2452 3316; baseline 0.001 -23"><span class='ocrx_word' id='word_1_365' title='bbox 467 3171 548 3296; x_wconf 79' lang='lat' dir='ltr'><strong>lam·</strong></span> <span class='ocrx_word' id='word_1_366' title='bbox 565 3243 721 3314; x_wconf 84' lang='lat' dir='ltr'><strong>quantus.</strong></span> <span class='ocrx_word' id='word_1_367' title='bbox 739 3250 833 3294; x_wconf 89' lang='lat' dir='ltr'><strong>amor</strong></span> <span class='ocrx_word' id='word_1_368' title='bbox 853 3228 925 3292; x_wconf 83' lang='lat' dir='ltr'><strong>Filii</strong></span> <span class='ocrx_word' id='word_1_369' title='bbox 959 3244 1022 3306; x_wconf 77' lang='lat' dir='ltr'><strong>est,</strong></span> <span class='ocrx_word' id='word_1_370' title='bbox 1053 3231 1143 3313; x_wconf 86' lang='lat' dir='ltr'><strong>quod</strong></span> <span class='ocrx_word' id='word_1_371' title='bbox 1164 3231 1353 3293; x_wconf 86' lang='lat' dir='ltr'><strong>intercessit</strong></span> <span class='ocrx_word' id='word_1_372' title='bbox 1373 3249 1434 3310; x_wconf 87' lang='lat' dir='ltr'><strong>pro</strong></span> <span class='ocrx_word' id='word_1_373' title='bbox 1480 3224 1608 3292; x_wconf 79' lang='lat' dir='ltr'><strong>nifestls</strong></span> <span class='ocrx_word' id='word_1_374' title='bbox 1646 3225 1784 3292; x_wconf 83' lang='lat' dir='ltr'><strong>delictis.</strong></span> <span class='ocrx_word' id='word_1_375' title='bbox 1838 3227 1985 3292; x_wconf 83' lang='lat' dir='ltr'><strong>Arceont</strong></span> <span class='ocrx_word' id='word_1_376' title='bbox 2017 3250 2098 3315; x_wconf 90' lang='lat' dir='ltr'><strong>ergo</strong></span> <span class='ocrx_word' id='word_1_377' title='bbox 2131 3249 2208 3307; x_wconf 90' lang='lat' dir='ltr'><strong>eos,</strong></span> <span class='ocrx_word' id='word_1_378' title='bbox 2248 3233 2302 3316; x_wconf 87' lang='lat' dir='ltr'><strong>qui</strong></span> <span class='ocrx_word' id='word_1_379' title='bbox 2332 3229 2452 3314; x_wconf 86' lang='lat' dir='ltr'><strong>polluti</strong></span> 
     </span>
     <span class='ocr_line' id='line_1_31' title="bbox 468 3309 2452 3385; baseline 0.001 -8"><span class='ocrx_word' id='word_1_380' title='bbox 468 3317 562 3380; x_wconf 90' lang='lat' dir='ltr'><strong>nobis</strong></span> <span class='ocrx_word' id='word_1_381' title='bbox 584 3326 618 3377; x_wconf 89' lang='lat' dir='ltr'><strong>et.</strong></span> <span class='ocrx_word' id='word_1_382' title='bbox 638 3318 719 3379; x_wconf 90' lang='lat' dir='ltr'><strong>iram</strong></span> <span class='ocrx_word' id='word_1_383' title='bbox 741 3317 773 3377; x_wconf 95' lang='lat' dir='ltr'><strong>in</strong></span> <span class='ocrx_word' id='word_1_384' title='bbox 796 3333 836 3379; x_wconf 90' lang='lat' dir='ltr'><strong>se</strong></span> <span class='ocrx_word' id='word_1_385' title='bbox 856 3314 1039 3378; x_wconf 66' lang='lat' dir='ltr'><strong>derivavit?</strong></span> <span class='ocrx_word' id='word_1_386' title='bbox 1081 3314 1212 3385; x_wconf 84' lang='lat' dir='ltr'><strong>Quanta</strong></span> <span class='ocrx_word' id='word_1_387' title='bbox 1241 3313 1325 3376; x_wconf 90' lang='lat' dir='ltr'><strong>haec</strong></span> <span class='ocrx_word' id='word_1_388' title='bbox 1348 3314 1435 3376; x_wconf 87' lang='lat' dir='ltr'><strong>ahie·</strong></span> <span class='ocrx_word' id='word_1_389' title='bbox 1479 3309 1664 3374; x_wconf 88' lang='lat' dir='ltr'><strong>manifestis</strong></span> <span class='ocrx_word' id='word_1_390' title='bbox 1699 3310 1830 3376; x_wconf 88' lang='lat' dir='ltr'><strong>delictis</strong></span> <span class='ocrx_word' id='word_1_391' title='bbox 1853 3333 1918 3376; x_wconf 91' lang='lat' dir='ltr'><strong>uon</strong></span> <span class='ocrx_word' id='word_1_392' title='bbox 1953 3316 2125 3378; x_wconf 89' lang='lat' dir='ltr'><strong>emendant</strong></span> <span class='ocrx_word' id='word_1_393' title='bbox 2158 3335 2206 3378; x_wconf 89' lang='lat' dir='ltr'><strong>se.</strong></span> <span class='ocrx_word' id='word_1_394' title='bbox 2272 3316 2312 3378; x_wconf 85' lang='lat' dir='ltr'><strong>Et</strong></span> <span class='ocrx_word' id='word_1_395' title='bbox 2337 3317 2452 3379; x_wconf 90' lang='lat' dir='ltr'><strong>memi-</strong></span> 
     </span>
     <span class='ocr_line' id='line_1_32' title="bbox 468 3395 2454 3482; baseline 0.001 -18"><span class='ocrx_word' id='word_1_396' title='bbox 468 3403 533 3464; x_wconf 91' lang='lat' dir='ltr'><strong>ctio</strong></span> <span class='ocrx_word' id='word_1_397' title='bbox 555 3401 607 3461; x_wconf 90' lang='lat' dir='ltr'><strong>sui</strong></span> <span class='ocrx_word' id='word_1_398' title='bbox 628 3397 708 3462; x_wconf 75' lang='lat' dir='ltr'><strong>fuiti</strong></span> <span class='ocrx_word' id='word_1_399' title='bbox 731 3401 821 3482; x_wconf 93' lang='lat' dir='ltr'><strong>quod</strong></span> <span class='ocrx_word' id='word_1_400' title='bbox 842 3401 943 3462; x_wconf 91' lang='lat' dir='ltr'><strong>iacuit</strong></span> <span class='ocrx_word' id='word_1_401' title='bbox 959 3420 1078 3463; x_wconf 85' lang='lat' dir='ltr'><strong>coram</strong></span> <span class='ocrx_word' id='word_1_402' title='bbox 1088 3398 1163 3460; x_wconf 85' lang='lat' dir='ltr'><strong>Deo</strong></span> <span class='ocrx_word' id='word_1_403' title='bbox 1186 3399 1331 3461; x_wconf 86' lang='lat' dir='ltr'><strong>sentiens</strong></span> <span class='ocrx_word' id='word_1_404' title='bbox 1354 3399 1435 3458; x_wconf 87' lang='lat' dir='ltr'><strong>iram</strong></span> <span class='ocrx_word' id='word_1_405' title='bbox 1480 3396 1587 3458; x_wconf 90' lang='lat' dir='ltr'><strong>nerint</strong></span> <span class='ocrx_word' id='word_1_406' title='bbox 1607 3398 1772 3479; x_wconf 82' lang='lat' dir='ltr'><strong>praecepti</strong></span> <span class='ocrx_word' id='word_1_407' title='bbox 1796 3395 1925 3474; x_wconf 85' lang='lat' dir='ltr'><strong>[hlatth.</strong></span> <span class='ocrx_word' id='word_1_408' title='bbox 1938 3398 2041 3478; x_wconf 83' lang='lat' dir='ltr'><strong>7,u]:</strong></span> <span class='ocrx_word' id='word_1_409' title='bbox 2062 3399 2174 3463; x_wconf 88' lang='lat' dir='ltr'><strong>Nolite</strong></span> <span class='ocrx_word' id='word_1_410' title='bbox 2195 3411 2348 3465; x_wconf 87' lang='lat' dir='ltr'><strong>sanctum</strong></span> <span class='ocrx_word' id='word_1_411' title='bbox 2369 3402 2454 3464; x_wconf 87' lang='lat' dir='ltr'><strong>dare</strong></span> 
     </span>
     <span class='ocr_line' id='line_1_33' title="bbox 467 3479 1628 3564; baseline -0.004 -17"><span class='ocrx_word' id='word_1_412' title='bbox 467 3487 537 3548; x_wconf 88' lang='lat' dir='ltr'><strong>eius</strong></span> <span class='ocrx_word' id='word_1_413' title='bbox 569 3493 722 3564; x_wconf 75' lang='lat' dir='ltr'><strong>manuam</strong></span> <span class='ocrx_word' id='word_1_414' title='bbox 754 3480 901 3564; x_wconf 88' lang='lat' dir='ltr'><strong>pollutus</strong></span> <span class='ocrx_word' id='word_1_415' title='bbox 933 3485 996 3546; x_wconf 90' lang='lat' dir='ltr'><strong>tuis</strong></span> <span class='ocrx_word' id='word_1_416' title='bbox 1029 3493 1063 3546; x_wconf 89' lang='lat' dir='ltr'><strong>et</strong></span> <span class='ocrx_word' id='word_1_417' title='bbox 1094 3493 1150 3546; x_wconf 85' lang='lat' dir='ltr'><strong>tot¹</strong></span> <span class='ocrx_word' id='word_1_418' title='bbox 1174 3493 1209 3544; x_wconf 91' lang='lat' dir='ltr'><strong>tu</strong></span> <span class='ocrx_word' id='word_1_419' title='bbox 1250 3483 1433 3542; x_wconf 84' lang='lat' dir='ltr'><strong>issimorum</strong></span> <span class='ocrx_word' id='word_1_420' title='bbox 1480 3479 1628 3542; x_wconf 82' lang='lat' dir='ltr'><strong>canibus.</strong></span> 
     </span>
     <span class='ocr_line' id='line_1_34' title="bbox 467 3560 2453 3652; baseline 0.002 -21"><span class='ocrx_word' id='word_1_421' title='bbox 467 3568 631 3631; x_wconf 91' lang='lat' dir='ltr'><strong>hominum</strong></span> <span class='ocrx_word' id='word_1_422' title='bbox 652 3565 796 3649; x_wconf 81' lang='lat' dir='ltr'><strong>flagitiis,</strong></span> <span class='ocrx_word' id='word_1_423' title='bbox 820 3565 929 3643; x_wconf 87' lang='lat' dir='ltr'><strong>idolis,</strong></span> <span class='ocrx_word' id='word_1_424' title='bbox 947 3565 1134 3630; x_wconf 86' lang='lat' dir='ltr'><strong>libidinibus</strong></span> <span class='ocrx_word' id='word_1_425' title='bbox 1152 3576 1184 3629; x_wconf 93' lang='lat' dir='ltr'><strong>et</strong></span> <span class='ocrx_word' id='word_1_426' title='bbox 1205 3566 1279 3627; x_wconf 87' lang='lat' dir='ltr'><strong>aiis</strong></span> <span class='ocrx_word' id='word_1_427' title='bbox 1290 3563 1433 3645; x_wconf 86' lang='lat' dir='ltr'><strong>probris.</strong></span> <span class='ocrx_word' id='word_1_428' title='bbox 1508 3613 1510 3618; x_wconf 95' lang='lat'><em>.</em></span> <span class='ocrx_word' id='word_1_429' title='bbox 1565 3560 1650 3627; x_wconf 89' lang='lat' dir='ltr'><strong>illud</strong></span> <span class='ocrx_word' id='word_1_430' title='bbox 1671 3564 1770 3628; x_wconf 86' lang='lat' dir='ltr'><strong>etiam</strong></span> <span class='ocrx_word' id='word_1_431' title='bbox 1791 3568 1832 3628; x_wconf 88' lang='lat' dir='ltr'><strong>ad</strong></span> <span class='ocrx_word' id='word_1_432' title='bbox 1844 3565 2019 3631; x_wconf 86' lang='lat' dir='ltr'><strong>Pastorum</strong></span> <span class='ocrx_word' id='word_1_433' title='bbox 2038 3566 2186 3632; x_wconf 84' lang='lat' dir='ltr'><strong>officium</strong></span> <span class='ocrx_word' id='word_1_434' title='bbox 2207 3571 2369 3652; x_wconf 85' lang='lat' dir='ltr'><strong>pertinet:</strong></span> <span class='ocrx_word' id='word_1_435' title='bbox 2389 3567 2453 3634; x_wconf 79' lang='lat' dir='ltr'><strong>iix-</strong></span> 
     </span>
     <span class='ocr_line' id='line_1_35' title="bbox 467 3644 2454 3792; baseline 0.001 -76"><span class='ocrx_word' id='word_1_436' title='bbox 467 3653 552 3724; x_wconf 86' lang='lat' dir='ltr'><strong>Quid</strong></span> <span class='ocrx_word' id='word_1_437' title='bbox 584 3669 647 3712; x_wconf 89' lang='lat' dir='ltr'><strong>nos</strong></span> <span class='ocrx_word' id='word_1_438' title='bbox 678 3651 908 3730; x_wconf 74' lang='lat' dir='ltr'><strong>superbimus?</strong></span> <span class='ocrx_word' id='word_1_439' title='bbox 939 3671 1014 3713; x_wconf 91' lang='lat' dir='ltr'><strong>cum</strong></span> <span class='ocrx_word' id='word_1_440' title='bbox 1041 3648 1127 3713; x_wconf 88' lang='lat' dir='ltr'><strong>filius</strong></span> <span class='ocrx_word' id='word_1_441' title='bbox 1148 3649 1213 3712; x_wconf 80' lang='lat' dir='ltr'><strong>Dei</strong></span> <span class='ocrx_word' id='word_1_442' title='bbox 1244 3649 1278 3709; x_wconf 93' lang='lat' dir='ltr'><strong>iu</strong></span> <span class='ocrx_word' id='word_1_443' title='bbox 1311 3655 1434 3710; x_wconf 83' lang='lat' dir='ltr'><strong>tentam</strong></span> <span class='ocrx_word' id='word_1_444' title='bbox 1478 3644 1611 3792; x_wconf 59' lang='lat' dir='ltr'><strong>Elorum</strong></span> <span class='ocrx_word' id='word_1_445' title='bbox 1647 3648 1829 3712; x_wconf 80' lang='lat' dir='ltr'><strong>doctrinam</strong></span> <span class='ocrx_word' id='word_1_446' title='bbox 1847 3662 1878 3712; x_wconf 90' lang='lat' dir='ltr'><strong>et</strong></span> <span class='ocrx_word' id='word_1_447' title='bbox 1900 3651 1996 3714; x_wconf 88' lang='lat' dir='ltr'><strong>iidem</strong></span> <span class='ocrx_word' id='word_1_448' title='bbox 2025 3651 2229 3736; x_wconf 87' lang='lat' dir='ltr'><strong>singulorum</strong></span> <span class='ocrx_word' id='word_1_449' title='bbox 2251 3651 2454 3736; x_wconf 69' lang='lat' dir='ltr'><strong>iupopulot</strong></span> 
     </span>
     <span class='ocr_line' id='line_1_36' title="bbox 466 3729 2454 3819; baseline 0.002 -21"><span class='ocrx_word' id='word_1_450' title='bbox 466 3731 676 3799; x_wconf 88' lang='lat' dir='ltr'><strong>humilitatem</strong></span> <span class='ocrx_word' id='word_1_451' title='bbox 712 3752 803 3796; x_wconf 88' lang='lat' dir='ltr'><strong>sese·</strong></span> <span class='ocrx_word' id='word_1_452' title='bbox 825 3735 992 3796; x_wconf 80' lang='lat' dir='ltr'><strong>abiecerit</strong></span> <span class='ocrx_word' id='word_1_453' title='bbox 1059 3733 1151 3796; x_wconf 87' lang='lat' dir='ltr'><strong>llaec</strong></span> <span class='ocrx_word' id='word_1_454' title='bbox 1188 3733 1223 3792; x_wconf 88' lang='lat' dir='ltr'><strong>in</strong></span> <span class='ocrx_word' id='word_1_455' title='bbox 1255 3732 1434 3815; x_wconf 83' lang='lat' dir='ltr'><strong>gratiarum</strong></span> <span class='ocrx_word' id='word_1_456' title='bbox 1508 3729 1687 3812; x_wconf 88' lang='lat' dir='ltr'><strong>tproiiteri</strong></span> <span class='ocrx_word' id='word_1_457' title='bbox 1710 3733 1813 3795; x_wconf 85' lang='lat' dir='ltr'><strong>iidem·</strong></span> <span class='ocrx_word' id='word_1_458' title='bbox 1829 3742 1862 3795; x_wconf 92' lang='lat' dir='ltr'><strong>et</strong></span> <span class='ocrx_word' id='word_1_459' title='bbox 1883 3737 2075 3812; x_wconf 85' lang='lat' dir='ltr'><strong>ostendere,</strong></span> <span class='ocrx_word' id='word_1_460' title='bbox 2107 3738 2185 3819; x_wconf 89' lang='lat' dir='ltr'><strong>quid</strong></span> <span class='ocrx_word' id='word_1_461' title='bbox 2207 3739 2392 3802; x_wconf 88' lang='lat' dir='ltr'><strong>sentiamus</strong></span> <span class='ocrx_word' id='word_1_462' title='bbox 2415 3739 2454 3802; x_wconf 89' lang='lat' dir='ltr'><strong>de</strong></span> 
     </span>
     <span class='ocr_line' id='line_1_37' title="bbox 465 3814 2454 3903; baseline 0.002 -21"><span class='ocrx_word' id='word_1_463' title='bbox 465 3822 596 3885; x_wconf 90' lang='lat' dir='ltr'><strong>actione</strong></span> <span class='ocrx_word' id='word_1_464' title='bbox 619 3820 767 3902; x_wconf 87' lang='lat' dir='ltr'><strong>cogitare</strong></span> <span class='ocrx_word' id='word_1_465' title='bbox 787 3814 868 3880; x_wconf 91' lang='lat' dir='ltr'><strong>utile</strong></span> <span class='ocrx_word' id='word_1_466' title='bbox 890 3827 952 3878; x_wconf 86' lang='lat' dir='ltr'><strong>est.</strong></span> <span class='ocrx_word' id='word_1_467' title='bbox 1048 3863 1081 3876; x_wconf 91' lang='lat'><strong>..</strong></span> <span class='ocrx_word' id='word_1_468' title='bbox 1227 3825 1232 3834; x_wconf 82' lang='lat'><strong>‘</strong></span> <span class='ocrx_word' id='word_1_469' title='bbox 1420 3847 1423 3854; x_wconf 96' lang='lat'>·</span> <span class='ocrx_word' id='word_1_470' title='bbox 1479 3815 1639 3890; x_wconf 83' lang='lat' dir='ltr'><strong>doctrina,</strong></span> <span class='ocrx_word' id='word_1_471' title='bbox 1663 3816 1752 3896; x_wconf 89' lang='lat' dir='ltr'><strong>apud</strong></span> <span class='ocrx_word' id='word_1_472' title='bbox 1772 3815 1932 3880; x_wconf 89' lang='lat' dir='ltr'><strong>Pastores</strong></span> <span class='ocrx_word' id='word_1_473' title='bbox 1953 3819 2073 3903; x_wconf 84' lang='lat' dir='ltr'><strong>singuli</strong></span> <span class='ocrx_word' id='word_1_474' title='bbox 2086 3823 2252 3886; x_wconf 89' lang='lat' dir='ltr'><strong>debemus.</strong></span> <span class='ocrx_word' id='word_1_475' title='bbox 2277 3823 2377 3886; x_wconf 88' lang='lat' dir='ltr'><strong>Sicut</strong></span> <span class='ocrx_word' id='word_1_476' title='bbox 2397 3823 2454 3886; x_wconf 86' lang='lat' dir='ltr'><strong>Pe·</strong></span> 
     </span>
     <span class='ocr_line' id='line_1_38' title="bbox 550 3895 2454 3983; baseline 0.005 -20"><span class='ocrx_word' id='word_1_477' title='bbox 550 3902 678 3965; x_wconf 87' lang='lat' dir='ltr'><strong>Tertius</strong></span> <span class='ocrx_word' id='word_1_478' title='bbox 711 3901 785 3962; x_wconf 85' lang='lat' dir='ltr'><strong>iirris</strong></span> <span class='ocrx_word' id='word_1_479' title='bbox 807 3901 956 3974; x_wconf 90' lang='lat' dir='ltr'><strong>accedat,</strong></span> <span class='ocrx_word' id='word_1_480' title='bbox 989 3895 1143 3962; x_wconf 87' lang='lat' dir='ltr'><strong>videlicet</strong></span> <span class='ocrx_word' id='word_1_481' title='bbox 1164 3908 1199 3960; x_wconf 90' lang='lat' dir='ltr'><strong>ut</strong></span> <span class='ocrx_word' id='word_1_482' title='bbox 1215 3909 1304 3960; x_wconf 93' lang='lat' dir='ltr'><strong>tuum</strong></span> <span class='ocrx_word' id='word_1_483' title='bbox 1327 3916 1434 3960; x_wconf 59' lang='lat' dir='ltr'><strong>exem*</strong></span> <span class='ocrx_word' id='word_1_484' title='bbox 1480 3910 1551 3962; x_wconf 88' lang='lat' dir='ltr'><strong>trus</strong></span> <span class='ocrx_word' id='word_1_485' title='bbox 1571 3900 1742 3980; x_wconf 88' lang='lat' dir='ltr'><strong>praecipit,</strong></span> <span class='ocrx_word' id='word_1_486' title='bbox 1767 3911 1801 3964; x_wconf 91' lang='lat' dir='ltr'><strong>ut</strong></span> <span class='ocrx_word' id='word_1_487' title='bbox 1822 3903 1927 3983; x_wconf 89' lang='lat' dir='ltr'><strong>parati</strong></span> <span class='ocrx_word' id='word_1_488' title='bbox 1945 3905 2053 3968; x_wconf 83' lang='lat' dir='ltr'><strong>simus</strong></span> <span class='ocrx_word' id='word_1_489' title='bbox 2066 3907 2202 3968; x_wconf 89' lang='lat' dir='ltr'><strong>reddere</strong></span> <span class='ocrx_word' id='word_1_490' title='bbox 2224 3908 2394 3972; x_wconf 88' lang='lat' dir='ltr'><strong>rationem</strong></span> <span class='ocrx_word' id='word_1_491' title='bbox 2414 3910 2454 3972; x_wconf 83' lang='lat' dir='ltr'><strong>de</strong></span> 
     </span>
     <span class='ocr_line' id='line_1_39' title="bbox 465 3978 2168 4070; baseline -0.006 -21"><span class='ocrx_word' id='word_1_492' title='bbox 465 3986 555 4070; x_wconf 91' lang='lat' dir='ltr'><strong>plum</strong></span> <span class='ocrx_word' id='word_1_493' title='bbox 575 3984 730 4068; x_wconf 89' lang='lat' dir='ltr'><strong>prositad</strong></span> <span class='ocrx_word' id='word_1_494' title='bbox 748 3983 947 4044; x_wconf 82' lang='lat' dir='ltr'><strong>retinendam</strong></span> <span class='ocrx_word' id='word_1_495' title='bbox 959 3978 1121 4062; x_wconf 88' lang='lat' dir='ltr'><strong>publicam</strong></span> <span class='ocrx_word' id='word_1_496' title='bbox 1133 3981 1433 4064; x_wconf 82' lang='lat' dir='ltr'><strong>congregationem.</strong></span> <span class='ocrx_word' id='word_1_497' title='bbox 1479 3981 1544 4046; x_wconf 87' lang='lat' dir='ltr'><strong>fide</strong></span> <span class='ocrx_word' id='word_1_498' title='bbox 1566 3993 1709 4046; x_wconf 76' lang='lat' dir='ltr'><strong>nostra·</strong></span> <span class='ocrx_word' id='word_1_499' title='bbox 1805 4023 1807 4028; x_wconf 92' lang='lat'>-</span> <span class='ocrx_word' id='word_1_500' title='bbox 2023 4035 2025 4040; x_wconf 91' lang='lat'><em>.</em></span> <span class='ocrx_word' id='word_1_501' title='bbox 2056 4041 2059 4046; x_wconf 83' lang='grc'>,</span> <span class='ocrx_word' id='word_1_502' title='bbox 2166 4033 2168 4038; x_wconf 93' lang='grc'>.</span> 
     </span>
     <span class='ocr_line' id='line_1_40' title="bbox 466 4062 2451 4161; baseline 0.002 -27"><span class='ocrx_word' id='word_1_503' title='bbox 466 4073 550 4134; x_wconf 88' lang='lat' dir='ltr'><strong>Nam</strong></span> <span class='ocrx_word' id='word_1_504' title='bbox 571 4071 600 4132; x_wconf 88' lang='lat' dir='ltr'><strong>si</strong></span> <span class='ocrx_word' id='word_1_505' title='bbox 616 4069 712 4150; x_wconf 90' lang='lat' dir='ltr'><strong>pauci</strong></span> <span class='ocrx_word' id='word_1_506' title='bbox 733 4076 903 4128; x_wconf 87' lang='lat' dir='ltr'><strong>uterentur</strong></span> <span class='ocrx_word' id='word_1_507' title='bbox 914 4065 1128 4126; x_wconf 79' lang='lat' dir='ltr'><strong>Sacramenta</strong></span> <span class='ocrx_word' id='word_1_508' title='bbox 1152 4073 1192 4127; x_wconf 91' lang='lat' dir='ltr'><strong>ot·</strong></span> <span class='ocrx_word' id='word_1_509' title='bbox 1205 4062 1434 4147; x_wconf 86' lang='lat' dir='ltr'><strong>paulatim-ho-</strong></span> <span class='ocrx_word' id='word_1_510' title='bbox 1518 4103 1520 4110; x_wconf 94' lang='lat'>·</span> <span class='ocrx_word' id='word_1_511' title='bbox 1565 4066 1640 4136; x_wconf 63' lang='lat' dir='ltr'><strong>(ini¹</strong></span> <span class='ocrx_word' id='word_1_512' title='bbox 1661 4087 1747 4140; x_wconf 85' lang='lat' dir='ltr'><strong>vero¹</strong></span> <span class='ocrx_word' id='word_1_513' title='bbox 1763 4082 1864 4154; x_wconf 72' lang='lat' dir='ltr'><strong>argunt</strong></span> <span class='ocrx_word' id='word_1_514' title='bbox 1886 4073 2122 4152; x_wconf 77' lang='lat' dir='ltr'><strong>poenitentiam</strong></span> <span class='ocrx_word' id='word_1_515' title='bbox 2141 4087 2172 4136; x_wconf 82' lang='lat' dir='ltr'><strong>et</strong></span> <span class='ocrx_word' id='word_1_516' title='bbox 2195 4075 2285 4138; x_wconf 83' lang='lat' dir='ltr'><strong>serio</strong></span> <span class='ocrx_word' id='word_1_517' title='bbox 2311 4095 2451 4161; x_wconf 84' lang='lat' dir='ltr'><strong>expave-</strong></span> 
     </span>
     <span class='ocr_line' id='line_1_41' title="bbox 467 4146 2451 4244; baseline 0.004 -27"><span class='ocrx_word' id='word_1_518' title='bbox 467 4156 568 4217; x_wconf 85' lang='lat' dir='ltr'><strong>mines</strong></span> <span class='ocrx_word' id='word_1_519' title='bbox 591 4151 832 4214; x_wconf 84' lang='lat' dir='ltr'><strong>abducerentur</strong></span> <span class='ocrx_word' id='word_1_520' title='bbox 852 4151 900 4211; x_wconf 86' lang='lat' dir='ltr'><strong>ab·</strong></span> <span class='ocrx_word' id='word_1_521' title='bbox 918 4146 984 4211; x_wconf 90' lang='lat' dir='ltr'><strong>hoc</strong></span> <span class='ocrx_word' id='word_1_522' title='bbox 1006 4168 1204 4232; x_wconf 87' lang='lat' dir='ltr'><strong>congressu,</strong></span> <span class='ocrx_word' id='word_1_523' title='bbox 1228 4147 1359 4212; x_wconf 80' lang='lat' dir='ltr'><strong>tondmu</strong></span> <span class='ocrx_word' id='word_1_524' title='bbox 1371 4147 1433 4214; x_wconf 77' lang='lat' dir='ltr'><strong>lio·</strong></span> <span class='ocrx_word' id='word_1_525' title='bbox 1479 4159 1592 4225; x_wconf 86' lang='lat' dir='ltr'><strong>scunt,</strong></span> <span class='ocrx_word' id='word_1_526' title='bbox 1626 4149 1660 4214; x_wconf 91' lang='lat' dir='ltr'><strong>hi</strong></span> <span class='ocrx_word' id='word_1_527' title='bbox 1692 4173 1758 4217; x_wconf 92' lang='lat' dir='ltr'><strong>non</strong></span> <span class='ocrx_word' id='word_1_528' title='bbox 1786 4153 1920 4218; x_wconf 72' lang='lat' dir='ltr'><strong>tuotant</strong></span> <span class='ocrx_word' id='word_1_529' title='bbox 1947 4156 2152 4222; x_wconf 86' lang='lat' dir='ltr'><strong>Sacrarnenti</strong></span> <span class='ocrx_word' id='word_1_530' title='bbox 2183 4179 2282 4222; x_wconf 87' lang='lat' dir='ltr'><strong>usum</strong></span> <span class='ocrx_word' id='word_1_531' title='bbox 2310 4175 2451 4244; x_wconf 79' lang='lat' dir='ltr'><strong>propter</strong></span> 
     </span>
     <span class='ocr_line' id='line_1_42' title="bbox 467 4207 2452 4332; baseline 0.003 -32"><span class='ocrx_word' id='word_1_532' title='bbox 467 4237 589 4301; x_wconf 88' lang='lat' dir='ltr'><strong>clesiae</strong></span> <span class='ocrx_word' id='word_1_533' title='bbox 619 4255 758 4319; x_wconf 86' lang='lat' dir='ltr'><strong>prorsus</strong></span> <span class='ocrx_word' id='word_1_534' title='bbox 780 4233 1055 4297; x_wconf 89' lang='lat' dir='ltr'><strong>obliviscerentur</strong></span> <span class='ocrx_word' id='word_1_535' title='bbox 1074 4231 1229 4314; x_wconf 87' lang='lat' dir='ltr'><strong>publicae</strong></span> <span class='ocrx_word' id='word_1_536' title='bbox 1249 4249 1432 4316; x_wconf 84' lang='lat' dir='ltr'><strong>cougrega-</strong></span> <span class='ocrx_word' id='word_1_537' title='bbox 1478 4236 1606 4314; x_wconf 86' lang='lat' dir='ltr'><strong>priores</strong></span> <span class='ocrx_word' id='word_1_538' title='bbox 1627 4232 1759 4317; x_wconf 83' lang='lat' dir='ltr'><strong>lapsus3</strong></span> <span class='ocrx_word' id='word_1_539' title='bbox 1782 4207 1854 4303; x_wconf 86' lang='lat' dir='ltr'><strong>Sed·</strong></span> <span class='ocrx_word' id='word_1_540' title='bbox 1870 4243 1977 4304; x_wconf 79' lang='lat' dir='ltr'><strong>sciant</strong></span> <span class='ocrx_word' id='word_1_541' title='bbox 1998 4243 2073 4306; x_wconf 90' lang='lat' dir='ltr'><strong>ideo</strong></span> <span class='ocrx_word' id='word_1_542' title='bbox 2096 4242 2159 4307; x_wconf 88' lang='lat' dir='ltr'><strong>hoc</strong></span> <span class='ocrx_word' id='word_1_543' title='bbox 2182 4257 2319 4306; x_wconf 86' lang='lat' dir='ltr'><strong>tantum</strong></span> <span class='ocrx_word' id='word_1_544' title='bbox 2336 4249 2452 4332; x_wconf 75' lang='lat' dir='ltr'><strong>pignus</strong></span> 
     </span>
     <span class='ocr_line' id='line_1_43' title="bbox 468 4317 2452 4410; baseline 0.005 -24"><span class='ocrx_word' id='word_1_545' title='bbox 468 4323 573 4398; x_wconf 89' lang='lat' dir='ltr'><strong>tionis,</strong></span> <span class='ocrx_word' id='word_1_546' title='bbox 596 4321 798 4382; x_wconf 83' lang='lat' dir='ltr'><strong>concionum</strong></span> <span class='ocrx_word' id='word_1_547' title='bbox 831 4328 864 4382; x_wconf 92' lang='lat' dir='ltr'><strong>et</strong></span> <span class='ocrx_word' id='word_1_548' title='bbox 891 4317 1105 4393; x_wconf 75' lang='lat' dir='ltr'><strong>sacramenti,</strong></span> <span class='ocrx_word' id='word_1_549' title='bbox 1136 4319 1223 4382; x_wconf 84' lang='lat' dir='ltr'><strong>sidat</strong></span> <span class='ocrx_word' id='word_1_550' title='bbox 1247 4318 1372 4382; x_wconf 78' lang='lat' dir='ltr'><strong>eecitiit</strong></span> <span class='ocrx_word' id='word_1_551' title='bbox 1386 4318 1433 4380; x_wconf 67' lang='lat' dir='ltr'><strong>:in</strong></span> <span class='ocrx_word' id='word_1_552' title='bbox 1477 4321 1680 4401; x_wconf 89' lang='lat' dir='ltr'><strong>propositum</strong></span> <span class='ocrx_word' id='word_1_553' title='bbox 1702 4340 1790 4398; x_wconf 87' lang='lat' dir='ltr'><strong>esse,</strong></span> <span class='ocrx_word' id='word_1_554' title='bbox 1812 4336 1848 4386; x_wconf 88' lang='lat' dir='ltr'><strong>ut</strong></span> <span class='ocrx_word' id='word_1_555' title='bbox 1869 4324 1952 4388; x_wconf 87' lang='lat' dir='ltr'><strong>fides</strong></span> <span class='ocrx_word' id='word_1_556' title='bbox 1974 4327 2017 4389; x_wconf 89' lang='lat' dir='ltr'><strong>de</strong></span> <span class='ocrx_word' id='word_1_557' title='bbox 2035 4331 2227 4392; x_wconf 88' lang='lat' dir='ltr'><strong>remissione</strong></span> <span class='ocrx_word' id='word_1_558' title='bbox 2236 4345 2452 4410; x_wconf 80' lang='lat' dir='ltr'><strong>pcccatorum</strong></span> 
     </span>
     <span class='ocr_line' id='line_1_44' title="bbox 465 4398 2454 4492; baseline 0.004 -20"><span class='ocrx_word' id='word_1_559' title='bbox 465 4427 582 4492; x_wconf 87' lang='lat' dir='ltr'><strong>magna</strong></span> <span class='ocrx_word' id='word_1_560' title='bbox 626 4415 696 4482; x_wconf 78' lang='lat' dir='ltr'><strong>arte</strong></span> <span class='ocrx_word' id='word_1_561' title='bbox 716 4405 808 4466; x_wconf 89' lang='lat' dir='ltr'><strong>orbis</strong></span> <span class='ocrx_word' id='word_1_562' title='bbox 828 4414 999 4476; x_wconf 89' lang='lat' dir='ltr'><strong>terrarum,</strong></span> <span class='ocrx_word' id='word_1_563' title='bbox 1026 4402 1082 4465; x_wconf 93' lang='lat' dir='ltr'><strong>ubi</strong></span> <span class='ocrx_word' id='word_1_564' title='bbox 1103 4398 1166 4464; x_wconf 91' lang='lat' dir='ltr'><strong>soli</strong></span> <span class='ocrx_word' id='word_1_565' title='bbox 1188 4399 1433 4467; x_wconf 80' lang='lat' dir='ltr'><strong>sacrificuli-le·</strong></span> <span class='ocrx_word' id='word_1_566' title='bbox 1477 4405 1678 4468; x_wconf 78' lang='lat' dir='ltr'><strong>accendetur</strong></span> <span class='ocrx_word' id='word_1_567' title='bbox 1707 4417 1739 4468; x_wconf 92' lang='lat' dir='ltr'><strong>et</strong></span> <span class='ocrx_word' id='word_1_568' title='bbox 1772 4405 2003 4488; x_wconf 81' lang='lat' dir='ltr'><strong>continuetur,</strong></span> <span class='ocrx_word' id='word_1_569' title='bbox 2046 4423 2085 4474; x_wconf 89' lang='lat' dir='ltr'><strong>et·</strong></span> <span class='ocrx_word' id='word_1_570' title='bbox 2111 4415 2204 4474; x_wconf 83' lang='lat' dir='ltr'><strong>mens</strong></span> <span class='ocrx_word' id='word_1_571' title='bbox 2237 4413 2454 4480; x_wconf 85' lang='lat' dir='ltr'><strong>reconciliata</strong></span> 
     </span>
     <span class='ocr_line' id='line_1_45' title="bbox 466 4427 2453 4578; baseline 0.005 -23"><span class='ocrx_word' id='word_1_572' title='bbox 466 4504 547 4578; x_wconf 79' lang='lat' dir='ltr'><strong>grmt</strong></span> <span class='ocrx_word' id='word_1_573' title='bbox 577 4427 711 4563; x_wconf 61' lang='lat' dir='ltr'><strong>illem</strong></span> <span class='ocrx_word' id='word_1_574' title='bbox 739 4485 879 4569; x_wconf 83' lang='lat' dir='ltr'><strong>populus</strong></span> <span class='ocrx_word' id='word_1_575' title='bbox 913 4488 1008 4550; x_wconf 87' lang='lat' dir='ltr'><strong>abest</strong></span> <span class='ocrx_word' id='word_1_576' title='bbox 1035 4495 1059 4548; x_wconf 87' lang='lat' dir='ltr'><strong>&#39;a</strong></span> <span class='ocrx_word' id='word_1_577' title='bbox 1086 4485 1229 4569; x_wconf 85' lang='lat' dir='ltr'><strong>templis,</strong></span> <span class='ocrx_word' id='word_1_578' title='bbox 1242 4505 1323 4550; x_wconf 80' lang='lat' dir='ltr'><strong>..nec</strong></span> <span class='ocrx_word' id='word_1_579' title='bbox 1343 4489 1434 4552; x_wconf 80' lang='lat' dir='ltr'><strong>cudit</strong></span> <span class='ocrx_word' id='word_1_580' title='bbox 1476 4486 1551 4552; x_wconf 90' lang='lat' dir='ltr'><strong>Deo</strong></span> <span class='ocrx_word' id='word_1_581' title='bbox 1574 4510 1687 4553; x_wconf 86' lang='lat' dir='ltr'><strong>rursus</strong></span> <span class='ocrx_word' id='word_1_582' title='bbox 1709 4510 1784 4556; x_wconf 90' lang='lat' dir='ltr'><strong>eum</strong></span> <span class='ocrx_word' id='word_1_583' title='bbox 1805 4493 2162 4559; x_wconf 81' lang='lat' dir='ltr'><strong>invocetetsertiatei</strong></span> <span class='ocrx_word' id='word_1_584' title='bbox 2178 4499 2453 4565; x_wconf 76' lang='lat' dir='ltr'><strong>bonaconsciea·</strong></span> 
     </span>
     <span class='ocr_line' id='line_1_46' title="bbox 466 4570 2452 4666; baseline 0.006 -28"><span class='ocrx_word' id='word_1_585' title='bbox 466 4577 656 4649; x_wconf 80' lang='lat' dir='ltr'><strong>conciones,</strong></span> <span class='ocrx_word' id='word_1_586' title='bbox 678 4593 743 4636; x_wconf 90' lang='lat' dir='ltr'><strong>nec</strong></span> <span class='ocrx_word' id='word_1_587' title='bbox 760 4570 911 4655; x_wconf 88' lang='lat' dir='ltr'><strong>intelligit</strong></span> <span class='ocrx_word' id='word_1_588' title='bbox 927 4589 1023 4634; x_wconf 89' lang='lat' dir='ltr'><strong>usum</strong></span> <span class='ocrx_word' id='word_1_589' title='bbox 1044 4571 1273 4636; x_wconf 72' lang='lat' dir='ltr'><strong>sacramus,-</strong></span> <span class='ocrx_word' id='word_1_590' title='bbox 1477 4574 1532 4636; x_wconf 85' lang='lat' dir='ltr'><strong>tia.</strong></span> <span class='ocrx_word' id='word_1_591' title='bbox 1545 4607 1549 4620; x_wconf 78' lang='lat'>=</span> <span class='ocrx_word' id='word_1_592' title='bbox 1564 4573 1693 4638; x_wconf 88' lang='lat' dir='ltr'><strong>Nitatur</strong></span> <span class='ocrx_word' id='word_1_593' title='bbox 1712 4595 1808 4638; x_wconf 78' lang='lat' dir='ltr'><strong>niens</strong></span> <span class='ocrx_word' id='word_1_594' title='bbox 1828 4596 1893 4639; x_wconf 90' lang='lat' dir='ltr'><strong>non</strong></span> <span class='ocrx_word' id='word_1_595' title='bbox 1915 4582 2049 4661; x_wconf 91' lang='lat' dir='ltr'><strong>propria</strong></span> <span class='ocrx_word' id='word_1_596' title='bbox 2070 4582 2226 4666; x_wconf 87' lang='lat' dir='ltr'><strong>dignitate</strong></span> <span class='ocrx_word' id='word_1_597' title='bbox 2243 4595 2275 4644; x_wconf 89' lang='lat' dir='ltr'><strong>et</strong></span> <span class='ocrx_word' id='word_1_598' title='bbox 2297 4589 2452 4665; x_wconf 85' lang='lat' dir='ltr'><strong>puritate,</strong></span> 
     </span>
     <span class='ocr_line' id='line_1_47' title="bbox 486 4654 2452 4750; baseline 0.009 -34"><span class='ocrx_word' id='word_1_599' title='bbox 486 4693 493 4716; x_wconf 58' lang='grc' dir='ltr'>ι</span> <span class='ocrx_word' id='word_1_600' title='bbox 548 4657 610 4720; x_wconf 79' lang='lat' dir='ltr'><strong>list</strong></span> <span class='ocrx_word' id='word_1_601' title='bbox 639 4658 963 4736; x_wconf 80' lang='lat' dir='ltr'><strong>autem.·mabdatum</strong></span> <span class='ocrx_word' id='word_1_602' title='bbox 985 4654 1066 4730; x_wconf 87' lang='lat' dir='ltr'><strong>Dei,</strong></span> <span class='ocrx_word' id='word_1_603' title='bbox 1094 4667 1131 4718; x_wconf 84' lang='lat' dir='ltr'><strong>at</strong></span> <span class='ocrx_word' id='word_1_604' title='bbox 1150 4656 1272 4740; x_wconf 86' lang='lat' dir='ltr'><strong>singuli</strong></span> <span class='ocrx_word' id='word_1_605' title='bbox 1291 4676 1354 4720; x_wconf 92' lang='lat' dir='ltr'><strong>suo</strong></span> <span class='ocrx_word' id='word_1_606' title='bbox 1376 4679 1433 4721; x_wconf 85' lang='lat' dir='ltr'><strong>ex·</strong></span> <span class='ocrx_word' id='word_1_607' title='bbox 1476 4655 1625 4722; x_wconf 82' lang='lat' dir='ltr'><strong>utFilius</strong></span> <span class='ocrx_word' id='word_1_608' title='bbox 1647 4662 1806 4744; x_wconf 88' lang='lat' dir='ltr'><strong>prodigus</strong></span> <span class='ocrx_word' id='word_1_609' title='bbox 1820 4662 1958 4726; x_wconf 80' lang='lat' dir='ltr'><strong>rediens</strong></span> <span class='ocrx_word' id='word_1_610' title='bbox 1980 4666 2022 4727; x_wconf 85' lang='lat' dir='ltr'><strong>ed</strong></span> <span class='ocrx_word' id='word_1_611' title='bbox 2043 4677 2170 4748; x_wconf 89' lang='lat' dir='ltr'><strong>patrem</strong></span> <span class='ocrx_word' id='word_1_612' title='bbox 2192 4687 2258 4730; x_wconf 91' lang='lat' dir='ltr'><strong>non</strong></span> <span class='ocrx_word' id='word_1_613' title='bbox 2281 4673 2452 4750; x_wconf 83' lang='lat' dir='ltr'><strong>praedicat</strong></span> 
     </span>
     <span class='ocr_line' id='line_1_48' title="bbox 465 4738 2452 4832; baseline 0.007 -26"><span class='ocrx_word' id='word_1_614' title='bbox 465 4739 573 4825; x_wconf 91' lang='lat' dir='ltr'><strong>emplo</strong></span> <span class='ocrx_word' id='word_1_615' title='bbox 589 4743 734 4805; x_wconf 84' lang='lat' dir='ltr'><strong>&#39;inritent</strong></span> <span class='ocrx_word' id='word_1_616' title='bbox 751 4738 835 4805; x_wconf 87' lang='lat' dir='ltr'><strong>alios</strong></span> <span class='ocrx_word' id='word_1_617' title='bbox 858 4741 901 4804; x_wconf 91' lang='lat' dir='ltr'><strong>ad</strong></span> <span class='ocrx_word' id='word_1_618' title='bbox 921 4739 1008 4802; x_wconf 83' lang='lat' dir='ltr'><strong>harre</strong></span> <span class='ocrx_word' id='word_1_619' title='bbox 1029 4739 1193 4823; x_wconf 92' lang='lat' dir='ltr'><strong>publicam</strong></span> <span class='ocrx_word' id='word_1_620' title='bbox 1203 4763 1310 4828; x_wconf 88' lang='lat' dir='ltr'><strong>congr</strong></span> <span class='ocrx_word' id='word_1_621' title='bbox 1353 4744 1433 4806; x_wconf 87' lang='lat' dir='ltr'><strong>atio·</strong></span> <span class='ocrx_word' id='word_1_622' title='bbox 1477 4763 1540 4806; x_wconf 88' lang='lat' dir='ltr'><strong>sua</strong></span> <span class='ocrx_word' id='word_1_623' title='bbox 1562 4741 1673 4806; x_wconf 84' lang='lat' dir='ltr'><strong>cilicia</strong></span> <span class='ocrx_word' id='word_1_624' title='bbox 1694 4757 1728 4808; x_wconf 90' lang='lat' dir='ltr'><strong>et</strong></span> <span class='ocrx_word' id='word_1_625' title='bbox 1750 4747 1873 4821; x_wconf 84' lang='lat' dir='ltr'><strong>merita,</strong></span> <span class='ocrx_word' id='word_1_626' title='bbox 1906 4750 1966 4812; x_wconf 87' lang='lat' dir='ltr'><strong>sed</strong></span> <span class='ocrx_word' id='word_1_627' title='bbox 1988 4752 2155 4832; x_wconf 86' lang='lat' dir='ltr'><strong>agnoscit,</strong></span> <span class='ocrx_word' id='word_1_628' title='bbox 2178 4765 2317 4816; x_wconf 76' lang='lat' dir='ltr'><strong>accustn</strong></span> <span class='ocrx_word' id='word_1_629' title='bbox 2343 4767 2380 4819; x_wconf 88' lang='lat' dir='ltr'><strong>et</strong></span> <span class='ocrx_word' id='word_1_630' title='bbox 2401 4755 2452 4820; x_wconf 83' lang='lat' dir='ltr'><strong>de·</strong></span> 
     </span>
     <span class='ocr_line' id='line_1_49' title="bbox 465 4824 2451 4926; baseline 0.007 -36"><span class='ocrx_word' id='word_1_631' title='bbox 465 4847 549 4904; x_wconf 71' lang='lat' dir='ltr'><strong>neum</strong></span> <span class='ocrx_word' id='word_1_632' title='bbox 570 4837 610 4890; x_wconf 90' lang='lat' dir='ltr'><strong>ut</strong></span> <span class='ocrx_word' id='word_1_633' title='bbox 627 4827 726 4889; x_wconf 88' lang='lat' dir='ltr'><strong>docet</strong></span> <span class='ocrx_word' id='word_1_634' title='bbox 745 4837 953 4909; x_wconf 88' lang='lat' dir='ltr'><strong>pracceptum</strong></span> <span class='ocrx_word' id='word_1_635' title='bbox 975 4825 1018 4887; x_wconf 87' lang='lat' dir='ltr'><strong>de</strong></span> <span class='ocrx_word' id='word_1_636' title='bbox 1039 4824 1205 4900; x_wconf 83' lang='lat' dir='ltr'><strong>Sabbata,</strong></span> <span class='ocrx_word' id='word_1_637' title='bbox 1240 4828 1315 4906; x_wconf 60' lang='lat' dir='ltr'><strong>fluia</strong></span> <span class='ocrx_word' id='word_1_638' title='bbox 1371 4847 1431 4910; x_wconf 72' lang='lat' dir='ltr'><strong>eus</strong></span> <span class='ocrx_word' id='word_1_639' title='bbox 1476 4825 1585 4908; x_wconf 87' lang='lat' dir='ltr'><strong>plorat</strong></span> <span class='ocrx_word' id='word_1_640' title='bbox 1601 4849 1696 4892; x_wconf 87' lang='lat' dir='ltr'><strong>suam</strong></span> <span class='ocrx_word' id='word_1_641' title='bbox 1717 4826 1866 4911; x_wconf 87' lang='lat' dir='ltr'><strong>eulpam:</strong></span> <span class='ocrx_word' id='word_1_642' title='bbox 1896 4833 2023 4897; x_wconf 81' lang='lat' dir='ltr'><strong>lta-nos</strong></span> <span class='ocrx_word' id='word_1_643' title='bbox 2045 4847 2178 4898; x_wconf 89' lang='lat' dir='ltr'><strong>nostras</strong></span> <span class='ocrx_word' id='word_1_644' title='bbox 2200 4839 2322 4902; x_wconf 85' lang='lat' dir='ltr'><strong>sordes</strong></span> <span class='ocrx_word' id='word_1_645' title='bbox 2348 4861 2451 4926; x_wconf 84' lang='lat' dir='ltr'><strong>agno·</strong></span> 
     </span>
     <span class='ocr_line' id='line_1_50' title="bbox 465 4906 2452 5006; baseline 0.008 -32"><span class='ocrx_word' id='word_1_646' title='bbox 465 4909 537 4974; x_wconf 76' lang='lat' dir='ltr'><strong>mrlt</strong></span> <span class='ocrx_word' id='word_1_647' title='bbox 557 4911 767 4973; x_wconf 88' lang='lat' dir='ltr'><strong>ministerium</strong></span> <span class='ocrx_word' id='word_1_648' title='bbox 789 4931 866 4974; x_wconf 85' lang='lat' dir='ltr'><strong>esse</strong></span> <span class='ocrx_word' id='word_1_649' title='bbox 887 4906 1065 4993; x_wconf 88' lang='lat' dir='ltr'><strong>publicum,</strong></span> <span class='ocrx_word' id='word_1_650' title='bbox 1087 4909 1157 4974; x_wconf 86' lang='lat' dir='ltr'><strong>rult</strong></span> <span class='ocrx_word' id='word_1_651' title='bbox 1166 4909 1300 4993; x_wconf 87' lang='lat' dir='ltr'><strong>publice</strong></span> <span class='ocrx_word' id='word_1_652' title='bbox 1310 4931 1431 4976; x_wconf 87' lang='lat' dir='ltr'><strong>sonare</strong></span> <span class='ocrx_word' id='word_1_653' title='bbox 1476 4930 1608 4976; x_wconf 83' lang='lat' dir='ltr'><strong>scarnus</strong></span> <span class='ocrx_word' id='word_1_654' title='bbox 1642 4924 1674 4974; x_wconf 92' lang='lat' dir='ltr'><strong>et</strong></span> <span class='ocrx_word' id='word_1_655' title='bbox 1708 4919 1916 4994; x_wconf 83' lang='lat' dir='ltr'><strong>accusemus,</strong></span> <span class='ocrx_word' id='word_1_656' title='bbox 1944 4929 1978 4982; x_wconf 89' lang='lat' dir='ltr'><strong>et</strong></span> <span class='ocrx_word' id='word_1_657' title='bbox 2006 4918 2234 5006; x_wconf 89' lang='lat' dir='ltr'><strong>confugiamus</strong></span> <span class='ocrx_word' id='word_1_658' title='bbox 2256 4925 2300 4986; x_wconf 92' lang='lat' dir='ltr'><strong>ad</strong></span> <span class='ocrx_word' id='word_1_659' title='bbox 2322 4927 2452 4989; x_wconf 90' lang='lat' dir='ltr'><strong>miseri·</strong></span> 
     </span>
     <span class='ocr_line' id='line_1_51' title="bbox 465 4991 2452 5085; baseline 0.008 -27"><span class='ocrx_word' id='word_1_660' title='bbox 465 5015 581 5060; x_wconf 84' lang='lat' dir='ltr'><strong>rooem</strong></span> <span class='ocrx_word' id='word_1_661' title='bbox 600 4991 782 5077; x_wconf 87' lang='lat' dir='ltr'><strong>Evangelii,</strong></span> <span class='ocrx_word' id='word_1_662' title='bbox 814 4994 884 5058; x_wconf 84' lang='lat' dir='ltr'><strong>vult</strong></span> <span class='ocrx_word' id='word_1_663' title='bbox 910 5013 1026 5056; x_wconf 81' lang='lat' dir='ltr'><strong>orrares</strong></span> <span class='ocrx_word' id='word_1_664' title='bbox 1056 4993 1144 5057; x_wconf 89' lang='lat' dir='ltr'><strong>hanc</strong></span> <span class='ocrx_word' id='word_1_665' title='bbox 1174 4996 1287 5060; x_wconf 81' lang='lat' dir='ltr'><strong>audire</strong></span> <span class='ocrx_word' id='word_1_666' title='bbox 1319 5008 1352 5059; x_wconf 91' lang='lat' dir='ltr'><strong>et</strong></span> <span class='ocrx_word' id='word_1_667' title='bbox 1384 4997 1431 5060; x_wconf 91' lang='lat' dir='ltr'><strong>dl·</strong></span> <span class='ocrx_word' id='word_1_668' title='bbox 1476 4997 1619 5060; x_wconf 90' lang='lat' dir='ltr'><strong>cordiam</strong></span> <span class='ocrx_word' id='word_1_669' title='bbox 1641 5010 1776 5079; x_wconf 90' lang='lat' dir='ltr'><strong>propter</strong></span> <span class='ocrx_word' id='word_1_670' title='bbox 1797 4998 1962 5067; x_wconf 75' lang='lat' dir='ltr'><strong>Christum</strong></span> <span class='ocrx_word' id='word_1_671' title='bbox 1994 5008 2205 5085; x_wconf 88' lang='lat' dir='ltr'><strong>promissam,</strong></span> <span class='ocrx_word' id='word_1_672' title='bbox 2234 5010 2331 5072; x_wconf 88' lang='lat' dir='ltr'><strong>euius</strong></span> <span class='ocrx_word' id='word_1_673' title='bbox 2356 5013 2452 5074; x_wconf 89' lang='lat' dir='ltr'><strong>mise·</strong></span> 
     </span>
     <span class='ocr_line' id='line_1_52' title="bbox 464 5077 2452 5176; baseline 0.01 -36"><span class='ocrx_word' id='word_1_674' title='bbox 464 5101 571 5144; x_wconf 87' lang='lat' dir='ltr'><strong>scere.</strong></span> <span class='ocrx_word' id='word_1_675' title='bbox 626 5077 779 5141; x_wconf 88' lang='lat' dir='ltr'><strong>Promisit</strong></span> <span class='ocrx_word' id='word_1_676' title='bbox 811 5082 909 5142; x_wconf 88' lang='lat' dir='ltr'><strong>etiam</strong></span> <span class='ocrx_word' id='word_1_677' title='bbox 941 5099 980 5142; x_wconf 90' lang='lat' dir='ltr'><strong>se</strong></span> <span class='ocrx_word' id='word_1_678' title='bbox 1006 5077 1235 5144; x_wconf 83' lang='lat' dir='ltr'><strong>interfuturum</strong></span> <span class='ocrx_word' id='word_1_679' title='bbox 1267 5078 1319 5145; x_wconf 89' lang='lat' dir='ltr'><strong>his</strong></span> <span class='ocrx_word' id='word_1_680' title='bbox 1345 5101 1430 5145; x_wconf 88' lang='lat' dir='ltr'><strong>-con-</strong></span> <span class='ocrx_word' id='word_1_681' title='bbox 1474 5082 1635 5143; x_wconf 87' lang='lat' dir='ltr'><strong>ricordiae</strong></span> <span class='ocrx_word' id='word_1_682' title='bbox 1656 5083 1776 5167; x_wconf 85' lang='lat' dir='ltr'><strong>pignus·</strong></span> <span class='ocrx_word' id='word_1_683' title='bbox 1799 5097 1851 5148; x_wconf 90' lang='lat' dir='ltr'><strong>est</strong></span> <span class='ocrx_word' id='word_1_684' title='bbox 1872 5087 1954 5151; x_wconf 90' lang='lat' dir='ltr'><strong>haec</strong></span> <span class='ocrx_word' id='word_1_685' title='bbox 1976 5091 2047 5172; x_wconf 90' lang='lat' dir='ltr'><strong>ipsa</strong></span> <span class='ocrx_word' id='word_1_686' title='bbox 2070 5089 2194 5167; x_wconf 90' lang='lat' dir='ltr'><strong>Coena,</strong></span> <span class='ocrx_word' id='word_1_687' title='bbox 2218 5092 2249 5153; x_wconf 94' lang='lat' dir='ltr'><strong>in</strong></span> <span class='ocrx_word' id='word_1_688' title='bbox 2273 5111 2342 5176; x_wconf 87' lang='lat' dir='ltr'><strong>qua</strong></span> <span class='ocrx_word' id='word_1_689' title='bbox 2357 5094 2452 5158; x_wconf 90' lang='lat' dir='ltr'><strong>Chri·</strong></span> 
     </span>
     <span class='ocr_line' id='line_1_53' title="bbox 465 5159 2453 5260; baseline 0.01 -33"><span class='ocrx_word' id='word_1_690' title='bbox 465 5165 634 5249; x_wconf 87' lang='lat' dir='ltr'><strong>gressibus</strong></span> <span class='ocrx_word' id='word_1_691' title='bbox 667 5172 701 5224; x_wconf 91' lang='lat' dir='ltr'><strong>et</strong></span> <span class='ocrx_word' id='word_1_692' title='bbox 731 5181 850 5244; x_wconf 89' lang='lat' dir='ltr'><strong>preces</strong></span> <span class='ocrx_word' id='word_1_693' title='bbox 883 5163 1127 5240; x_wconf 82' lang='lat' dir='ltr'><strong>exauditurum,</strong></span> <span class='ocrx_word' id='word_1_694' title='bbox 1159 5177 1195 5227; x_wconf 92' lang='lat' dir='ltr'><strong>ut</strong></span> <span class='ocrx_word' id='word_1_695' title='bbox 1227 5159 1344 5230; x_wconf 74' lang='lat' dir='ltr'><strong>hietas</strong></span> <span class='ocrx_word' id='word_1_696' title='bbox 1379 5165 1428 5229; x_wconf 83' lang='lat' dir='ltr'><strong>le.</strong></span> <span class='ocrx_word' id='word_1_697' title='bbox 1475 5176 1545 5228; x_wconf 89' lang='lat' dir='ltr'><strong>stus</strong></span> <span class='ocrx_word' id='word_1_698' title='bbox 1567 5185 1629 5228; x_wconf 90' lang='lat' dir='ltr'><strong>nos</strong></span> <span class='ocrx_word' id='word_1_699' title='bbox 1652 5168 1715 5230; x_wconf 86' lang='lat' dir='ltr'><strong>sibi</strong></span> <span class='ocrx_word' id='word_1_700' title='bbox 1737 5181 1890 5255; x_wconf 86' lang='lat' dir='ltr'><strong>tanquam</strong></span> <span class='ocrx_word' id='word_1_701' title='bbox 1910 5176 2056 5238; x_wconf 89' lang='lat' dir='ltr'><strong>membra</strong></span> <span class='ocrx_word' id='word_1_702' title='bbox 2079 5176 2228 5260; x_wconf 88' lang='lat' dir='ltr'><strong>adiungit</strong></span> <span class='ocrx_word' id='word_1_703' title='bbox 2250 5188 2284 5238; x_wconf 87' lang='lat' dir='ltr'><strong>et</strong></span> <span class='ocrx_word' id='word_1_704' title='bbox 2306 5190 2453 5246; x_wconf 87' lang='lat' dir='ltr'><strong>testatur</strong></span> 
     </span>
     <span class='ocr_line' id='line_1_54' title="bbox 466 5245 2453 5347; baseline 0.01 -36"><span class='ocrx_word' id='word_1_705' title='bbox 466 5256 527 5324; x_wconf 78' lang='lat' dir='ltr'><strong>trs.</strong></span> <span class='ocrx_word' id='word_1_706' title='bbox 548 5248 615 5324; x_wconf 66' lang='lat' dir='ltr'><strong>lib}</strong></span> <span class='ocrx_word' id='word_1_707' title='bbox 638 5245 729 5308; x_wconf 89' lang='lat' dir='ltr'><strong>clare</strong></span> <span class='ocrx_word' id='word_1_708' title='bbox 749 5246 881 5309; x_wconf 77' lang='lat' dir='ltr'><strong>dicitur:</strong></span> <span class='ocrx_word' id='word_1_709' title='bbox 913 5247 977 5310; x_wconf 89' lang='lat' dir='ltr'><strong>Ubi</strong></span> <span class='ocrx_word' id='word_1_710' title='bbox 998 5261 1076 5311; x_wconf 89' lang='lat' dir='ltr'><strong>sunt</strong></span> <span class='ocrx_word' id='word_1_711' title='bbox 1097 5249 1162 5313; x_wconf 90' lang='lat' dir='ltr'><strong>duo</strong></span> <span class='ocrx_word' id='word_1_712' title='bbox 1184 5261 1240 5313; x_wconf 90' lang='lat' dir='ltr'><strong>out</strong></span> <span class='ocrx_word' id='word_1_713' title='bbox 1260 5263 1330 5314; x_wconf 80' lang='lat' dir='ltr'><strong>tres</strong></span> <span class='ocrx_word' id='word_1_714' title='bbox 1352 5271 1432 5314; x_wconf 62' lang='lat' dir='ltr'><strong>cun*</strong></span> <span class='ocrx_word' id='word_1_715' title='bbox 1469 5249 1589 5314; x_wconf 87' lang='lat' dir='ltr'><strong>&#39;donari</strong></span> <span class='ocrx_word' id='word_1_716' title='bbox 1619 5254 1718 5316; x_wconf 86' lang='lat' dir='ltr'><strong>uobis</strong></span> <span class='ocrx_word' id='word_1_717' title='bbox 1749 5257 1976 5322; x_wconf 76' lang='lat' dir='ltr'><strong>remissionem</strong></span> <span class='ocrx_word' id='word_1_718' title='bbox 1996 5271 2205 5342; x_wconf 85' lang='lat' dir='ltr'><strong>peccatorem</strong></span> <span class='ocrx_word' id='word_1_719' title='bbox 2229 5266 2349 5347; x_wconf 84' lang='lat' dir='ltr'><strong>gratis,</strong></span> <span class='ocrx_word' id='word_1_720' title='bbox 2386 5265 2453 5332; x_wconf 90' lang='lat' dir='ltr'><strong>hoc</strong></span> 
     </span>
     <span class='ocr_line' id='line_1_55' title="bbox 464 5333 1430 5416; baseline 0.002 -20"><span class='ocrx_word' id='word_1_721' title='bbox 464 5335 591 5416; x_wconf 87' lang='lat' dir='ltr'><strong>gregati</strong></span> <span class='ocrx_word' id='word_1_722' title='bbox 612 5334 646 5394; x_wconf 91' lang='lat' dir='ltr'><strong>in</strong></span> <span class='ocrx_word' id='word_1_723' title='bbox 663 5333 795 5394; x_wconf 87' lang='lat' dir='ltr'><strong>nomino</strong></span> <span class='ocrx_word' id='word_1_724' title='bbox 817 5351 900 5406; x_wconf 90' lang='lat' dir='ltr'><strong>meo,</strong></span> <span class='ocrx_word' id='word_1_725' title='bbox 932 5333 966 5394; x_wconf 92' lang='lat' dir='ltr'><strong>in</strong></span> <span class='ocrx_word' id='word_1_726' title='bbox 986 5336 1093 5396; x_wconf 86' lang='lat' dir='ltr'><strong>medio</strong></span> <span class='ocrx_word' id='word_1_727' title='bbox 1116 5355 1227 5397; x_wconf 89' lang='lat' dir='ltr'><strong>eorum</strong></span> <span class='ocrx_word' id='word_1_728' title='bbox 1249 5355 1352 5398; x_wconf 91' lang='lat' dir='ltr'><strong>smn.-·</strong></span> <span class='ocrx_word' id='word_1_729' title='bbox 1376 5333 1430 5399; x_wconf 86' lang='lat' dir='ltr'><strong>De</strong></span> 
     </span>
     <span class='ocr_line' id='line_1_56' title="bbox 464 5416 1676 5499; baseline 0.003 -22"><span class='ocrx_word' id='word_1_730' title='bbox 464 5436 657 5499; x_wconf 86' lang='lat' dir='ltr'><strong>quocunque</strong></span> <span class='ocrx_word' id='word_1_731' title='bbox 690 5435 725 5477; x_wconf 92' lang='lat' dir='ltr'><strong>re</strong></span> <span class='ocrx_word' id='word_1_732' title='bbox 759 5416 823 5478; x_wconf 91' lang='lat' dir='ltr'><strong>duo</strong></span> <span class='ocrx_word' id='word_1_733' title='bbox 846 5419 1074 5480; x_wconf 83' lang='lat' dir='ltr'><strong>consenseriut</strong></span> <span class='ocrx_word' id='word_1_734' title='bbox 1096 5433 1159 5480; x_wconf 88' lang='lat' dir='ltr'><strong>etc.</strong></span> <span class='ocrx_word' id='word_1_735' title='bbox 1183 5418 1238 5480; x_wconf 86' lang='lat' dir='ltr'><strong>fret</strong></span> <span class='ocrx_word' id='word_1_736' title='bbox 1260 5420 1307 5481; x_wconf 89' lang='lat' dir='ltr'><strong>eis</strong></span> <span class='ocrx_word' id='word_1_737' title='bbox 1325 5440 1346 5481; x_wconf 92' lang='lat' dir='ltr'><strong>a</strong></span> <span class='ocrx_word' id='word_1_738' title='bbox 1367 5419 1430 5481; x_wconf 89' lang='lat' dir='ltr'><strong>Pa·</strong></span> <span class='ocrx_word' id='word_1_739' title='bbox 1478 5440 1676 5453; x_wconf 83' lang='grc'>--·-·-</span> 
     </span>
     <span class='ocr_line' id='line_1_57' title="bbox 463 5497 2007 5585; baseline 0.004 -24"><span class='ocrx_word' id='word_1_740' title='bbox 463 5509 512 5562; x_wconf 92' lang='lat' dir='ltr'><strong>tre</strong></span> <span class='ocrx_word' id='word_1_741' title='bbox 533 5522 604 5563; x_wconf 77' lang='lat' dir='ltr'><strong>uteo</strong></span> <span class='ocrx_word' id='word_1_742' title='bbox 629 5497 773 5562; x_wconf 75' lang='lat' dir='ltr'><strong>coelesti,</strong></span> <span class='ocrx_word' id='word_1_743' title='bbox 817 5499 887 5561; x_wconf 86' lang='lat' dir='ltr'><strong>lluc</strong></span> <span class='ocrx_word' id='word_1_744' title='bbox 909 5497 1097 5564; x_wconf 90' lang='lat' dir='ltr'><strong>dulcissima</strong></span> <span class='ocrx_word' id='word_1_745' title='bbox 1112 5505 1331 5585; x_wconf 87' lang='lat' dir='ltr'><strong>promissione</strong></span> <span class='ocrx_word' id='word_1_746' title='bbox 1342 5525 1429 5568; x_wconf 92' lang='lat' dir='ltr'><strong>com·</strong></span> <span class='ocrx_word' id='word_1_747' title='bbox 1474 5521 1521 5580; x_wconf 82' lang='grc'><strong>33)</strong></span> <span class='ocrx_word' id='word_1_748' title='bbox 1538 5523 1619 5584; x_wconf 69' lang='lat' dir='ltr'><strong>notre</strong></span> <span class='ocrx_word' id='word_1_749' title='bbox 1636 5527 1770 5580; x_wconf 65' lang='lat' dir='ltr'><strong>onum</strong></span> <span class='ocrx_word' id='word_1_750' title='bbox 1786 5529 1859 5580; x_wconf 78' lang='lat' dir='ltr'><strong>suta.</strong></span> <span class='ocrx_word' id='word_1_751' title='bbox 1877 5531 1901 5577; x_wconf 69' lang='lat'><strong>⁶,</strong></span> <span class='ocrx_word' id='word_1_752' title='bbox 1922 5531 1946 5576; x_wconf 81' lang='lat' dir='ltr'><strong>t.</strong></span> <span class='ocrx_word' id='word_1_753' title='bbox 1969 5532 2007 5577; x_wconf 86' lang='lat' dir='ltr'><strong>ta.</strong></span> 
     </span>
    </p>
   </div>
   <div class='ocr_carea' id='block_1_3' title="bbox 0 0 2934 6727">
    <p class='ocr_par' dir='ltr' id='par_1_3' title="bbox 0 0 2934 6727">
     <span class='ocr_line' id='line_1_58' title="bbox 0 0 2934 6727; baseline 0 0"><span class='ocrx_word' id='word_1_754' title='bbox 0 0 2934 6727; x_wconf 95' lang='lat' dir='ltr'><strong> </strong></span> 
     </span>
    </p>
   </div>
  </div>
 </body>
</html>
