5859 6734
542 751 606 816 3⁷5
1163 747 1273 814 PlllL.
1296 748 1399 813 MEL.
1420 745 1606 813 SCRIPTA
1622 745 1895 812 DOGMATlCA.
2465 755 2534 820 3⁷6

540 942 689 1008 mortem,
712 953 796 1016 quae
819 947 870 998 est
891 935 1138 1018 propriissimus
1160 932 1296 996 effectus
1317 932 1411 995 istius
1434 951 1507 995 cor·
1553 945 1603 995 ret
1629 951 1709 1010 nos,
1729 942 1778 996 iau
1805 934 1936 1015 pmriat,
1962 952 2006 993 an
2034 930 2113 994 velit
2142 934 2334 1018 ignoscere,
2361 939 2530 1003 exaudire.

541 1015 718 1097 ruptionis,
744 1037 804 1099 per
831 1037 909 1081 sese
935 1029 1042 1102 potest
1071 1038 1112 1080 ex
1139 1027 1256 1080 natura
1277 1013 1404 1079 tollere.
1447 1015 1510 1079 Est
1553 1016 1594 1079 Et
1627 1014 1711 1078 haec
1739 1017 1896 1080 dubitatio
1930 1012 2047 1092 efficit,
2079 1035 2121 1079 ne
2153 1037 2232 1081 vere
2265 1019 2398 1084 timeant
2430 1025 2532 1088 animi

540 1107 647 1161 autem
679 1101 713 1162 in
745 1112 861 1164 natura
887 1099 1028 1165 humana
1057 1103 1199 1164 caecitas
1228 1111 1336 1176 tanta,
1357 1111 1394 1163 nt
1421 1098 1509 1164 hanc
1552 1098 1659 1165 Deum
1682 1111 1745 1164 etc.

540 1180 549 1199 ‘
666 1186 905 1266 corruptionem
927 1206 993 1248 non
1015 1185 1096 1250 satis
1117 1185 1309 1268 perspicere
1329 1185 1508 1265 possimus.
1639 1182 1794 1248 loharmis
1826 1183 1858 1246 3.
1889 1190 1953 1259 Ινε.
1985 1182 2016 1245 3.
2025 1189 2049 1260 ι]
2079 1184 2151 1248 Nisi
2179 1187 2251 1269 quis
2275 1202 2408 1252 renatus
2430 1187 2532 1256 fuerit

575 1281 616 1326 eo
638 1285 704 1328 non
726 1268 887 1345 videmus,
909 1280 1029 1353 quanta
1048 1270 1090 1331 sit
1105 1269 1275 1332 iufirmitas
1291 1267 1508 1332 humanarum
1555 1289 1598 1330 ex
1620 1288 1707 1351 aqua
1737 1279 1768 1330 ct
1790 1268 1930 1349 Spiritu,
1958 1287 2026 1330 non
2047 1281 2157 1350 potest
2177 1272 2298 1333 intrare
2320 1274 2352 1336 in
2373 1272 2529 1359 Regnum

538 1345 674 1422 virium3
708 1353 851 1434 quamsi
873 1371 953 1415 vere
976 1371 1196 1429 cerneremus,
1220 1364 1286 1416 tum
1307 1353 1439 1416 demum
1460 1355 1508 1414 in·
1553 1351 1626 1415 Dei.
1671 1349 1807 1414 lohann.
1829 1351 1861 1414 6.
1882 1357 1947 1429 [νε.
1969 1352 2054 1429 laia]
2080 1352 2188 1417 Nemo
2221 1367 2329 1436 potest
2346 1361 2461 1424 venire
2484 1361 2530 1423 ad

536 1425 775 1514 affligeremus,
807 1433 957 1498 homines
989 1456 1055 1499 non
1089 1456 1191 1520 posse
1221 1433 1287 1519 legi
1315 1434 1380 1498 Dei
1412 1438 1508 1499 satis-
1554 1455 1617 1513 me,
1638 1436 1701 1498 nisi
1745 1456 1820 1500 uem
1841 1435 1941 1497 Pater
1961 1438 2113 1509 traxerit3
2136 1449 2170 1500 et
2188 1452 2282 1502 erunt
2300 1460 2414 1506 omnes
2436 1444 2529 1508 docti

535 1506 646 1578 fucere
1189 1581 1192 1586 ,
1554 1540 1575 1582 a
1595 1520 1678 1581 Deo.
1723 1457 1802 1583 ltem
1825 1519 1908 1598 [loh.
1934 1517 1989 1597 13,
2011 1519 2074 1599 5.]:
2116 1520 2194 1586 Sine
2214 1544 2267 1586 me
2285 1524 2365 1590 nihil
2386 1529 2527 1610 potestis

621 1594 798 1663 Sciendum
831 1613 881 1664 est
914 1604 1013 1667 iitnr
1046 1604 1087 1666 de
1116 1603 1223 1667 libero
1256 1605 1409 1667 arbitrio:
1440 1623 1507 1667 non
1554 1601 1677 1668 iacere.
1715 1602 1807 1668 Haec
1827 1605 2013 1667 testimonia
2035 1606 2116 1668 satis
2137 1605 2237 1690 plane
2259 1609 2389 1687 docent,
2412 1609 2527 1677 volun·

533 1697 636 1761 posse
659 1679 809 1746 homines
831 1681 898 1769 legi
920 1624 984 1749 ssei
1006 1683 1211 1752 satisfficere.
1254 1687 1340 1750 Nam
1360 1687 1433 1750 Lex
1460 1688 1507 1751 di·
1553 1699 1653 1751 tatem
1686 1689 1861 1751 humanam
1896 1690 1969 1751 sine
1997 1687 2120 1770 Spiritu
2147 1704 2265 1756 sancto
2293 1716 2360 1757 non
2389 1697 2527 1760 obedire

533 1763 610 1825 vina
629 1766 766 1848 requirit
786 1787 853 1832 non
873 1780 999 1835 tantum
1022 1782 1158 1835 externa
1179 1769 1277 1848 facta,
1299 1772 1359 1834 sed
1376 1773 1507 1835 interio·
1551 1770 1638 1847 Deo,
1659 1771 1726 1838 hoc
1747 1783 1809 1850 est,
1831 1793 1897 1835 non
1917 1771 2042 1836 habere
2063 1773 2250 1857 spirituales
2271 1791 2390 1858 motus,
2412 1801 2528 1845 veram

532 1863 602 1919 itm
622 1850 831 1930 mundiciam,
853 1855 1013 1932 timorem,
1035 1854 1199 1933 fiduciam,
1217 1851 1425 1920 dilectionem
1442 1855 1506 1920 Dei
1552 1858 1698 1920 notitiam
1718 1855 1794 1932 Dei,
1816 1876 1929 1920 verum
1950 1858 2111 1934 timorem,
2132 1880 2245 1923 veram
2267 1860 2429 1927 fiduciam.
2459 1863 2527 1930 Lo-

518 1953 703 2022 ἐιιιιιιιιιιιῐι,
726 1941 867 2026 denique
890 1937 1067 2024 perfectam
1090 1941 1319 2017 obedientiam,
1342 1952 1375 2004 et
1395 1939 1506 2022 prohi—
1573 1941 1679 2003 uimur
1705 1942 1791 2004 eninr
1819 1939 1872 2004 bic
1900 1943 2077 2024 praecipue
2100 1943 2141 2006 de
2163 1945 2262 2008 animi
2277 1948 2435 2024 motibus,
2456 1969 2528 2014 nou

534 2036 587 2098 bet
614 2049 729 2096 ornnes
753 2027 894 2090 vitiosos
915 2023 1066 2089 affectus.
1112 2021 1249 2088 Constat
1270 2035 1378 2088 autem
1402 2024 1506 2088 homi·
1551 1963 1594 2087 ge
1627 2027 1770 2088 extemis
1803 2021 1910 2088 lactis
1964 2025 2079 2108 Neque
2108 2047 2187 2090 vero
2221 2049 2305 2109 opus
2339 2043 2391 2093 est
2421 2030 2528 2116 longa

532 2135 593 2182 nes
620 2112 708 2177 hanc
732 2107 911 2195 perfectam
941 2108 1160 2173 obedientiam
1189 2109 1223 2172 in
1254 2106 1319 2171 hac
1349 2120 1506 2190 corrupta
1551 2109 1789 2191 disputatioue3
1813 2106 1964 2174 consulat
1981 2113 2480 2194 unusquisqueanimnrnsuum‚
2493 2129 2528 2182 et

534 2209 649 2264 natura
669 2216 737 2259 non
753 2205 934 2278 praestare.
977 2190 1030 2255 De
1057 2191 1123 2255 bac
1150 2194 1358 2275 corruptione
1378 2194 1505 2276 praeci·
1551 2213 1664 2268 secum
1685 2191 1845 2257 deliberet
1866 2205 1898 2256 et
1919 2204 2071 2276 quaerat:
2100 2214 2144 2257 arr
2165 2215 2232 2259 non
2253 2197 2409 2261 mirificae
2432 2200 2527 2263 dubiss

534 2303 599 2367 pue
618 2279 793 2365 loquimur,
813 2299 880 2342 non
902 2279 943 2340 de
964 2278 1107 2341 extends
1129 2273 1238 2352 factis,
1256 2297 1330 2342 cunr
1351 2288 1505 2342 extenua-
1550 2279 1690 2341 tationes
1713 2278 1755 2341 de
1776 2275 1850 2340 Deo
1873 2288 2048 2341 exerceant
2068 2279 2228 2355 animum,
2255 2301 2298 2344 an
2320 2302 2386 2345 non
2409 2281 2526 2347 confli-

533 2386 607 2430 mus
623 2362 803 2428 libertatem
826 2360 1013 2426 voluntatis.
1048 2357 1184 2424 hiultnm
1202 2361 1288 2423 enim
1309 2359 1420 2442 refert,
1437 2382 1505 2426 non
1550 2371 1655 2425 otetur
1677 2363 1759 2425 mira
1779 2358 1970 2437 diffidentia,
1993 2381 2036 2424 an
2059 2381 2138 2425 vere
2159 2365 2279 2442 timeat,
2300 2376 2387 2428 amet
2402 2363 2525 2445 Deum,

534 2450 701 2514 extenuari
727 2467 770 2510 ne
792 2466 835 2510 ue
863 2443 1062 2510 dissimulari
1084 2444 1171 2507 hanc
1193 2448 1446 2529 corruptionem,
1469 2458 1506 2511 ut
1549 2465 1593 2508 an
1620 2465 1687 2510 non
1713 2447 1898 2530 indignetur
1926 2444 2014 2508 hanc
2035 2445 2233 2511 imbecillem
2255 2460 2402 2513 naturam
2423 2453 2525 2514 tantis

534 2468 937 2616 mtelngamus‚lromnes
960 2549 1026 2592 non
1047 2526 1243 2593 satisfacere
1263 2527 1341 2613 legi,
1362 2543 1399 2596 nt
1420 2533 1505 2595 scia·
1550 2527 1788 2594 calamitatibus
1811 2549 1853 2594 ac
1873 2541 1977 2593 morte
1999 2531 2152 2613 opprimi,
2174 2543 2206 2594 et
2226 2545 2398 2616 praeterea
2419 2546 2526 2599 terro-

534 2636 619 2694 mus,
636 2617 732 2679 nobis
754 2632 837 2698 opus
860 2633 937 2678 esse
955 2614 1182 2678 misericordia
1202 2626 1264 2678 etc.
1549 2631 1604 2678 ras
1633 2625 1839 2678 aetemarum
1864 2633 2046 2694 poenarum
2073 2616 2233 2698 proponi?
2278 2615 2363 2690 Quid
2382 2619 2416 2681 in
2437 2619 2525 2700 ipsis

618 2698 747 2763 Deinde
768 2711 800 2764 et
822 2697 888 2761 hoc
909 2698 1094 2762 addendum
1116 2709 1182 2762 est:
1204 2696 1369 2762 Voluntas
1390 2697 1503 2762 hmna·
1548 2695 1792 2778 afflictionibus,
1837 2698 1978 2763 uomodo
1996 2709 2072 2762 sunt
2088 2697 2195 2763 allecti
2211 2703 2320 2779 animi,
2337 2702 2392 2766 nbi
2408 2703 2525 2765 viden-

535 2803 577 2846 na
601 2803 669 2847 nou
690 2793 799 2866 potest
821 2783 892 2846 sine
916 2780 1038 2863 Spiritu
1060 2795 1176 2846 sancto
1199 2779 1332 2846 efficere
1353 2785 1503 2865 spiritua·
1548 2794 1599 2846 tur
1620 2783 1741 2846 deserti
1771 2719 1909 2845 aCeoi
1952 2781 2005 2844 An
2027 2802 2093 2846 non
2117 2784 2263 2850 dubitant
2283 2799 2378 2850 tunc:
2411 2797 2524 2850 utrum

529 2864 584 2928 -les
595 2865 744 2945 auarus,
767 2865 956 2950 quosDeus
969 2869 1115 2951 requirit,
1136 2865 1263 2931 scilicet
1279 2887 1393 2931 verum
1411 2869 1503 2930 timo·
1547 2865 1621 2930 Deo
1650 2886 1752 2931 curae
1780 2868 1847 2930 sint
1874 2865 2033 2943 humana,
2055 2878 2162 2932 utrum
2183 2871 2332 2934 exaudiat
2354 2869 2524 2934 hominnm

537 2968 605 3014 rem
624 2948 706 3028 Dei,
731 2971 843 3014 veram
864 2951 1016 3016 fiduciam
1032 2952 1277 3016 misericordiae
1298 2950 1373 3029 Dei,
1391 2951 1502 3016 obedi·
1546 2951 1687 3035 preces?
1719 2950 1761 3013 lli
1793 2953 1902 3034 magni
1935 2961 2043 3014 motus
2075 2955 2256 3017 animorum
2289 2955 2524 3018 considerandi

534 3035 652 3098 entiam
673 3055 714 3100 ae
736 3033 938 3099 tolerantiam
961 3031 1183 3114 afflictionum,
1202 3034 1410 3101 dilectionem
1427 3034 1502 3113 Dei,
1546 3047 1634 3113 sunt,
1659 3056 1733 3098 cnm
1756 3032 1922 3098 delibero
1945 3035 2080 3099 arbitrio
2099 3037 2289 3118 disputatur.

533 3127 565 3180 et
584 3116 709 3182 similes
730 3130 850 3186 motus.
1631 3117 1747 3203 Neque
1767 3118 1851 3183 baec
1873 3139 1914 3182 eo
1937 3119 2096 3198 dicuntur,
2116 3130 2153 3184 ut
2172 3119 2310 3203 laqueos
2332 3121 2524 3186 iniiciamus

1548 3204 1771 3281 conscientiis,
1792 3215 1849 3267 ant
1870 3204 2093 3268 deterreamus
2110 3203 2258 3269 homines
2275 3225 2295 3267 a
2312 3206 2420 3269 studio
2440 3208 2526 3270 obe·

1547 3288 1656 3351 diendi
1679 3298 1735 3351 aut
1757 3287 1927 3365 credendi,
1955 3297 2011 3351 aut
2032 3307 2073 3351 ne
2097 3299 2266 3353 conentur.
2310 3288 2376 3352 lmo
2399 3308 2477 3352 cum
2502 3313 2525 3355 a

926 3375 1102 3430 nutritionis
1152 3419 1155 3426 .
1546 3374 1649 3437 verbo
1672 3373 1772 3437 ordiri
1794 3372 1985 3447 debeamus,
2007 3384 2097 3436 certe
2118 3394 2186 3438 non
2202 3374 2450 3457 repugnandrurr
2468 3387 2524 3438 est

686 3471 848 3526 nennnnns
865 3475 974 3538 omnus,
991 3489 1039 3528 seu
1057 3477 1088 3529 de
1106 3476 1187 3528 noem
1203 3472 1358 3538 afniman)
1546 3458 1648 3520 verbo
1668 3454 1751 3534 Dei,
1782 3457 1843 3520 sed
1864 3455 2090 3533 annitendum,
2122 3468 2157 3521 ut
2177 3458 2460 3538 obtemperemus,
2488 3469 2524 3522 et

1124 3551 1127 3556 “
1545 3541 1699 3605 intuenda
1718 3541 1894 3624 promissio
1916 3538 2106 3624 Evangelii,
2134 3560 2219 3624 quae
2238 3552 2289 3605 est
2309 3538 2521 3605 universalis.

614 3615 814 3688 Testimonia
833 3626 914 3691 satis
935 3623 1038 3689 multa
1060 3637 1147 3702 sunt,
1165 3645 1250 3709 quae
1266 3636 1427 3688 testantur
1444 3643 1501 3686 na·
1545 3624 1650 3688 Porro
1679 3626 1713 3686 in
1743 3625 1828 3687 veris
1854 3624 2085 3686 certaminibus
2115 3623 2199 3688 haec
2228 3622 2350 3689 clarius
2381 3625 2521 3688 indicari

528 3733 632 3783 turam
657 3731 735 3778 esse
762 3723 965 3794 corruptam,
992 3728 1054 3772 uec
1075 3729 1178 3792 posse
1199 3707 1231 3771 le
1255 3711 1266 3772 i
1288 3709 1351 3772 Dei
1372 3705 1502 3772 satissa-
1545 3719 1704 3791 possunt,
1731 3727 1829 3792 quam
1856 3709 1891 3770 in
1912 3708 2031 3771 otiosis
2054 3708 2336 3790 disputationibus.
2379 3708 2463 3772 Nam
2483 3710 2521 3772 in

529 3821 614 3868 cere.
669 3800 844 3864 Praeterea
868 3814 977 3878 neque
1005 3813 1107 3876 posse
1136 3795 1208 3857 sine
1232 3731 1358 3875 Spiritu
1383 3803 1500 3854 sancto
1545 3813 1624 3856 vero
1647 3811 1766 3876 agone,
1789 3792 1843 3853 ubi
1860 3793 2010 3875 angimur
2029 3791 2070 3855 de
2087 3793 2280 3856 remissione
2297 3803 2519 3874 peccatorum,

528 3897 635 3952 motus
656 3880 843 3966 spirituales
866 3881 1051 3960 concipere,
1074 3898 1160 3960 quos
1177 3877 1270 3940 Deus
1293 3875 1439 3960 requirit.
1455 3879 1500 3950 ⁶⁴)
1546 3877 1674 3958 erigere
1706 3893 1768 3938 nos
1800 3874 1973 3951 debemus,
2004 3886 2038 3939 et
2064 3877 2179 3940 intueri
2201 3876 2235 3939 in
2256 3878 2519 3959 promissionem.

612 3966 729 4033 Roma.
750 3967 782 4032 8.
801 3970 865 4044 [vs.
889 3963 939 4028 14.
949 3968 974 4041 ε]
1019 3961 1084 4033 Qui
1105 3963 1267 4026 ducuntur
1288 3962 1404 4044 spiritu
1425 3957 1501 4035 Dei,
1545 3959 1740 4042 Quanquam
1760 3969 1868 4021 autem
1884 3955 2024 4022 luctatur
2045 3957 2198 4024 voluntas
2226 3981 2299 4025 crun
2320 3959 2518 4036 infinrritate,

529 4058 563 4121 hi
591 4066 668 4120 sunt
694 4049 750 4115 filii
774 4050 848 4114 Dei.
893 4048 972 4112 ltem
994 4051 1060 4126 [vs.
1082 4044 1146 4124 9.]:
1183 4045 1220 4110 Si
1249 4046 1323 4129 quis
1351 4044 1501 4126 spiritum
1545 4055 1654 4108 tamen
1679 4043 1756 4126 quia
1783 4061 1849 4106 non
1875 4043 1986 4106 abiicit
2008 4046 2161 4123 uerbum,
2200 4045 2260 4108 sed
2286 4051 2447 4106 sustentat
2475 4061 2519 4104 se

529 4139 651 4206 Christi
677 4157 745 4200 uon
776 4134 892 4211 habet,
921 4135 950 4197 is
978 4151 1045 4195 non
1072 4143 1123 4194 est
1145 4127 1279 4194 Christi.
1323 4127 1502 4194 Haeduae
1544 4130 1660 4205 verbo,
1683 4128 1894 4210 consequitur
1916 4125 2185 4193 consolationem.
2213 4127 2255 4192 Et
2274 4127 2413 4208 Spiritus
2436 4139 2520 4188 san-'

529 4223 711 4290 sententiae
733 4222 814 4283 satis
836 4218 1032 4300 perspicuae
1050 4225 1137 4292 sunt,
1160 4226 1191 4278 et
1208 4211 1308 4296 plane
1328 4224 1501 4289 testantur,
1546 4226 1620 4278 ctus
1642 4213 1686 4275 ibi
1709 4207 1828 4276 efficax
1850 4223 1902 4276 est
1965 4214 2148 4276 rverbum.
2194 4210 2286 4276 Sicut
2306 4211 2408 4294 inquit
2428 4208 2518 4274 Pau·

529 4333 549 4374 o
571 4329 613 4374 us
653 4325 730 4371 esse
764 4304 886 4387 Spiritu
923 4311 1055 4375 sancto,
1087 4309 1123 4364 ut
1161 4300 1295 4362 obedire
1322 4297 1500 4381 possimus.
1543 4294 1596 4360 lus
1620 4295 1728 4375 [Rom.
1751 4294 1783 4373 8,
1805 4295 1889 4374 uun:
1939 4297 2054 4377 piritus
2072 4296 2205 4360 adiuvat
2224 4297 2442 4360 infirmitatem
2456 4315 2519 4359 no-

528 4332 666 4459 chusar
703 4401 810 4453 autem
837 4387 968 4450 nornine
1000 4384 1141 4466 Spiritus
1180 4384 1288 4448 sancti
1322 4383 1350 4445 si
1374 4379 1501 4446 nificari
1545 4393 1657 4446 stram.
1684 4379 1720 4442 ln
1742 4379 1808 4443 hac
1828 4377 1917 4444 lucta
1938 4379 2118 4445 hortandus
2138 4392 2190 4444 est
2210 4382 2350 4456 animus,
2371 4390 2406 4443 ut
2426 4379 2518 4442 omni

529 4499 595 4542 non
616 4476 776 4541 rationem
796 4472 983 4547 humanam,
1000 4469 1061 4532 sed
1078 4468 1227 4551 spiritum
1243 4467 1308 4531 Dei
1387 4485 1501 4530 cacam
1545 4476 1662 4528 conatu
1684 4466 1821 4527 retineat
1844 4466 1989 4528 verbum.
2033 4465 2109 4530 Non
2131 4477 2181 4528 est
2203 4464 2439 4539 dehortandus,
2472 4482 2518 4526 ne

529 4565 562 4626 ῑῃ
583 4561 698 4625 ,annis
722 4558 855 4622 nostris.
1545 4560 1691 4628 conetur,
1712 4548 1773 4614 sed
1794 4548 1963 4613 docendus
2008 4549 2074 4612 uod
2095 4551 2269 4631 promissio
2287 4551 2330 4612 sit
2348 4549 2518 4612 universa-

615 4645 644 4708 l.
674 4641 872 4708 Corinthi.
902 4644 965 4718 [vs.
991 4638 1073 4716 lia]
1107 4635 1270 4700 Aninralis
1302 4634 1401 4698 homo
1432 4655 1500 4697 non
1543 4633 1597 4711 lis,
1619 4647 1652 4697 et
1673 4633 1761 4717 quod
1783 4634 1902 4696 debeat
1923 4569 2069 4697 ualere.
2113 4633 2149 4697 ln
2166 4634 2231 4698 boc
2254 4632 2403 4714 exemplo
2425 4633 2518 4696 vide-

528 4727 664 4833 percipit
685 4747 734 4801 ea,
756 4745 841 4809 quae
861 4737 938 4788 sunt
958 4724 1091 4806 spiritus
1112 4719 1186 4784 Dei.
1220 4719 1392 4805 Significat
1413 4720 1500 4782 enirn
1543 4740 1614 4784 mus
1638 4719 1791 4800 coniungi
1814 4716 1876 4780 has
1898 4736 2035 4794 carmes,
2063 4718 2227 4797 Ver-bum,
2259 4717 2415 4800 Spiritum
2438 4736 2517 4781 aan-

528 4835 651 4892 ψνχικος
671 4809 770 4873 horno
792 4811 954 4873 viventem
973 4811 1038 4873 vita
1055 4802 1207 4882 naturali,
1224 4803 1289 4868 hoc
1312 4815 1374 4881 est,
1397 4823 1500 4868 sensu
1543 4815 1646 4880 ctrnn,
1675 4814 1707 4865 ct.
1729 4801 1943 4876 voluntatem,
1972 4821 2037 4864 non
2059 4821 2141 4865 sanc
2161 4803 2313 4880 otiosam,
2336 4801 2396 4865 sed
2418 4821 2517 4883 repu-

529 4907 560 4959 et
581 4895 706 4960 ratione
727 4889 867 4958 naturali
885 4896 956 4955 sine
972 4892 1094 4975 Spiritu
1111 4900 1238 4954 sancto.
1267 4889 1324 4954 Sic
1346 4889 1431 4952 enim
1454 4907 1494 4950 eo
1542 4898 1695 4972 guantum
1717 4885 1891 4948 intimritati
1914 4904 2005 4949 suae.

527 4978 604 5045 loco
627 4979 782 5044 discernit
798 4976 924 5041 Paulus
946 4973 1119 5040 animalem
1140 4997 1161 5038 a
1182 4971 1354 5058 spirituali.
1388 4971 1499 5044 Quan·
1628 4971 1697 5034 llas
1722 4990 1842 5033 causas
1869 4969 1933 5034 hoc
1957 4971 2054 5035 modo
2075 4969 2300 5035 Ecclesiastici
2333 4971 2517 5051 scriptores

550 5083 626 5128 uam
650 5065 734 5126 enim
756 5060 879 5125 homini
906 5058 1096 5124 natmaliter
1122 5061 1285 5142 impressa
1313 5069 1365 5121 est
1385 5058 1499 5121 notitia
1542 5057 1742 5140 coniungere
1768 5052 1887 5118 solent.
1931 5053 2073 5120 Basilius
2101 5057 2221 5140 inquit:
2261 5056 2351 5135 μόνον
2372 5057 2517 5134 tapam,

528 5087 570 5212 ga
579 5145 666 5226 Deo,
687 5159 794 5210 tamen
815 5144 898 5210 haec
919 5146 1002 5210 adeo
1025 5147 1204 5208 obscurata
1226 5155 1287 5220 est,
1309 5154 1427 5205 utnon
1446 5161 1498 5205 sa·
1540 5145 1591 5203 zat
1619 5139 1635 5201 ὁ
1663 5138 1736 5212 θεὸς
1763 5142 1947 5229 προαπαινιᾷ.
1990 5139 2083 5205 Deus
2106 5140 2279 5205 antevertit
2300 5159 2380 5217 nos,
2402 5149 2516 5217 vocat,

529 5234 570 5296 tis
591 5231 790 5298 assentiatur
813 5231 842 5295 ei
859 5229 997 5306 animus,
1020 5229 1082 5292 sed
1103 5230 1243 5293 dubitet:
1266 5247 1309 5289 an
1326 5225 1420 5292 Deus
1442 5248 1498 5290 ou·
1540 5238 1660 5302 movet,
1682 5225 1826 5302 adiuvat,
1847 5226 1907 5289 sed
1928 5245 1991 5288 nos
2013 5225 2199 5302 viderimus,
2221 5246 2264 5288 ne
2281 5241 2514 5308 repugnemus.

1541 5309 1678 5372 Constat
1700 5311 1783 5372 enhn
1806 5320 1978 5391 peccatmn
2000 5310 2076 5371 oriri
2099 5329 2120 5371 a
2141 5311 2335 5387 nobis,'non
2359 5329 2379 5371 a
2397 5305 2516 5371 volun-

1509 5419 1511 5424 ·
1541 5405 1609 5457 tate
1626 5391 1700 5456 Dei.
1745 5393 1796 5457 Ch
1857 5406 2004 5457 ostomus
2025 5394 2144 5475 inquit:
2174 5394 2243 5456 ὅδὲ
2265 5394 2357 5455 ἕλκων
2375 5391 2425 5454 τὸν
2447 5396 2515 5474 βου-

528 5483 574 5546 63)
593 5485 661 5535 mm
678 5485 865 5547 memnonem
884 5483 982 5534 annun
999 5482 1040 5533 m.
1061 5482 1099 5530 ¹¹·
1117 5484 1144 5531 a
1161 5482 1224 5546 θεν·
1541 5477 1663 5558 νόμενον
1680 5477 1767 5541 ἕλκει.
1795 5478 1808 5540 l
1852 5488 1928 5560 apte
1950 5477 2068 5542 dieitur
2088 5479 2311 5560 auspicantia
2331 5476 2449 5553 verbo,
2470 5496 2514 5539 ne

527 5583 574 5644 64)
591 5585 713 5647 requirit]
731 5585 803 5636 tutu.
823 5586 847 5636 a.
867 5582 974 5631 11-13.
994 5587 1021 5633 et
1039 5581 1112 5645 opp:
1130 5581 1263 5644 approbat
1540 5564 1745 5641 adversetur,
1768 5582 1809 5625 ne
1832 5575 1989 5645 repugnet
2006 5561 2119 5623 verbo.
2164 5561 2207 5624 Et
2227 5581 2290 5624 nos
2308 5559 2439 5645 quidem
2463 5561 2514 5623 sio
