5859 6734
477 629 542 697 ae1
714 735 715 740 Ν
1110 639 1221 707 unm.
1242 637 1345 705 rma.
1368 635 1554 721 sonem
1574 632 1848 714 memnon.
2445 635 2500 703 ta

484 814 704 900 belligerante
736 834 797 878 seu
819 810 1028 877 sacrificante
1052 833 1183 897 semper
1205 828 1256 877 est
1279 834 1399 880 sensus
1422 816 1460 878 ti·
1504 835 1588 879 voce
1619 816 1701 880 nihil
1733 817 1868 883 dulcius
1893 841 1933 883 ac
1946 824 1993 894 ⁸⁶)
2025 822 2154 907 gratim
2190 823 2352 906 cogitari
2387 835 2497 904 potest

485 903 586 965 moris
608 899 671 963 Dei
705 912 736 962 et
759 898 835 962 fidei
857 895 1062 961 consolantis
1091 900 1231 961 animum
1254 920 1294 961 ac
1315 912 1460 963 statuen·
1502 899 1676 966 Mmitesre
1718 902 1861 968 aliirrnat
1902 926 1962 988 per
1991 905 2165 991 Evangelii
2202 907 2497 990 praedicationffl

484 986 525 1048 tis
548 1005 629 1048 vere
650 983 756 1047 Deum
775 985 909 1059 adesse,
932 984 1119 1065 gubernare
1140 995 1172 1045 et
1193 984 1350 1047 adiuvare
1371 985 1458 1047 hanc
1502 988 1573 1049 dari
1606 987 1761 1068 Spiritum
1794 1001 1956 1065 sanctum,
1986 993 2072 1053 sicut
2102 995 2146 1056 ad
2171 989 2332 1055 Galatas
2365 990 2415 1069 13,
2441 993 2495 1071 lt]

483 1073 703 1133 vocationem.
738 1068 778 1131 lli
802 1078 908 1129 motus
931 1068 1078 1130 oriuntur
1099 1088 1120 1130 a
1142 1067 1267 1151 Spiritu
1286 1081 1407 1133 sancto
1426 1080 1459 1132 et
1502 1071 1593 1133 dicit:
1617 1071 1659 1134 Ut
1671 1074 1921 1153 promissionem
1934 1076 2067 1158 spiritus
2078 1079 2298 1160 accipiamus
2311 1096 2383 1158 per
2394 1076 2493 1142 fides

484 1175 563 1218 vere
585 1164 772 1237 agnoscunt
783 1150 907 1226 Deun13
929 1152 1001 1214 Nec
1022 1163 1098 1216 sunt
1118 1149 1253 1236 sagaces
1277 1164 1310 1216 et
1325 1156 1458 1218 moritu·
1501 1153 1583 1217 Cum
1616 1167 1743 1219 mentes
1770 1157 2030 1239 perterrefactus
2061 1161 2199 1225 audiunt
2233 1179 2370 1224 vocem
2394 1160 2493 1226 Em·

403 1282 407 1292 ι
485 1258 542 1301 rae
553 1240 702 1313 umbrae,
714 1237 773 1298 sed
785 1248 861 1299 sunt
871 1235 1036 1300 inchoatio
1047 1239 1134 1300 vitae
1145 1250 1306 1302 aeternae.
1317 1237 1359 1300 Et
1370 1236 1456 1302 hanc
1500 1238 1576 1322 gelii
1611 1253 1644 1303 et
1673 1241 1809 1304 credunt
1842 1256 1977 1327 propter
1998 1243 2214 1309 Mediatorem
2254 1265 2348 1309 vere
2383 1249 2490 1311 rastri

484 1320 593 1388 lucem
604 1323 742 1386 accendi
754 1333 787 1384 et
798 1323 910 1405 augeri
922 1321 1213 1407 petit,cuminquit
1226 1323 1296 1402 [Ps.
1307 1323 1361 1399 ὅθ,
1374 1324 1455 1399 121:
1475 1324 1480 1388 Ι
1499 1337 1655 1405 peccata,
1689 1328 1869 1407 concipitur
1890 1327 2030 1409 Spiritus
2062 1341 2220 1406 sanctus,
2260 1342 2296 1392 et
2322 1349 2422 1394 nova
2440 1329 2488 1395 lar

486 1405 728 1474 Gor-‚mundum
752 1426 829 1470 crea
850 1408 884 1469 in
905 1425 975 1485 me,
996 1405 1107 1486 Deus,
1128 1408 1163 1469 id
1185 1420 1252 1484 ast,
1285 1418 1457 1471 correcte
1500 1421 1534 1472 et
1564 1411 1684 1473 vitain
1714 1412 1868 1475 cordibus
1891 1414 2098 1490 accenditur,
2126 1415 2216 1478 sicut
2241 1415 2343 1498 apud
2370 1413 2486 1479 zade

484 1491 526 1556 de
546 1489 622 1558 Deo
645 1494 804 1569 sentiens,
826 1509 1016 1576 agnoscens
1038 1494 1119 1555 iram
1129 1490 1193 1555 Dei
1215 1504 1249 1556 et
1258 1495 1456 1577 promissam
1502 1496 1582 1557 riam
1607 1494 1675 1573 [lh
1700 1494 1762 1574 lta]
1802 1498 1962 1579 scriptum
1983 1510 2050 1561 est:
2093 1497 2276 1562 Effundam
2299 1520 2417 1583 super
2432 1520 2484 1564 eos

483 1577 751 1654 misericordiam,
784 1589 934 1641 statuens
963 1596 1041 1639 vere
1062 1597 1125 1639 nos
1146 1578 1278 1660 respici,
1299 1577 1456 1654 exaudiri,
1500 1579 1653 1661 Spiritum
1675 1582 1801 1663 gratiae
1823 1593 1856 1642 et
1876 1601 2021 1662 precum,
2043 1583 2075 1645 id
2097 1594 2159 1659 est,
2181 1603 2261 1646 mea
2279 1582 2482 1648 consolatio·

483 1663 600 1738 iurari,
633 1663 762 1745 protegi
785 1674 817 1724 et
838 1662 975 1725 servari.
1018 1660 1061 1723 Et
1082 1663 1232 1743 spiritum
1254 1673 1391 1739 rectum,
1424 1662 1457 1724 itl
1499 1683 1542 1725 ne
1559 1664 1681 1748 erigam
1703 1683 1776 1741 eos,
1800 1677 1833 1728 et
1854 1667 2018 1729 adiuvabo
2040 1666 2163 1749 Spiritu
2174 1680 2318 1744 sancto,
2339 1680 2381 1731 ut
2391 1689 2480 1752 agne

483 1761 547 1824 est,
581 1746 707 1809 firmum
741 1748 863 1811 innova
895 1746 927 1807 in
949 1747 1133 1810 visceribus
1155 1748 1249 1825 meis,
1269 1747 1391 1826 idest,
1413 1747 1457 1808 sit
1500 1759 1598 1811 scant
1630 1767 1668 1810 se
1690 1763 1844 1831 receptos
1867 1770 1944 1813 esse
1965 1752 1996 1813 in
2019 1752 2156 1835 gratiam
2177 1762 2212 1813 et
2236 1754 2378 1833 recepti
2400 1755 2479 1816 inve

482 1829 576 1894 llrma
610 1831 694 1894 haec
727 1829 783 1894 lux
818 1831 858 1893 de
879 1829 970 1906 Deo,
1003 1850 1069 1894 non
1097 1832 1306 1916 extinguatur
1323 1828 1458 1896 Diaboli
1501 1844 1577 1895 cent
1596 1831 1704 1895 Deum
1727 1843 1760 1894 et
1775 1836 1809 1896 ‘ei
1832 1836 2068 1917 obtemperent
2111 1834 2178 1898 Sed
2199 1833 2341 1902 Paulus
2365 1838 2479 1900 riberta

482 1917 688 1999 praestigiis,
709 1916 964 1999 cogitationibus
975 1914 1145 1997 Epicureis
1167 1927 1224 1981 aut
1237 1915 1456 1993 Academicis,
1500 1917 1578 1982 dicit
1600 1918 1670 1981 dari
1693 1916 1848 1998 Spiritum
1870 1929 2021 1983 sanctum
2042 1938 2102 2002 per
2116 1918 2231 1982 Fidem
2257 1921 2329 1983 seu
2351 1922 2477 1984 ermes

483 2001 570 2063 sicut
592 1998 684 2062 multi
707 2001 874 2082 sapientes
896 2020 1086 2085 merguntur
1107 2004 1140 2065 in
1162 2009 1314 2066 aeterna
1330 2001 1457 2088 dubita·
1500 2004 1599 2066 tibus.
1632 2002 1743 2074 Quare
1752 2004 1805 2079 iis,
1818 2006 1873 2087 qui
1885 2023 1951 2065 non
1962 2010 2189 2086 expavescunt
2199 2024 2310 2067 sensu
2325 2008 2402 2068 irae
2411 2005 2475 2080 ne,

484 2086 603 2147 tiones.
650 2083 785 2160 {Psalm
807 2084 943 2163 50,13.]
987 2084 1039 2149 Ne
1059 2087 1214 2169 proiicias
1235 2103 1310 2168 mea
1329 2106 1353 2168 a
1370 2081 1456 2152 facie
1500 2106 1564 2152 nec
1597 2088 1734 2151 credurrt
1766 2090 1841 2152 voci
1862 2087 2045 2172 Evangelii,
2078 2088 2137 2150 sed
2171 2102 2321 2151 manent·
2351 2092 2476 2154 incoa-

484 2180 551 2246 tua,
576 2181 609 2233 et
631 2168 789 2253 Spiritum
811 2182 1023 2254 senatumne
1044 2168 1176 2236 auferas
1199 2192 1220 2234 a
1240 2189 1306 2252 me,
1332 2167 1371 2236 'ld
1392 2182 1455 2248 est,
1500 2183 1625 2255 tempta
1644 2170 1709 2235 Dei
1730 2175 1786 2235 aut
1801 2173 2020 2250 dubitatione,
2037 2170 2255 2256 Evangelium
2280 2186 2414 2238 matun
2431 2185 2474 2238 ast

484 2252 608 2338 Spiritu
641 2265 759 2318 sancto
787 2269 845 2323 tuo
868 2258 1015 2340 guberna
1038 2254 1176 2321 consilia
1197 2269 1231 2319 et
1253 2275 1367 2320 ornnes
1388 2275 1456 2319 mo·
1499 2254 1596 2321 litera
1612 2269 1645 2320 et
1666 2257 1781 2320 umbra
1802 2256 2023 2324 decollentur.
2090 2311 2092 2315 .

484 2348 538 2401 tus
570 2358 676 2417 meos,
708 2353 743 2403 et
770 2343 916 2405 accende
948 2343 981 2404 io
1014 2360 1068 2404 me
1100 2351 1210 2405 motus
1233 2362 1298 2405 con
1363 2352 1456 2404 entes
1591 2347 1593 2354 '
1797 2371 1801 2378 ·
1842 2375 1844 2380 ·
1910 2345 1940 2399 :t

483 2421 567 2507 Legi
581 2422 1289 2504 tuae,Timorem,Fidem,DilectionemDe?,
1329 2424 1457 2492 oleren-
1587 2422 1814 2508 Explodantur
1846 2446 1935 2510 ergo.
1960 2424 2171 2491 deliramenta
2204 2427 2397 2513 Origenes,
2427 2430 2472 2513 qui

483 2509 574 2583 tiam,
586 2507 782 2573 industriam
794 2511 829 2574 in
840 2511 1014 2574 vocatione
1025 2520 1088 2575 etc.
1102 2511 1188 2587 libid.
1202 2531 1254 2574 vs.
1267 2510 1330 2588 lt]
1344 2510 1458 2575 Redde
1501 2508 1630 2574 literam
1662 2510 1708 2573 ait
1740 2526 1816 2573 esse
1849 2531 1985 2576 sensum
2017 2510 2278 2592 Grammfuffioum
2298 2514 2337 2576 iu
2361 2513 2469 2578 deseri

484 2590 560 2655 mihi
583 2592 738 2657 laetitiam
761 2593 917 2658 salutaris
939 2596 1007 2672 tui,
1020 2596 1053 2659 id
1071 2607 1133 2673 est,
1155 2606 1305 2659 sustenta
1325 2616 1378 2659 me
1397 2608 1458 2658 tua
1501 2597 1612 2679 ptione
1635 2595 1892 2658 ceremoniarum
1910 2606 1949 2658 et·
1963 2594 2190 2673 historiarum,
2213 2594 2382 2678 Spiritum
2401 2616 2471 2661 vero

483 2676 715 2742 consolatione
737 2679 769 2741 in
791 2681 973 2755 aerumnis,
996 2700 1038 2742 ne
1059 2681 1238 2762 pavoribus
1260 2691 1316 2743 aut
1337 2677 1458 2742 dolori·
1502 2676 1713 2764 allegoricam
1735 2680 2032 2762 interpretationem
2055 2681 2368 2746 ceremoniamn-et
2385 2679 2473 2745 histo

484 2763 548 2827 bus
581 2760 708 2828 fractus
740 2783 884 2844 peream.
940 2763 1062 2847 Spiritu
1091 2777 1275 2867 spontaneo
1298 2763 1457 2828 confirma
1502 2766 1633 2828 riarum.
1677 2763 1771 2828 Hanc
1792 2776 1929 2830 secutus
1951 2761 2150 2849 hypothesin
2172 2776 2296 2847 postea
2307 2767 2406 2830 nhuis
2415 2786 2473 2828 ma·

483 2865 546 2917 me,
569 2847 603 2910 id
625 2857 688 2925 est,
710 2847 865 2932 largiaris
887 2847 965 2911 mihi
987 2851 1089 2912 robur
1109 2868 1142 2911 rn
1154 2845 1400 2926 afflictionibus,
1422 2857 1458 2912 ut
1503 2868 1569 2932 gna
1601 2846 1733 2910 lieentia
1754 2858 1786 2911 et
1807 2846 1958 2931 prolecto
1978 2870 2046 2912 non
2069 2850 2288 2913 concedenda
2309 2852 2344 2913 ie
2367 2846 2474 2914 aede

483 2933 649 2996 sustinere
681 2952 740 2995 eas
773 2932 899 3015 possim
931 2944 965 2996 et
997 2935 1056 2997 tibi
1083 2930 1201 2997 volens
1223 2934 1458 3015 obtemperem,
1502 2935 1563 3009 sia,
1584 2929 1663 2995 lusit
1684 2929 1846 3016 fingendis
1866 2934 2203 3015 interpretationibus,
2224 2930 2300 2997 fere
2320 2947 2357 2998 ut
2377 2937 2474 3019 picto

483 3037 551 3079 non
583 3015 732 3080 deficiam
759 3038 781 3080 a
802 3028 835 3080 te
856 3015 1001 3082 fremens
1022 3037 1064 3081 ac
1085 3018 1239 3081 dubitans
1261 3019 1302 3081 de
1323 3029 1381 3081 tua
1399 3018 1458 3081 mi·
1502 3037 1557 3080 res
1590 3013 1721 3093 ludunt,
1740 3037 1816 3081 erun
1836 3019 1975 3102 pingunt
1992 3014 2198 3095 Chimaerae,
2220 3017 2370 3103 Scyllas,
2393 3018 2473 3083 Cert-

483 3102 679 3181 aericordia,
710 3102 798 3168 sicut
830 3100 920 3167 Saul.
967 3102 1024 3167 Sic
1059 3104 1140 3185 petit
1172 3103 1289 3166 ordine
1320 3103 1458 3185 primum
1503 3114 1625 3165 tauros.

481 3184 600 3262 lucem,
622 3206 689 3271 qua
708 3206 789 3254 vere
810 3199 974 3273 agnoscat
994 3185 1103 3252 Deum
1124 3188 1249 3252 eteius
1282 3188 1457 3273 agnitionis
1486 3214 1488 3218 ·
1589 3185 1660 3248 Una
1687 3197 1738 3248 est
1760 3187 1923 3250 sententia
1943 3187 2054 3249 nativa
2076 3187 2235 3250 orationis
2253 3184 2475 3269 propheticae

483 3272 687 3350 firmitatem,
707 3269 838 3337 Deinde
860 3273 1106 3336 renovationem
1129 3284 1161 3335 et
1183 3274 1457 3358 gubernationem
1502 3282 1534 3334 et
1555 3269 1770 3354 Apostolicae
1801 3272 1834 3334 in
1861 3269 2001 3355 singulis
2022 3272 2192 3348 membris,
2226 3290 2316 3355 quam
2336 3268 2473 3352 phrasis

484 3358 517 3421 in
539 3358 737 3435 actionibus,
763 3357 887 3422 Postea
909 3355 1169 3423 consolationem
1192 3369 1226 3421 et
1246 3358 1458 3421 sustentatio·
1502 3357 1616 3418 dextre
1654 3353 1818 3420 intellecta
1850 3358 1940 3420 iuxta
1972 3369 2151 3439 praecepta
2179 3354 2298 3420 harum
2327 3374 2468 3417 conunn

483 3461 559 3506 nem
580 3442 616 3505 in
636 3442 811 3506 aerumnis
1501 3442 1590 3503 nium
1622 3441 1756 3517 artium,
1784 3461 1869 3524 quae
1901 3438 2055 3524 loquendi
2087 3441 2247 3503 rationem
2278 3451 2475 3513 monemur,

572 3523 656 3590 Cum
677 3527 776 3609 igitur
797 3526 882 3592 haee
903 3525 960 3591 lux
981 3528 1014 3591 in
1036 3525 1293 3591 meoteDavidis
1314 3545 1457 3590 accensa
1502 3524 1616 3609 gignit.
1660 3522 1783 3588 Postea
1815 3525 1826 3587 i
1867 3527 1875 3545 ’
1904 3525 1987 3590 ritus
2020 3537 2076 3588 aut
2096 3524 2257 3588 historiae
2279 3536 2359 3588 suut
2378 3527 2474 3589 inter

486 3622 549 3689 est,
584 3619 700 3675 omnes
723 3611 793 3675 eius
817 3612 925 3675 bonae
945 3613 1095 3678 arbones
1117 3612 1290 3676 interiores
1313 3620 1347 3674 et
1367 3621 1458 3674 exte·
1502 3610 1578 3671 dum
1610 3609 1769 3692 imagines
1835 3612 1938 3673 iarum
1971 3629 2078 3672 rerum
2107 3620 2163 3672 aut
2201 3607 2371 3693 exempla.
2433 3605 2474 3670 Ut

484 3698 603 3774 riores,
631 3692 780 3774 moralis,
801 3692 954 3778 politicae
975 3708 1009 3761 et
1031 3699 1237 3761 ceremoniae
1258 3707 1336 3759 sunt
1355 3697 1458 3759 actio·
1501 3691 1532 3754 Α
1579 3712 1620 3756 us
1645 3694 1827 3775 paschatos
1849 3692 1911 3758 fuit
1932 3695 2064 3779 signum
2086 3705 2246 3757 venturae
2267 3694 2473 3758 mactationis

484 3804 544 3847 nes
566 3783 709 3866 Spiritus
741 3781 867 3859 sancti,
899 3800 965 3844 non
998 3794 1076 3845 sunt
1096 3778 1211 3846 literae
1233 3792 1289 3844 aut
1309 3782 1457 3843 umbrae.
1503 3774 1530 3839 C
1572 3778 1635 3840 ‘ti
1679 3774 1799 3840 Daniel
1830 3790 1982 3842 servatus
2014 3781 2097 3841 inter
2125 3777 2257 3841 Leones
2292 3776 2473 3862 exemplum

484 3868 630 3932 Econtra
653 3868 686 3927 in
706 3864 883 3950 hypocrita
906 3863 1022 3943 Saule,
1045 3867 1101 3948 qui
1123 3875 1173 3928 est
1194 3866 1266 3928 sine
1287 3862 1362 3928 luce
1383 3863 1458 3947 Spi·
1503 3872 1555 3925 est
1576 3858 1749 3925 multorum
1768 3863 1938 3926 doctorum
1953 3875 1985 3925 et
1996 3864 2170 3926 universae
2181 3859 2374 3943 Ecclesiae,
2396 3881 2474 3947 quae

484 3954 565 4018 ritus
597 3952 718 4025 sancti,
750 3969 932 4034 oppressus
964 3950 1220 4012 dubitationibus
1242 3947 1456 4033 hypocriticis
1503 3942 1598 4008 simili
1620 3944 1684 4009 Dei
1718 3946 1877 4012 beneficio
1910 3949 1994 4011 inter
2015 3958 2207 4032 grassantes
2230 3945 2414 4031 Tyrannos
2432 3960 2472 4010 te·

484 4058 545 4103 seu
566 4034 793 4109 Academicis,
816 4052 931 4096 omnes
953 4035 1100 4098 actiones
1122 4033 1293 4097 interiores
1315 4044 1349 4095 et
1368 4043 1457 4096 exte·
1502 4030 1598 4113 gitur·
1642 4028 1713 4092 Hae
1737 4029 1930 4097 collationes
1952 4044 2029 4095 sunt
2056 4028 2259 4113 allegoricae
2280 4033 2473 4116 interpreta-

485 4125 604 4199 riores,
627 4122 735 4183 bonae
751 4118 953 4182 intentiones
975 4128 1008 4181 et
1031 4137 1131 4200 opera
1153 4135 1215 4181 seu
1235 4114 1373 4181 moralia
1395 4137 1456 4182 seu
1502 4116 1620 4193 tiones,
1653 4134 1736 4197 quas
1768 4127 1843 4200 apte
1876 4129 1909 4180 et
1941 4118 2101 4180 concinne
2122 4115 2318 4193 instituere,
2340 4135 2474 4203 magnoe

485 4206 621 4293 politica
644 4224 705 4267 seu
727 4204 934 4266 ceremoniae
955 4214 1032 4266 sunt
1063 4199 1179 4265 literae
1191 4216 1223 4266 et
1234 4203 1370 4267 umbrae
1386 4222 1456 4266 mo·
1503 4198 1706 4276 eruditionis,
1752 4201 1920 4264 rudentiae
1943 4212 1975 4263 et
1997 4198 2126 4263 consilii
2148 4213 2217 4274 est3
2251 4212 2284 4263 et
2309 4213 2423 4267 tamen
2442 4212 2472 4265 ut

485 4295 620 4369 rientc's,
637 4310 700 4354 nec
721 4287 917 4353 inchoantes
940 4288 1039 4352 vitam
1061 4298 1236 4350 aeteruarn.
1501 4281 1611 4366 Leges
1634 4303 1700 4346 non
1721 4219 1882 4368 lguratae
1904 4296 1959 4348 aut
1981 4288 2187 4349 narrationes
2207 4282 2390 4369 Evangelii
2411 4305 2472 4350 non

574 4376 740 4447 llaecest
751 4370 845 4437 Pauli
868 4374 1030 4437 sententia
1051 4371 1082 4434 9.
1095 4370 1172 4434 Cor.
1195 4370 1227 4433 3.
1252 4375 1333 4446 [vss.
1345 4370 1456 4449 6-8.]
1501 4365 1716 4452 figurataeen
1741 4370 1813 4432 sine
1833 4369 2022 4432 ardentibus
2043 4370 2185 4433 motibus
2206 4389 2228 4431 a
2249 4369 2381 4451 Spiritu
2401 4390 2472 4434 san

487 4484 561 4528 eum
594 4461 719 4544 Legem
752 4470 850 4523 vocat
882 4456 1008 4521 literam
1037 4475 1077 4519 ac
1098 4456 1311 4519 ministerium
1331 4457 1457 4535 mortis,
1502 4462 1556 4515 cto
1590 4454 1742 4515 accensis
1764 4463 1840 4515 sunt
1859 4451 1976 4515 literae
1999 4464 2031 4514 et
2051 4455 2198 4529 umbrae,
2233 4454 2284 4516 sic
2308 4453 2378 4520 hae
2399 4453 2472 4519 alle·

486 4544 702 4634 Evangelium
724 4565 803 4608 vero
826 4543 1039 4607 ministerium
1060 4541 1204 4623 spiritus.
1249 4538 1356 4605 Sentit
1372 4543 1458 4605 enim
1477 4572 1480 4579 ·
1502 4537 1639 4621 goricae
1660 4538 1945 4619 interpretationes
1968 4537 2039 4600 sine
2061 4540 2202 4602 motibus
2223 4536 2292 4602 illis
2318 4553 2399 4605 sont
2419 4541 2471 4604 de

488 4636 561 4697 sine
576 4631 692 4697 notitia
705 4625 876 4713 Evangelii
896 4624 1004 4713 legem
1027 4636 1153 4688 tantum
1174 4636 1231 4687 aut
1253 4622 1458 4708 disciplinam
1503 4622 1629 4685 etrinae
1649 4642 1689 4684 ac
1710 4620 1836 4685 literae.

487 4713 749 4820 philosophicam
772 4727 828 4777 aut
849 4723 996 4777 terrores
1018 4707 1164 4774 efficere.
1207 4707 1253 4772 At
1275 4707 1457 4793 disciplina,
1588 4705 1685 4778 Quod
1707 4706 1792 4768 enim
1813 4701 1937 4768 Paulos
1959 4706 2039 4769 dixit
2059 4705 2155 4768 Rom.
2178 4707 2209 4767 7.
2233 4711 2301 4785 [vs.
2322 4708 2394 4788 la]
2417 4707 2472 4773 Le

487 4802 520 4866 nl
553 4814 620 4879 est,
651 4799 774 4863 iustitia
794 4798 958 4862 humanae
979 4796 1127 4873 rationis,
1149 4805 1184 4856 ut
1206 4794 1379 4877 Pomponii
1399 4793 1458 4857 At·
1503 4809 1579 4875 gem
1601 4808 1677 4852 esse
1698 4787 1911 4871 spiritualem,
1934 4787 2107 4853 manifeste
2130 4791 2171 4854 de
2187 4789 2306 4855 morali
2318 4789 2474 4878 loquitur,

486 4888 543 4950 tici
565 4897 621 4950 aut
641 4882 887 4967 hypocritarum
908 4882 980 4944 sine
1000 4899 1082 4944 vero
1104 4880 1221 4942 timore
1239 4877 1303 4941 Dei
1325 4890 1357 4941 et
1379 4896 1459 4943 vera
1503 4894 1565 4937 nec
1587 4871 1657 4937 vult
1679 4893 1750 4935 eam
1771 4872 1997 4938 transformari
2020 4875 2052 4937 in
2075 4871 2267 4960 allegorias,
2292 4879 2356 4941 sed
2381 4891 2475 4944 voert

488 4969 552 5034 fide
573 4972 749 5036 invocante
764 4967 871 5031 Deum
960 4965 1059 5028 itione
1081 4962 1215 5040 Christi,
1236 4960 1317 5026 nihil
1338 4975 1391 5027 est
1410 4963 1459 5025 ni·
1503 4955 1715 5042 spiritualem,
1747 4958 1835 5041 quod
1867 4960 1910 5021 sit
1941 4960 2091 5024 iudicium
2112 4959 2174 5023 Dei
2197 4961 2388 5043 spirituale,
2417 4983 2476 5028 non

489 5057 518 5120 si
539 5054 645 5131 litera,
679 5050 745 5115 hoc
767 5062 830 5127 est,
864 4985 980 5113 urhhla
1003 5070 1069 5112 non
1091 5046 1231 5111 afferens
1254 5048 1362 5111 vitam.
1405 5044 1459 5110 De

488 5139 681 5216 ten-oribus,
702 5145 738 5200 ut
759 5137 792 5199 in
804 5133 915 5216 Saule,
937 5131 1145 5197 manifestum
1167 5144 1219 5196 est
1239 5142 1365 5195 mentes
1386 5149 1461 5214 per·

489 5220 683 5289 terrefactus
715 5221 881 5367 agnitione
907 5220 979 5282 irae
1000 5217 1074 5295 Dei,
1107 5238 1179 5280 curn
1202 5236 1268 5279 non
1291 5218 1461 5301 eriguntur
1503 5247 1550 5311 35)
1568 5247 1610 5312 „y
1628 5248 1700 5299 my,
1721 5247 1742 5297 1.
1760 5246 1787 5295 3.
1805 5251 1850 5298 ,ut

491 5330 574 5373 voce
595 5307 732 5391 Evange
747 5306 779 5378 'i,
812 5300 928 5386 lugere
949 5301 1057 5365 Deum
1085 5314 1116 5364 et
1137 5320 1234 5365 ruere
1250 5302 1282 5364 in
1307 5301 1460 5383 despera·
1503 5346 1551 5410 36)
1568 5353 1613 5400 m,
1629 5347 1928 5408 mmssonesfflngem
1945 5359 1995 5398 non
2013 5346 2149 5408 mmm]
2166 5348 2243 5408 m
2262 5360 2344 5409 Μ
2363 5356 2483 5410 ΝΜ·

490 5397 612 5458 ῑὶθῐὶθῐῐὶ
634 5404 667 5456 el
687 5402 856 5455 aeternum
878 5387 1018 5449 edilium·
1573 5418 1596 5463 1.
1614 5415 1638 5463 3.
1656 5417 1828 5478 exaltentur,
1846 5413 2012 5468 candarau
2028 5416 2062 5465 oe
2078 5416 2325 5472 tomoeeteteutoa
2343 5423 2375 5476 aa
2393 5425 2442 5477 m,
2461 5427 2484 5473 a.

576 5478 621 5541 At
643 5470 857 5560 Evangeliom
889 5480 942 5534 est
969 5470 1180 5534 ministerium
1201 5469 1344 5550 spiritus.
1389 5466 1460 5531 llac
1557 5482 1729 5545 tatemere
1746 5484 1873 5536 mrum
1889 5482 2099 5544 reuertentur
2114 5483 2230 5537 *mrum
