5859 6734
465 656 527 721 481
907 656 931 718 Ι.
954 652 1055 717 LOCl
1077 649 1350 717 THEOLOGlCl:
1373 649 1411 715 C.
1434 648 1646 716 SECUNDA
1666 648 1822 717 EORUM
1843 651 2000 717 AETAS.
2385 656 2449 723 481

465 852 606 926 possunt
633 840 741 902 omnia
762 838 911 903 Levitico
933 837 1120 916 Sacrificia,
1142 850 1298 922 tanquam
1319 837 1352 898 in
1374 852 1435 899 sua
1478 834 1572 913 fides,
1592 836 1769 913 invocatio,
1790 837 2075 937 gratiarumactio,
2098 834 2276 915 confessio,
2298 836 2449 906 afflictio·

467 922 638 989 domicilia.
682 922 885 987 Dicebantur
907 924 992 986 enim
1015 922 1175 1006 quaedam
1202 925 1236 985 in
1256 920 1332 1006 lege
1360 939 1435 1003 pro·
1478 939 1539 983 nes
1562 932 1768 1003 sanctorum,
1795 941 1860 984 rmo
1890 921 1997 983 ormria
2018 923 2105 983 bona
2128 941 2229 1003 opera
2245 933 2447 989 sanctorum.

466 1010 630 1094 pitiatoria
652 1006 821 1071 Sacrificia
846 1018 981 1089 propter
1008 1006 1278 1090 significationem
1305 1024 1365 1068 seu
1394 1005 1436 1065 si·
1479 1004 1570 1069 llaec
1597 1004 1760 1068 sacrificia
1784 1023 1850 1068 non
1878 1016 1956 1068 sunt
1977 1002 2220 1069 satisfactiones
2242 1027 2305 1089 pro
2326 1004 2449 1071 facien·

467 1090 687 1168 militudinem,
708 1111 776 1155 non
797 1093 886 1174 quod
904 1102 1106 1157 mererentur
1124 1092 1350 1155 remissionem
1384 1108 1435 1151 ec
1478 1090 1578 1168 tibus,
1600 1086 1655 1152 vel
1676 1086 1892 1173 applicabiles
1910 1110 1971 1171 pro
1993 1086 2079 1166 aliis,
2101 1109 2186 1171 quae
2202 1092 2449 1155 mereantureia

469 1189 615 1241 catorum
644 1196 756 1240 coram
784 1174 876 1253 Deo,
907 1177 968 1239 sed
995 1176 1070 1258 quia
1099 1175 1330 1260 significabant
1351 1110 1436 1237 fritu-
1480 1193 1521 1235 ex
1542 1193 1642 1255 opere
1664 1183 1798 1255 operato
1826 1174 2050 1236 remissionem
2077 1185 2288 1255 peccatorum
2315 1194 2377 1239 seu
2396 1194 2449 1239 re·

468 1283 540 1326 rum
561 1260 684 1324 Christi
705 1258 922 1323 Sacrificium.
967 1258 1141 1323 Caeterum
1162 1260 1207 1323 ibi
1227 1260 1435 1323 merebantur
1479 1256 1751 1322 conciliationem.
1806 1256 1919 1341 ltaque
1949 1270 2082 1340 praeter
2112 1277 2213 1322 unum
2246 1256 2450 1323 Sacrificium

467 1346 690 1409 remissionem
717 1355 928 1425 peccatorum
956 1346 987 1406 in
1010 1355 1146 1407 externa
1169 1342 1435 1416 couversation03
1478 1343 1756 1424 propitiatorium,
1778 1338 1905 1405 scilicet
1925 1353 2063 1406 mortem
2084 1340 2219 1420 Christi,
2242 1355 2376 1407 caetera
2396 1361 2449 1405 sa-

466 1430 532 1495 hoc
554 1440 618 1506 est,
639 1448 681 1491 ne
701 1426 750 1491 illi
772 1426 1024 1492 excluderentur
1042 1448 1083 1491 ex
1099 1424 1345 1511 politiaMoysi.
1377 1425 1435 1490 Di·
1481 1426 1605 1491 crificia
1625 1427 1659 1488 in
1681 1425 1990 1490 novo'festamento
2012 1438 2138 1490 tantum
2159 1426 2448 1511 suntoipapromci.

468 1514 627 1577 cebantur
655 1514 765 1595 ltaque
792 1532 853 1593 pro
877 1512 1017 1575 itiatoria
1043 1532 1104 1595 pro
1126 1522 1276 1593 peccato,
1296 1530 1357 1594 pro
1380 1510 1435 1573 ‹le-
1480 1508 1573 1573 Sicut
1594 1510 1691 1575 docet
1717 1508 1851 1587 PetruS,
1875 1509 1904 1572 l.
1917 1508 2005 1573 Petri
2019 1512 2050 1573 fi.
2069 1518 2133 1589 [vs.
2150 1511 2198 1588 5.]
2221 1509 2451 1575 Sacerdotium

467 1596 559 1675 licto,
579 1594 820 1659 holocaustum.
854 1534 1020 1659 litarem
1043 1606 1136 1660 erant
1157 1594 1354 1679 εὔχαριστικὰ,
1378 1594 1436 1659 ob·
1480 1605 1639 1672 sanctum,
1661 1606 1697 1658 ut
1714 1593 1860 1658 offeratis
1881 1592 2009 1657 hostias
2031 1593 2228 1677 spirituales.
2273 1594 2450 1677 Opponun·
2485 1639 2488 1643 -

467 1678 558 1759 latio,
579 1678 704 1755 libatio,
722 1680 966 1756 retributiones,
987 1681 1166 1762 primitiae,
1187 1679 1342 1743 decimae.
1480 1690 1532 1743 tur
1553 1690 1662 1743 autem
1682 1677 1810 1743 hostiae
1831 1675 2020 1760 spirituales
2042 1699 2108 1742 non
2124 1690 2249 1743 tantum
2257 1678 2451 1762 pecudibus,

554 1763 622 1828 Sed
643 1782 759 1826 revera
779 1763 909 1827 unicum
931 1773 1057 1826 tantum
1079 1766 1111 1827 in
1133 1764 1253 1827 mundo
1282 1761 1340 1827 fuit
1361 1783 1436 1846 pro-
1481 1765 1544 1827 sed
1559 1764 1655 1826 etiam
1669 1761 1820 1827 humanis
1836 1764 1990 1844 operibus
2003 1774 2302 1847 exopereoperato
2318 1758 2451 1839 oblatis,

467 1848 663 1997 prtiatorium
692 1847 913 1924 Sacrificium,
939 1847 1091 1913 videlicet
1118 1850 1231 1931 passio
1259 1866 1321 1911 seu
1346 1864 1436 1909 mers
1481 1845 1547 1909 hoc
1562 1859 1624 1924 est,
1641 1848 1713 1910 sine
1729 1845 1793 1910 fide
1805 1857 1837 1910 et
1849 1848 1936 1911 bono
1947 1858 2038 1911 motu
2050 1842 2176 1921 cordis3
2193 1848 2271 1929 quia
2281 1842 2452 1929 spirituale

495 1932 652 2007 hristi3ut
663 1932 761 1994 docet
770 1930 970 2013 Epistolaad
981 1932 1153 1997 Hebraeos
1165 1938 1253 2033 [cap.
1265 1930 1296 1993 9.
1308 1940 1342 1993 et
1354 1930 1436 2007 lul:
1482 1929 1647 2016 significat
1674 1942 1784 1995 motus
1813 1930 1954 2013 Spiritus
1981 1934 2086 1995 sancti
2115 1932 2146 1992 in
2174 1932 2282 1995 nobis.
2324 1928 2378 1994 De
2397 1928 2451 1994 his

466 2014 670 2099 Impossibile
692 2026 742 2077 est
759 2017 920 2099 sanguine
941 2029 1109 2081 taurorum
1132 2027 1164 2079 et
1193 2015 1360 2079 hircorum
1382 2033 1437 2076 au·
1482 2014 1654 2079 sacrificiis
1675 2011 1821 2098 loquitur
1841 2025 1874 2077 et
1894 2012 2046 2096 Epistola
2066 2016 2109 2078 ad
2131 2014 2303 2080 Hebraeos
2319 2034 2392 2097 cap.
2401 2010 2451 2077 13.

466 2097 545 2165 ferri
565 2111 714 2183 peccata.
757 2098 800 2161 Et
822 2098 1015 2184 paulopost
1038 2103 1079 2166 de
1106 2099 1276 2164 voluntate
1304 2096 1438 2175 Christi,
1483 2104 1549 2177 [νε.
1562 2097 1626 2178 lta]
1647 2095 1712 2161 Per
1738 2100 1846 2180 ipsum
1874 2096 2048 2163 offeramus
2074 2098 2216 2163 hostiam
2237 2098 2347 2165 laudis
2367 2119 2452 2164 sem·

466 2187 587 2269 inqua
606 2181 775 2248 voluntate
802 2186 997 2249 sanctificati
1024 2204 1136 2250 sumus
1153 2204 1214 2267 per
1239 2180 1439 2246 oblationem
1482 2202 1542 2265 per
1561 2180 1647 2246 Deo.
1690 2180 1734 2243 Et
1760 2182 1850 2243 addit
1875 2182 2192 2263 interpretationem:
2221 2182 2377 2241 Fructum
2403 2182 2451 2237 lu-

467 2269 616 2351 corporis
637 2266 760 2331 Christi
782 2268 884 2331 semel
907 2280 970 2331 etc.
1014 2270 1098 2333 Nam
1127 2280 1158 2332 et
1187 2266 1338 2331 Christus
1367 2267 1439 2347 ipse
1483 2267 1611 2331 biorum
1633 2263 1854 2329 confitentium
1875 2266 1997 2327 nomini
2014 2267 2103 2338 eius;
2126 2264 2158 2325 id
2181 2274 2250 2340 est,
2273 2260 2452 2324 invocatio-

466 2371 563 2415 suum
583 2350 788 2417 Sacrificium
810 2372 870 2435 pro
893 2353 989 2415 nobis
1011 2351 1168 2435 applicat,
1198 2372 1271 2415 cum
1298 2370 1360 2434 pro
1381 2369 1438 2413 no·
1484 2369 1569 2425 nem,
1597 2352 1775 2433 gratiarum
1797 2350 1969 2426 actionem,
1991 2345 2234 2412 confessionem
2264 2357 2296 2409 et
2322 2343 2450 2409 similia.

468 2434 520 2499 bis
543 2446 627 2511 orat,
648 2434 737 2499 loan.
763 2435 813 2498 17.
837 2440 919 2512 [νεε.
941 2434 982 2499 19
1001 2441 1082 2518 sq.:]
1106 2434 1173 2498 Pro
1196 2438 1244 2498 eis
1266 2432 1437 2498 sanctifico
1483 2434 1575 2497 llaec
1595 2431 1708 2497 velent
1727 2452 1795 2495 non
1817 2451 1900 2496 exo
1924 2451 1980 2494 ere
2002 2442 2154 2513 operato,
2184 2431 2244 2494 sed
2264 2440 2399 2514 propter
2415 2429 2451 2493 fi-

468 2537 522 2581 me
553 2517 676 2599 ipsum,
709 2528 746 2581 ut
774 2519 839 2581 sint
860 2531 893 2582 et
919 2520 982 2601 ipsi
1008 2519 1202 2583 sanctificati
1230 2521 1262 2583 in
1291 2519 1437 2582 veritate.
1484 2519 1568 2581 dem.
1600 2516 1638 2580 ld
1655 2528 1765 2580 monet
1785 2518 1890 2598 partic
1926 2538 1958 2592 a,
1979 2535 2039 2599 per
2054 2518 2162 2597 ipsum
2177 2513 2365 2591 offeramus,
2386 2511 2452 2578 hoc

467 2602 543 2666 Non
563 2622 625 2683 pro
646 2603 695 2664 eis
723 2613 831 2665 autem
852 2622 934 2686 rogo
957 2614 1098 2680 tantum,
1127 2602 1186 2667 sed
1208 2616 1241 2665 et
1260 2622 1322 2685 pro
1343 2602 1396 2678 iis,
1410 2606 1438 2676 ⁷)
1483 2612 1546 2679 cst,
1567 2600 1633 2665 fide
1654 2601 1686 2663 in
1709 2599 1886 2666 Christum.
1930 2598 1991 2663 Est
2009 2610 2118 2662 autem
2140 2599 2277 2682 insignis
2299 2594 2451 2662 consola·

468 2687 523 2769 qui
545 2686 699 2749 credituri
721 2696 799 2748 sunt
820 2688 1036 2768 perverbum
1059 2689 1223 2751 eorumin
1244 2706 1306 2749 me.
1349 2684 1439 2750 Ecce
1481 2687 1528 2749 tio
1559 2683 1766 2750 Christianae
1797 2685 1926 2761 mentis,
1958 2685 2063 2761 scire,
2102 2684 2192 2767 quod
2223 2683 2331 2745 omnia
2365 2684 2452 2745 bona

467 2769 551 2833 haec
584 2780 661 2833 sunt
693 2772 798 2832 nostri
832 2770 995 2851 pontilicis
1029 2790 1070 2834 ac
1106 2770 1291 2833 sacerdotis
1325 2770 1437 2845 rerba,
1482 2789 1585 2853 opera
1613 2781 1647 2833 et
1674 2788 1788 2835 omncs
1817 2766 2014 2833 afflictiones
2042 2769 2106 2830 sint
2128 2765 2306 2843 sacrificia,
2334 2766 2451 2843 idest,

468 2855 587 2938 quibus
612 2872 650 2917 se
670 2873 731 2936 pro
753 2864 823 2916 tota
845 2851 997 2917 Ecclesia
1017 2853 1128 2932 offert,
1154 2875 1195 2918 ac
1216 2875 1276 2937 pro
1299 2873 1339 2918 ea
1355 2863 1437 2929 orat,
1482 2874 1584 2937 opera
1612 2853 1687 2917 Deo
1711 2852 1891 2937 placentia,
1918 2864 1951 2917 et
1986 2853 2103 2937 quibus
2135 2850 2230 2915 Deus
2258 2850 2320 2915 sibi
2348 2848 2451 2913 hono·

468 2957 552 3020 quae
574 2956 703 3019 semper
731 2939 764 2999 in
786 2948 965 3020 conspectu
988 2950 1020 3001 et
1048 2940 1080 3001 in
1102 2940 1210 3003 animo
1237 2937 1361 3001 habere
1382 2938 1438 3003 de·
1481 2959 1552 3003 rem
1571 2937 1685 3001 haberi
1707 2938 1905 3021 pronuntiet.

468 3024 593 3085 bemus.
636 3022 754 3085 Esaias
772 3022 870 3085 etiam
903 3024 1134 3105 interpretatur
1154 3020 1273 3106 legem,
1294 3034 1330 3087 ut
1351 3023 1437 3086 scia·
1566 3021 1610 3084 Et
1631 3022 1673 3085 de
1693 3020 1758 3086 hoc
1781 3041 1903 3107 genere
1922 3018 2158 3085 sacrificiorum
2169 3020 2328 3104 plurimae
2339 3033 2453 3085 extant

468 3125 540 3168 mus
568 3116 706 3169 mortem
729 3104 850 3169 Christi
879 3125 959 3169 vere
986 3126 1063 3169 esse
1089 3105 1350 3170 satisfactionem
1376 3126 1437 3188 pro
1482 3106 1666 3169 sententiae
1686 3107 1721 3169 in
1741 3103 1882 3170 Psalmis
1906 3116 1938 3168 et
1958 3104 2144 3187 Prophetis
2172 3105 2215 3168 Ut
2226 3102 2347 3169 Psalnr.
2360 3106 2414 3171 49.
2423 3110 2452 3189 ⁹)

531 3190 613 3253 catis
634 3191 778 3267 nostris,
807 3210 868 3254 seu
890 3191 1124 3273 expiationem,
1146 3210 1211 3253 non
1235 3192 1437 3253 ceremonias
1484 3195 1562 3265 Ινεε,
1578 3188 1628 3249 14.
1644 3195 1707 3272 sq]
1721 3187 1958 3253 lmmolaDeos
1975 3188 2172 3252 sacrificium
2189 3186 2306 3251 laudis.
2330 3188 2453 3255 luvoca

482 3274 563 3357 egis.
607 3274 718 3346 Quare
751 3276 854 3356 inquit
883 3294 954 3355 cap.
972 3274 1025 3336 53.
1055 3281 1121 3353 [νε.
1143 3273 1207 3351 10.]
1258 3271 1438 3355 Postquam
1482 3291 1535 3335 me
1550 3274 1584 3335 in
1606 3272 1659 3335 die
1673 3269 1892 3337 tribulationis
1909 3284 1972 3337 etc.
2015 3272 2095 3335 ltem
2110 3270 2233 3336 Psalm.
2242 3271 2295 3335 50.
2308 3279 2373 3351 [νε.
2385 3272 2450 3352 19.]

468 3358 592 3421 dederit
613 3360 754 3422 animam
775 3378 868 3420 suam
896 3355 1038 3421 hostiam
1059 3378 1120 3440 pro
1143 3354 1290 3432 delictis,
1317 3355 1439 3419 videbit
1484 3354 1689 3420 Sacrificium
1710 3353 1785 3418 Deo
1806 3356 1940 3439 spiritus
1963 3352 2201 3420 contribulatus
2223 3367 2287 3421 etc.

469 3460 580 3505 semen
603 3440 802 3524 longaevum
824 3452 886 3503 etc.
916 3440 1019 3510 Quasi
1041 3442 1143 3505 dicat=
1166 3438 1244 3503 Alia
1265 3438 1374 3503 hostia
1390 3456 1439 3501 re·
1569 3438 1724 3504 Secundo
1746 3439 1916 3503 sciendum
1937 3450 2001 3518 est,
2025 3437 2147 3505 cultum
2167 3442 2200 3504 in
2228 3461 2318 3505 novo
2340 3440 2451 3505 Testa·

469 3536 552 3600 stat,
575 3544 761 3607 quaerere
783 3522 877 3586 tollet
898 3534 1069 3603 peccatum
1097 3535 1129 3586 et
1158 3534 1305 3587 mortem.
1349 3523 1438 3606 Ergo
1482 3532 1593 3586 mento
1615 3521 1817 3605 spiritualem
1838 3544 1927 3599 esse,
1949 3522 2015 3587 hoc
2037 3536 2098 3601 est,
2120 3524 2452 3589 esseiustitianrfidei

468 3611 552 3673 istae
577 3609 717 3673 usitatae
744 3608 948 3670 ceremoniae
974 3626 1040 3669 non
1069 3604 1189 3671 tollunt
1209 3617 1382 3690 peccatum
1407 3618 1440 3670 et
1483 3618 1516 3671 et
1541 3602 1668 3669 fructus
1695 3607 1790 3683 fidei;
1816 3608 1893 3692 quia
1920 3628 2041 3672 novum
2068 3607 2310 3673 Testamentum
2344 3606 2453 3673 adfert

468 3704 617 3755 mortem.
660 3688 784 3753 Paulus
806 3689 893 3753 hanc
913 3692 1106 3755 sententiam
1129 3692 1277 3767 reddidit,
1300 3710 1372 3755 cum
1391 3692 1438 3753 in-
1482 3690 1636 3754 lustitiam
1658 3702 1690 3755 et
1711 3692 1811 3755 vitam
1832 3690 2031 3775 spiritualem
2054 3704 2086 3756 et
2108 3704 2285 3769 aeternam,
2307 3693 2396 3757 iuxta
2416 3690 2451 3755 il·

492 3776 540 3837 uit
569 3772 657 3851 [Gal.
680 3774 713 3850 3,
737 3773 816 3851 13.]:
849 3774 970 3837 Factus
1004 3787 1055 3837 est
1086 3773 1303 3839 maledictum.
1358 3774 1439 3839 ltem
1483 3772 1540 3840 lud
1560 3773 1714 3852 [Hierem.
1732 3774 1786 3852 31,
1802 3774 1885 3855 33.]:
1913 3776 2011 3840 Dabo
2037 3775 2147 3862 legem
2168 3797 2273 3840 meam
2294 3778 2327 3841 in
2349 3778 2452 3841 corde

469 3864 481 3937 [
536 3856 692 3934 m.8,3.]:
716 3860 757 3921 de
777 3870 916 3940 peccato
939 3859 1102 3922 damnavit
1123 3871 1312 3940 peccatum3
1332 3860 1439 3937 idest,
1484 3878 1607 3925 cortun.
1650 3858 1693 3923 Et
1714 3856 1867 3925 Christus
1888 3862 1934 3925 ait
1956 3859 2179 3940 [1011.4,23.];
2201 3860 2281 3925 Veri
2299 3862 2450 3924 adorato·

531 3952 638 4005 catum
659 3944 785 4024 punivit
802 3956 834 4005 et
852 3940 971 4006 delevit
988 3961 1048 4024 per
1064 3942 1206 4008 hostiam
1217 3964 1277 4027 pro
1289 3955 1438 4025 peccato.
1484 3962 1539 4007 res
1569 3944 1752 4007 odorabunt
1777 3942 1910 4008 Patrem
1937 3945 1970 4007 in
1995 3946 2111 4027 spiritu
2138 3957 2171 4008 et
2199 3946 2354 4021 veritate,
2385 3943 2451 4011 lroc

482 4046 576 4107 psam
598 4028 683 4087 enim
704 4026 844 4090 hostiam
863 4027 1005 4090 Hebraei
1021 4040 1193 4109 peccatum
1211 4026 1439 4092 seudelictum
1484 4038 1552 4105 cst,
1594 4047 1675 4091 vero
1723 4029 1833 4093 cordis
1866 4027 1996 4093 affectu.
2063 4028 2204 4113 ldeoque
2243 4041 2320 4093 sunt
2354 4030 2450 4093 abro-

467 4121 600 4186 vocant,
623 4111 707 4173 sicut
726 4108 819 4175 latini
838 4110 1010 4193 piaculum.
1053 4110 1234 4175 'feneamus
1248 4114 1350 4197 igitur·
1363 4110 1438 4190 hoc,
1485 4114 1553 4197 gati
1573 4110 1710 4175 Levitici
1738 4112 1863 4189 cultius,
1915 4115 1969 4175 uia
1996 4112 2116 4177 debent
2141 4114 2321 4179 succedere
2344 4110 2452 4177 cultus

468 4192 573 4257 fuisse
594 4196 726 4258 unicum
746 4206 870 4260 tantum
894 4197 925 4257 in
953 4197 1073 4259 mundo
1100 4194 1302 4261 Sacrificium
1331 4198 1439 4282 propi·
1484 4193 1671 4279 spirituales
1692 4199 1821 4274 mentis,
1843 4210 1877 4260 et
1893 4134 2017 4260 horum
2037 4194 2164 4263 finctus
2188 4208 2221 4263 et
2241 4200 2348 4283 signa.

469 4279 641 4342 tiatorirrm.
685 4279 768 4341 Nam
790 4278 863 4356 illa,
890 4299 974 4362 quae
995 4282 1027 4341 in
1049 4277 1126 4361 lege
1149 4278 1339 4343 dicebantur
1363 4288 1439 4362 pr'o-
1568 4278 1618 4341 Ex
1646 4276 1699 4341 his
1721 4282 1886 4362 sequitur,
1918 4278 2043 4345 rrullum
2069 4302 2144 4346 esse
2172 4283 2368 4347 sacrificium
2395 4298 2452 4350 aut

469 4362 650 4447 pitiatoria,
680 4372 714 4425 ut
737 4364 817 4441 dixi,
844 4375 978 4446 propter
1007 4362 1246 4429 similitudinem
1269 4366 1319 4427 sic
1341 4384 1439 4428 voca-
1484 4361 1609 4429 cultura
1629 4363 1706 4427 novi
1727 4362 1937 4440 Testamenti,
1966 4366 2021 4449 qui
2043 4386 2084 4429 ex
2106 4387 2206 4449 opere
2227 4378 2362 4449 operato
2384 4388 2451 4433 me-

471 4449 607 4520 bantur;
636 4448 775 4530 ideoque
802 4445 924 4513 abolita
953 4459 1045 4525 sunt,
1077 4460 1251 4532 postquam
1285 4446 1438 4511 Christus
1483 4459 1594 4511 reatur
1617 4444 1767 4524 facienti,
1789 4444 1844 4511 rel
1864 4446 1957 4525 aliis,
1980 4451 2206 4514 remissionem
2251 4450 2450 4529 eccatorurh,

470 4532 630 4613 apparuit.
674 4530 779 4594 Porro
809 4552 883 4594 cum
904 4530 1117 4615 Evarrgelium
1142 4533 1218 4595 ideo
1240 4534 1438 4613 promissum
1485 4542 1652 4616 repugnat
1674 4532 1757 4595 enim
1786 4534 1948 4596 sententia
1976 4531 2058 4611 [loh.
2070 4534 2101 4615 4,
2116 4532 2198 4615 234:
2259 4536 2306 4598 eri
2334 4536 2451 4600 adora·

465 4616 525 4692 ¹sit,
548 4626 583 4678 ut
605 4614 776 4677 exhiberet
798 4635 909 4677 reram
931 4618 1201 4699 propitiationem,
1224 4636 1365 4681 necesse
1388 4626 1439 4679 est
1484 4628 1575 4677 tores
1602 4615 1787 4679 adorabunt
1807 4614 1939 4679 Patrem
1960 4618 1994 4679 in
2014 4618 2129 4699 spiritu
2157 4632 2189 4682 et
2216 4620 2359 4682 veritate
2387 4630 2449 4683 etc.

471 4701 672 4765 ceremonias
684 4698 849 4761 Leviticae
866 4718 933 4761 non
950 4698 1053 4764 fuisse
1064 4720 1162 4765 veras
1180 4701 1438 4783 propitiationes,
1484 4700 1551 4762 lmo
1573 4697 1764 4762 Pharisaica
1784 4702 1955 4783 persuasio
1984 4712 2050 4777 est,
2078 4704 2166 4785 qnod
2193 4698 2311 4785 aliquis
2341 4700 2450 4767 cultus

472 4786 549 4866 quia
570 4793 787 4845 cessaverunt
808 4779 953 4846 revelato
974 4782 1165 4869 Evangelio.
1482 4794 1648 4848 mereatur
1675 4784 1899 4848 remissionem
1927 4795 2138 4868 peccatorum
2170 4808 2211 4849 ex
2239 4806 2340 4869 opere
2372 4808 2450 4871 ope·

1483 4878 1566 4931 rato.
1612 4866 1759 4951 Cumque
1779 4866 1843 4931 hac
1863 4869 2076 4949 persuasione
2103 4870 2213 4935 ludaei
2234 4890 2314 4935 suos
2342 4869 2450 4937 cultus

620 4966 681 5029 DE
700 4964 1021 5031 EUCHAfflsTlco
1044 4968 1300 5033 ΒΑΟΒΙΗΟΙΟ,
1484 4948 1699 5027 cumularent,
1720 4964 1755 5014 ut
1774 4951 1928 5015 videlicet
1948 4950 2050 5015 multa
2069 4966 2290 5031 mererentur,
2312 4957 2450 5039 gratiam

1483 5048 1517 5099 et
1548 5032 1674 5118 reliqua
1702 5035 1880 5111 beneficia,
1912 5048 2048 5119 propter
2080 5036 2245 5103 cumulata
2276 5040 2449 5117 sacrificia,

559 5118 654 5182 Nunc
675 5116 800 5202 reliqua
821 5130 898 5182 sunt
919 5117 1080 5181 sacrificia
1101 5119 1337 5203 εὐχαρισνικά,8)
1355 5139 1439 5203 quae
1482 5119 1669 5201 Prophetae
1690 5122 1849 5183 acerrime
1869 5118 2058 5185 reclamant.
2101 5119 2244 5187 Damnat
2270 5120 2356 5186 hanc
2376 5143 2440 5205 per·

474 5214 635 5267 vocantur
663 5202 832 5267 Sacrificia
863 5200 987 5280 laudis,
1020 5199 1225 5267 Praedicatio
1258 5202 1439 5289 Evangelii,
1483 5206 1671 5268 suasionem
1695 5200 1847 5269 Psalmus
1862 5204 1914 5269 49.
1944 5210 2008 5283 [νε.
2029 5204 2092 5283 13.]
2116 5208 2170 5290 qui
2198 5206 2376 5290 repudiatis
2402 5208 2449 5271 vi·

477 5340 675 5351 ———

493 5408 522 5469 7)
541 5406 591 5481 li]
608 5406 649 5456 Ed.
669 5408 753 5483 113et
769 5406 844 5468 opu:
862 5407 908 5463 eis.
1500 5408 1530 5471 9)
1548 5408 1603 5468 ιιι]
1620 5409 1656 5457 sie
1673 5408 1747 5459 Editt.
1766 5408 1788 5455 2.
1801 5408 2016 5459 6-s.11-14.
2036 5413 2063 5461 ει
2079 5410 2154 5473 Opp·;
2172 5410 2214 5461 Ed.
2237 5410 2297 5461 14.
2314 5409 2338 5457 5.
2358 5409 2381 5458 9.
2399 5412 2449 5472 typ.

493 5475 522 5535 s)
540 5473 725 5536 ευχαριστικα]
743 5472 814 5524 Ειιιιι
831 5474 869 5520 12.
891 5472 929 5520 13.
949 5473 1117 5525 Eucharistlca
1459 5503 1463 5523 .
1551 5486 1651 5525 errore:
1669 5476 1710 5527 46.

628 5585 745 5627 mm.
759 5586 826 5629 0111.
839 5587 889 5629 Wl-
903 5587 954 5628 nl.
2265 5580 2296 5628 al
