5859 6734
497 705 577 772 1011
1096 705 1207 772 11111..
1229 707 1332 773 Mlti.
1353 707 1538 776 SGRlP'l'A
1555 707 1825 779 DOGMA'MGA.
2430 703 2501 769 tort

495 894 604 958 daturn
626 889 689 955 Dei
710 888 963 956 anteferendum
984 903 1046 968 est,
1068 903 1102 957 ut
1122 894 1220 957 docet
1240 891 1377 959 historia
1396 893 1465 960 Da·
1484 907 1488 950 t
1508 918 1579 960 rum
1602 908 1664 960 eto.
1708 895 1807 962 Deut.
1834 897 1884 962 18.
1908 902 1976 976 [vs.
2003 894 2065 976 la]
2109 894 2189 957 Nou
2220 893 2296 954 sint
2326 890 2424 975 magi
2451 905 2496 957 avt

494 974 590 1042 uielis
612 977 719 1041 tertio.
1507 982 1730 1045 incantatores
1752 982 1785 1044 10
1808 991 1905 1044 terra.

578 1060 656 1125 Dixi
677 1061 867 1145 praecipua,
889 1080 974 1145 quae
996 1062 1028 1124 iu
1046 1058 1200 1127 Ecclesia
1220 1062 1263 1128 de
1278 1065 1409 1128 caussis
1431 1074 1466 1127 et
1592 1063 1683 1127 Haec
1703 1075 1882 1149 praecepta
1903 1076 1981 1127 sunt
2002 1064 2081 1127 iuris
2102 1075 2246 1126 naturae
2271 1071 2307 1124 et
2335 1061 2492 1143 pertinent

494 1147 651 1233 dignitate
673 1143 796 1229 politici
818 1146 941 1210 ordinis
968 1157 999 1209 et
1026 1147 1276 1232 magistratuum
1302 1147 1382 1211 sciri
1407 1167 1464 1212 ne-
1507 1149 1550 1212 ad
1582 1149 1763 1212 secundum
1791 1160 2015 1232 praeceptum:
2049 1147 2124 1211 Non
2157 1145 2354 1229 usurpabis
2383 1165 2491 1211 00000

495 1250 593 1295 cesse
613 1243 676 1295 est.
721 1231 817 1296 Nunc
839 1231 934 1294 etiarn
962 1228 1063 1293 multa
1089 1229 1130 1296 de
1156 1227 1275 1297 officiis
1301 1233 1459 1318 guberna·
1507 1230 1569 1296 Dei
1591 1252 1688 1296 vane.
1727 1231 1798 1296 Nee
1822 1236 1907 1296 enim
1928 1231 2061 1296 habebit
2072 1231 2239 1295 Dominus
2265 1228 2366 1295 hunc
2390 1232 2489 1296 10000

494 1329 602 1380 torum
624 1317 763 1382 dicenda
784 1326 911 1392 essent,
939 1314 1000 1377 sed
1028 1334 1094 1378 0οο
1122 1326 1174 1380 est
1200 1317 1306 1380 nostri
1325 1317 1464 1382 iustimti
1507 1328 1589 1392 000,
1618 1318 1672 1400 qui
1700 1337 1818 1381 00000
1840 1317 1903 1381 1101
1925 1335 2011 1380 vane
2032 1318 2253 1398 usurpaverit.
2300 1313 2404 1379 Haec
2425 1335 2488 1381 seu

495 1399 667 1483 complecti
694 1413 794 1465 totam
815 1397 982 1481 politicam
1004 1400 1197 1465 doctrinam.
1239 1399 1362 1466 Extant
1387 1397 1464 1464 libri
1507 1402 1608 1465 tentia
1635 1403 1786 1464 omnibus
1814 1401 2016 1478 hominibus,
2046 1403 2109 1463 imo
2139 1402 2298 1464 omnibus
2334 1402 2486 1464 creaturis

493 1483 770 1568 Philosophorum
798 1496 830 1547 et
856 1483 1185 1562 iurisconsultorum,
1214 1487 1270 1568 qui
1297 1485 1464 1550 continent
1506 1482 1761 1570 intelligentibus
1780 1488 2002 1549 concionatur.
2048 1483 2115 1547 Suo
2138 1486 2285 1567 quisque
2316 1483 2485 1568 1000000

495 1565 606 1635 officia
626 1571 883 1653 magistratuum.
919 1568 990 1632 Nos
1008 1581 1116 1633 tamen
1133 1569 1225 1634 brevi
1243 1589 1280 1632 re
1305 1567 1360 1633 ula
1376 1589 1462 1633 sum·
1482 1599 1486 1618 ·
1506 1570 1619 1633 hibere
1640 1567 1832 1634 manifestas
1850 1569 1913 1633 Dei
1938 1566 2149 1633 contumelias
2172 1569 2286 1632 debet.
2329 1568 2441 1641 Quare
2458 1583 2484 1634 a

493 1674 579 1718 mam
599 1654 824 1719 indicabimus.
864 1650 1062 1717 Aristoteles
1085 1654 1210 1717 erudite
1232 1665 1281 1718 tra
1307 1653 1462 1718 ’110101
1506 1656 1719 1738 magistratus
1741 1653 1918 1737 prohibere
1948 1667 1981 1718 et
2008 1655 2123 1736 punire
2151 1653 2281 1718 debent
2303 1652 2484 1738 Epicureos

493 1739 648 1804 ultionem
667 1741 877 1823 magistratus
891 1739 1098 1821 paucissimis
1112 1739 1233 1816 verbis,
1252 1758 1337 1823 quae
1354 1750 1462 1802 tamen
1507 1758 1689 1820 semrones,
1712 1735 1873 1803 idolorum
1894 1736 2050 1814 honores,
2072 1739 2225 1820 periuria,
2250 1734 2400 1803 foedera
2420 1740 2483 1803 dee

494 1821 626 1888 evoluta
644 1826 787 1888 continet
804 1820 1038 1905 amplissimam
1056 1823 1253 1886 doctrinam:
1277 1822 1376 1907 ἄρχων
1400 1827 1463 1885 ἐστὶ
1506 1843 1648 1899 monum,
1665 1822 1906 1906 professionem
1924 1825 2093 1906 inrpiormn
2111 1823 2153 1885 do
2210 1833 2320 1887 atum.
2347 1823 2386 1887 ld
2403 1843 2484 1906 pree

494 1908 591 1989 φύλαξ
613 1909 713 1986 νόμου.
754 1907 836 1971 Cum
859 1926 1009 1992 quaeres,
1032 1926 1117 1991 quae
1138 1908 1204 1970 sint
1225 1902 1339 1971 officia
1439 1910 1462 1955 ’-
1507 1908 1628 1990 cipiunt
1650 1907 1787 1970 ethaeo
1809 1910 1897 1971 dicta
1919 1906 2053 1984 [Psalm.
2076 1907 2148 1984 1,1
2194 1914 2288 1989 sq.}:
2326 1907 2373 1972 Et
2395 1929 2482 1984 0000,

493 2003 670 2069 stratuum,
698 1994 809 2078 cogita
829 1990 915 2055 banc
938 1990 1174 2069 definitionem,
1200 2004 1232 2056 et
1254 1993 1311 2055 tibi
1338 1992 1372 2075 pi
1428 2002 1462 2055 to
1507 2011 1620 2077 reges,
1651 1991 1837 2076 intelligite,
1867 1993 2053 2068 erudimini,
2086 1993 2140 2076 qui
2168 1991 2332 2056 iudicatis
2362 2005 2482 2056 terram

493 2077 720 2160 magistratum
727 2123 737 2155 ,
766 2077 819 2141 oui
848 2078 889 2140 de
918 2075 1005 2140 collo
1034 2076 1198 2159 pendeant
1219 2073 1352 2139 tabulae
1379 2076 1463 2141 duae
1506 2077 1637 2141 Servite
1658 2076 1801 2142 Domino
1824 2088 1885 2141 etc.
1929 2074 1971 2139 Et
1993 2076 2091 2139 Prov.
2114 2075 2166 2136 15.
2196 2080 2267 2153 [vs.
2293 2077 2342 2157 5.]
2391 2074 2483 2143 Aula

493 2160 579 2246 legis
606 2160 726 2245 Moysi.
770 2161 893 2225 Harum
921 2173 1036 2226 custos
1068 2180 1146 2225 esse
1178 2162 1277 2225 debet
1304 2158 1462 2225 Politieus
1506 2161 1702 2244 impietatem
1718 2181 1740 2224 a
1756 2159 1848 2226 vultu
1866 2162 1967 2245 regis,
1990 2173 2022 2224 et
2044 2158 2223 2223 firmabitur
2249 2162 2384 2227 iustitia
2405 2161 2483 2226 thro-

540 2248 711 2323 bernator,
741 2248 831 2332 quod
857 2247 899 2309 ad
924 2256 1090 2309 externam
1112 2243 1314 2329 disciplinam
1337 2247 1462 2309 attinet.
1507 2265 1568 2309 000
1596 2246 1679 2309 eius.
1722 2245 1764 2310 Et
1789 2244 1978 2330 111001.
2015 2244 2058 2322 [l.
2081 2243 2168 2306 Sam.
2191 2245 2230 2322 1,
2262 2243 2337 2326 311]
2385 2245 2483 2312 Glori-

524 2351 577 2394 am
604 2327 669 2394 hae
694 2342 771 2395 sunt
799 2351 945 2395 000000
972 2328 1083 2416 leges,
1116 2350 1157 2393 ex
1185 2332 1303 2414 quibus
1332 2341 1463 2393 ceterae
1506 2328 1644 2393 ficantes
1666 2349 1718 2393 me
1740 2327 1933 2415 glorificabo
1956 2343 1987 2392 et
2011 2339 2262 2394 contemnentes
2282 2352 2339 2396 me
2357 2332 2483 2396 reddam

493 2413 651 2479 honestae
671 2414 685 2476 1
729 2436 766 2479 es
787 2435 913 2490 omnes,
937 2415 989 2499 (ut
1011 2434 1149 2479 necesse
1171 2427 1222 2478 000
1244 2413 1356 2498 plures
1374 2433 1463 2490 esse,
1508 2424 1725 2496 contemptos.

493 2520 578 2583 quae
595 2502 694 2563 vitum
741 2499 884 2564 oliticanr
901 2511 933 2563 00
948 2499 1067 2564 Forum
1084 2501 1228 2583 regant,)
1248 2509 1404 2582 tanquam
1421 2519 1463 2562 cx
1592 2496 1669 2560 1100
1693 2497 1889 2563 00000100
1915 2519 2017 2585 reges
2047 2500 2091 2583 pii
2118 2499 2274 2578 101010,
2306 2503 2370 2566 sed
2400 2503 2484 2566 etiarn

492 2584 637 2650 fontibus
660 2586 858 2651 derivantur.
1507 2580 1643 2647 aliarum
1660 2585 1804 2667 gentium
1823 2583 1946 2669 Reges,
1969 2597 2143 2667 postquam
2161 2585 2360 2650 didicerant
2382 2603 2485 2649 verat

579 2668 662 2733 Cum
684 2669 781 2753 igitur
802 2668 1017 2754 Magistratus
1039 2671 1081 2732 010
1110 2681 1223 2733 custos
1251 2667 1378 2754 legum,
1407 2669 1464 2730 ob·
1508 2668 1549 2730 de
1576 2665 1651 2731 Deo
1680 2670 1876 2745 doctrinam,
1903 2667 2139 2751 prohibuerunt
2167 2668 2398 2734 contumelias
2423 2671 2484 2734 rei

495 2766 653 2840 temperet
680 2756 728 2818 010
758 2756 830 2838 1000
859 2763 892 2817 00
924 2750 1007 2816 alios
1040 2755 1268 2835 obtemperare
1300 2764 1400 2837 cogat
1432 2763 1465 2813 et
1507 2751 1582 2829 Dei,
1603 2763 1639 2816 ut
1660 2751 1969 2817 Nabuchodonosor
1980 2757 2027 2837 ⁸²)
2057 2765 2088 2816 et
2110 2749 2235 2816 Darius
2259 2751 2400 2820 Medus.
2442 2751 2484 2817 lta

495 2860 606 2905 earum
621 2840 854 2903 'auctoritatem
876 2835 1003 2900 fortiter
1025 2835 1188 2900 defendat.
1232 2836 1309 2901 ldeo
1338 2836 1423 2899 0010
1444 2855 1464 2898 0
1508 2848 1541 2900 00
1562 2833 1798 2901 Constantinus
1821 2849 1854 2900 et
1875 2834 2080 2901 Theodosius
2103 2850 2194 2901 recte
2217 2834 2392 2916 fecerunt,
2417 2859 2482 2904 000

494 2924 569 2988 Deo
589 2935 734 2987 armatus
763 2934 815 2985 est
836 2919 957 3006 gladio.
1001 2922 1052 2985 Ac
1081 2935 1116 2986 ut
1145 2922 1321 3002 discrimen
1348 2917 1465 2983 intelli·
1509 2917 1655 2983 delerent
1683 2919 1781 2984 idola.
1824 2920 1895 2985 Etsi
1925 2926 2009 2987 0010
2032 2922 2246 3006 magistratus
2270 2945 2343 2991 non
2371 2923 2485 2988 iudicet

495 3021 592 3092 gatur
608 3005 835 3072 Ecclesiastici
854 3006 1083 3092 gubernatoris
1101 3018 1134 3069 et
1152 3003 1292 3082 Politici,
1308 3007 1347 3069 ‘et
1368 3001 1465 3067 simul
1509 3024 1570 3068 000
1591 3016 1693 3070 mutat
1715 3026 1856 3070 arcanas
1879 3008 2049 3088 opiniones
2078 3008 2110 3069 10
2137 3020 2266 3085 mente,
2296 3021 2406 3074 tamen
2434 3028 2483 3071 ex·

495 3091 605 3157 officia
628 3092 887 3175 conspiciantur,
914 3088 1000 3154 hanc
1022 3092 1115 3155 trado
1139 3090 1357 3154 definitionem
1384 3087 1465 3172 poli·
1509 3101 1602 3153 00000
1626 3086 1745 3153 delicta
1766 3087 1942 3172 probibere
1971 3092 2067 3155 debet
2088 3103 2227 3175 propter
2248 3091 2389 3177 gloriam
2412 3091 2483 3168 Dei,

496 3178 551 3241 tici
572 3177 802 3261 magistratus:
830 3175 1046 3259 Magistratus
1075 3188 1126 3239 est
1147 3175 1297 3239 Minister
1319 3173 1382 3237 Dei
1411 3195 1465 3238 cu·
1509 3189 1542 3238 et
1563 3194 1605 3237 nc
1626 3173 1738 3256 plures
1762 3188 2012 3257 corrumpantur
2032 3173 2165 3239 licentia
2186 3189 2222 3240 00
2245 3175 2411 3258 00000110.

496 3262 643 3326 00011000
665 3259 838 3325 honestam
860 3259 1063 3344 disciplinam
1085 3272 1255 3324 externam
1277 3261 1327 3322 sui
1350 3270 1465 3324 coetus
1595 3258 1705 3329 Quare
1728 3258 1855 3345 Regae,
1881 3258 2051 3342 Principes
2080 3273 2111 3322 et
2138 3259 2353 3346 Magistratus
2381 3262 2479 3324 etiam

496 3360 528 3410 et
554 3365 670 3429 paoem
697 3347 797 3427 ac⁸¹)
827 3350 987 3409 coercens
1018 3365 1059 3409 oc
1088 3346 1226 3427 puniens
1255 3355 1464 3408 contumaces
1508 3343 1573 3407 hoc
1592 3357 1737 3427 tempore
1754 3345 1929 3427 inspiciant
1940 3341 2110 3407 Ecclesias
2130 3356 2161 3407 et
2180 3357 2301 3410 curent
2316 3363 2372 3409 eas
2387 3355 2480 3408 recte

495 3430 649 3516 legitimis
670 3431 785 3512 poenis
808 3449 993 3513 corporum.
1509 3429 1631 3505 doceri,
1654 3441 1691 3492 ut
1713 3427 1887 3493 flectantur
1908 3431 2004 3492 animi
2027 3427 2194 3492 hominum
2221 3431 2266 3494 ad
2286 3449 2398 3495 veram
2415 3427 2478 3492 Dei

581 3511 644 3580 llic
659 3512 860 3579 differentiae
871 3525 1061 3596 comparent
1075 3514 1159 3576 10000
1169 3512 1342 3599 Evangelii
1354 3514 1465 3576 docto·
1508 3513 1747 3576 invocationem
1775 3525 1806 3575 et
1834 3514 1877 3576 ad
1904 3511 1969 3576 alia
1996 3515 2125 3596 pietatis
2156 3510 2285 3591 011010,
2318 3529 2350 3579 00
2375 3511 2480 3598 probi

496 3619 566 3668 ram
583 3611 616 3664 et
633 3597 873 3684 Magistratum.
900 3595 1071 3683 Evangelii
1090 3598 1207 3662 doctor
1222 3601 1376 3682 proponit
1392 3618 1465 3662 ver·
1509 3599 1606 3660 beant
1629 3593 1692 3660 coli
1714 3596 1802 3660 idola
1824 3618 1865 3661 ac
1888 3599 1999 3661 doceri
2021 3609 2052 3661 et
2077 3597 2267 3662 confirmari
2289 3596 2396 3664 falsas
2419 3599 2479 3683 001-

498 3689 572 3751 000
588 3682 653 3748 Dei
674 3695 708 3746 et
728 3683 932 3747 administrat
948 3684 1173 3760 Sacramenta,
1194 3704 1254 3766 000
1270 3703 1355 3768 quac
1372 3681 1465 3746 Deus
1507 3683 1624 3746 nioues
1646 3694 1832 3766 pugnantes
1855 3702 1928 3744 cum
1950 3681 2142 3766 Evangelio,
2163 3703 2185 3746 a
2205 3703 2411 3769 quocunque
2431 3701 2477 3768 ge

495 3769 666 3836 audientes
688 3778 787 3832 vocat
813 3768 854 3832 ad
876 3767 975 3832 vitam
1002 3779 1186 3844 aeternam,
1221 3779 1253 3831 et
1280 3779 1332 3830 est
1358 3769 1392 3829 in
1418 3768 1465 3830 eis
1508 3787 1587 3831 nere
1607 3765 1772 3830 hominurn
1795 3776 1996 3848 sparguntur
2009 3771 2066 3832 ⁸⁸).
2113 3768 2396 3851 Obtemperemus
2416 3768 2478 3834 rod

497 3851 628 3919 efficax.
664 3852 792 3916 Deinde
813 3855 947 3916 0010000
968 3865 1000 3915 00
1017 3853 1109 3934 punit
1128 3864 1252 3916 tantmn
1271 3854 1372 3914 verbo
1390 3849 1465 3928 Dei,
1508 3852 1632 3914 aeterni
1661 3850 1768 3914 Patris
1796 3851 2006 3933 praecipienti
2034 3853 2075 3915 de
2096 3851 2241 3916 Domino
2272 3867 2393 3920 nostro
2414 3853 2477 3918 1000

497 3936 624 4003 scilicet
646 3956 730 4000 voce
751 3934 843 4000 Evau
889 3933 922 3999 lii
950 3948 983 3999 et
1010 3937 1366 4010 excommunicatione,
1394 3937 1466 3998 sine
1509 3933 1639 4000 Christo
1665 3934 1758 4009 1100.
1780 3934 1812 4017 9,
1835 3934 1899 4011 31]
1952 3935 2047 3998 Ηο00
2069 3937 2189 4000 001100.
2234 3937 2477 4016 Amplectamur

497 4023 530 4085 vi
558 4017 734 4104 corporali.
778 4018 823 4083 At
845 3956 1062 4104 Magistratus
1088 4032 1201 4083 custos
1232 4030 1284 4082 est
1312 4033 1467 4084 externae
1509 4039 1590 4103 ergo
1613 4031 1645 4083 et
1666 4017 1869 4084 illustremus
1890 4018 2106 4105 Evangelium
2127 4021 2260 4085 Domini
2285 4027 2396 4088 nostri
2414 4023 2476 4086 lesa

497 4102 690 4189 disciplinae
711 4115 744 4168 et
764 4104 877 4185 pacis,
910 4115 941 4166 et
967 4115 1113 4168 armatus
1135 4101 1245 4187 gladio
1275 4109 1406 4168 coercet
1434 4115 1465 4167 et
1510 4100 1641 4181 Christi,
1661 4107 1788 4169 reiectis
1800 4103 1960 4179 Erhnicis,
1980 4104 2131 4181 10101010,
2150 4105 2304 4172 Turcicis
2321 4123 2357 4171 et
2371 4108 2476 4172 llaert·

496 4191 590 4273 punit
611 4199 822 4254 contumaces
845 4185 998 4274 legitimis
1019 4190 1134 4269 poenis
1157 4210 1342 4271 corporum.
1509 4189 1580 4252 ticis
1603 4188 1780 4254 furoribus.
1809 4187 1971 4253 Aufer-ant
1989 4191 2154 4273 principes
2172 4210 2212 4253 er
2231 4189 2397 4258 Ecclesia
2413 4188 2476 4256 Etlr

582 4273 666 4340 Cum
682 4284 789 4338 autern
802 4273 887 4351 dico,
905 4263 1135 4358 Magistratum
1147 4271 1338 4357 disciplinae
1356 4284 1466 4337 00000·
1508 4275 1615 4337 uicum
1633 4275 1813 4338 doctrinam
1831 4273 1953 4356 Papae,
1975 4271 2132 4338 Ethnicos
2157 4276 2236 4340 ritrrs
2262 4275 2475 4343 invocatlom's

498 4362 572 4426 dem
593 4379 686 4436 esse,
715 4354 862 4443 intellige
882 4370 1053 4441 utramque
1078 4357 1225 4423 tabulam
1246 4356 1409 4442 Decalogi
1436 4360 1465 4420 01
1508 4370 1710 4423 mortuorum
1732 4370 1762 4421 et
1785 4357 1967 4421 horrendas
1990 4356 2236 4440 profanationes
2261 4361 2401 4426 Coenae
2419 4359 2475 4425 110

498 4444 747 4512 custodiendam
768 4462 861 4519 esse,
887 4443 1009 4519 idest,
1043 4443 1118 4507 Non
1141 4455 1266 4508 tanturn
1295 4454 1346 4507 est
1372 4443 1464 4528 pacis
1508 4444 1595 4506 mini.
1640 4443 1676 4508 ld
1705 4444 1907 4527 praecipiunt
1935 4445 2088 4507 mandata
2108 4442 2172 4508 Dei
2198 4458 2339 4511 aeterna
2370 4461 2402 4511 et
2428 4447 2475 4508 10

499 4542 631 4607 custos,
657 4525 749 4594 velut
770 4527 1000 4603 armentarius,
1027 4547 1090 4591 nec
1109 4540 1234 4591 tantum
1255 4529 1378 4604 ventri,
1405 4526 1464 4590 sed
1508 4527 1695 4592 mutabilius
1728 4528 1802 4591 Non
1824 4545 1975 4590 assumes
2004 4547 2123 4591 nomen
2146 4528 2283 4594 Domini
2312 4533 2361 4595 tui
2391 4548 2474 4594 vaae

499 4616 634 4696 primum
655 4610 781 4698 gloriae
801 4610 865 4676 Dei
886 4612 1021 4689 serviat,
1045 4613 1134 4713 quod
1156 4612 1199 4675 ad
1221 4624 1374 4676 externos
1396 4632 1464 4675 mo·
1507 4611 1603 4675 ltenr:
1634 4611 1730 4675 Hunc
1765 4612 1883 4676 audite.
1929 4611 2070 4695 lmpertit
2104 4611 2199 4679 Deus
2228 4616 2475 4699 rnagtstmritu

499 4718 553 4761 res
580 4699 706 4761 attinet.
751 4695 796 4760 Ut
825 4717 939 4760 ornnes
969 4692 1102 4779 politrae
1129 4709 1310 4760 sanxemnt
1363 4715 1464 4759 oenus
1507 4698 1697 4762 societatem
1720 4698 1772 4760 sui
1793 4697 1933 4759 nominis
1955 4696 2041 4761 hanc
2062 4698 2166 4781 ipsam
2188 4700 2231 4763 ob
2254 4719 2426 4778 caussam,
2448 4709 2476 4760 ut

498 4782 659 4846 adversus
692 4782 859 4864 periuros,
897 4777 1019 4844 multae
1056 4782 1151 4844 etiam
1188 4780 1274 4863 apud
1306 4781 1345 4844 Et
1392 4782 1464 4843 icos
1506 4802 1560 4845 res
1579 4783 1717 4856 divinas,
1738 4781 1851 4858 idest,
1874 4800 1985 4845 veram
2002 4780 2066 4844 Dei
2084 4784 2231 4847 notitiam
2248 4796 2282 4847 et
2299 4785 2476 4849 invocatio·

498 4878 676 4930 sanxerunt
702 4886 827 4948 poenas
852 4866 1014 4929 adversus
1037 4863 1064 4926 E
1087 4866 1217 4930 icareos
1244 4885 1305 4929 seu
1324 4863 1464 4942 Atheos,
1508 4887 1597 4944 nem,
1625 4867 1779 4931 iustitiam
1805 4875 1837 4928 ct
1873 4886 1988 4949 pacem
2010 4879 2172 4933 tueantur.
2218 4867 2398 4940 Quomodo
2421 4867 2476 4933 dict

498 4952 553 5035 qui
569 4946 678 5033 palum
696 4951 845 5014 dixerunt
864 4946 940 5013 nihil
959 4968 1034 5012 esse
1085 4969 1158 5013 000
1176 4961 1231 5014 000
1248 4947 1369 5013 nullam
1387 4969 1464 5014 esse
1506 4960 1646 5034 possunt
1669 4950 1780 5013 vicarii
1796 4946 1870 5023 Dei,
1893 4951 1922 5013 si
1939 4949 2116 5016 Dominum
2133 4973 2194 5017 nec
2212 4968 2404 5037 agnoscant
2420 4952 2476 5036 ipsi

498 5035 736 5119 providentiam
758 5034 832 5099 Dei.
876 5035 941 5100 Sed
965 5054 1028 5097 nos
1054 5032 1163 5138 legem
1184 5033 1249 5096 Dei
1279 5053 1464 5117 secamur,
1507 5055 1568 5098 000
1589 5036 1631 5098 ab
1654 5029 1728 5097 aliis
1750 5036 1887 5117 agnosci
1910 5035 2046 5099 curent?

499 5117 930 5203 quaeait[Levit.19,d.]:
962 5117 1078 5201 Pugite
1094 5116 1189 5183 rdola.
1223 5055 1464 5182 1000100014.
1591 5116 1680 5181 Alibi
1691 5121 1738 5196 ⁸⁴)
1770 5130 1877 5183 autern
1910 5117 2059 5205 longiore
2094 5122 2315 5204 disputatione
2351 5122 2475 5189 ostendi

501 5211 563 5281 [vs.
589 5203 654 5282 11]
683 5200 746 5274 Qui
763 5199 1040 5286 blasphemaverit
1060 5223 1179 5267 00000
1195 5201 1338 5281 Domini,
1360 5213 1465 5267 morte

500 5290 665 5353 moriatur.
702 5286 799 5353 Deut
825 5287 874 5350 11.
910 5292 974 5365 [vs.
996 5287 1041 5366 3.]
1079 5287 1228 5352 Evertite
1255 5307 1334 5352 aras
1362 5284 1474 5353 idolo··

1511 5276 1714 5287 ...ι-..-

1507 5359 1553 5419 aa)
1571 5358 1812 5423 Nabuchodonosor]
1833 5359 1949 5410 110001.
1969 5362 1992 5405 3.
2012 5345 2211 5421 1000010000

1507 5457 1552 5523 03)
1571 5459 1737 5522 speramur]
1754 5459 1827 5511 surr
1846 5457 1886 5510 26.
1904 5458 1952 5520 tt,
1971 5459 2042 5521 corp.
2061 5462 2134 5513 1-t,
2151 5467 2309 5524 spargentur

501 5562 545 5620 st)
564 5559 604 5624 re]
624 5561 729 5614 110001.
749 5561 773 5608 ³.
792 5565 818 5612 et
1507 5560 1552 5625 84)
1571 5559 1628 5614 soll.
1647 5563 1672 5614 tu
1688 5564 1811 5614 tractatu:
1828 5561 1881 5623 „ite
1898 5558 1981 5611 otdrto
1998 5560 2148 5624 Principum,
2167 5561 2233 5623 quod
2252 5565 2407 5621 mannum
2419 5568 2463 5621 001
