5859 6734
946 709 1113 776 1075

2158 707 2381 774 PHIL-
2423 705 2631 773 ROEL.
2674 704 3053 775 SCRIPTA
3082 705 3637 776 DOGMA'rmA.
3705 735 3716 740 ·
3877 728 3896 734 “

4808 710 4992 779 1076

939 908 1250 980 senecta,
1307 909 1374 963 et
1414 893 1612 962 simul
1658 897 1878 962 rabies
1929 897 1997 960 111
2039 893 2344 966 Diabolis
2402 897 2683 973 crescit,
2739 897 2892 979 quia
2977 895 3172 960 cifixe
3224 915 3347 978 pro
3405 895 3602 960 nobis
3670 904 3737 959 et
3791 898 4220 976 resuscitate,
4285 917 4443 977 oro,
4512 907 4593 963 ut
4659 915 4850 973 1105,
4915 910 4991 963 ut

941 983 1156 1045 sciunt
1198 981 1386 1045 brevi
1428 983 1689 1043 instare·
1722 978 2062 1056 iudicium}
2119 979 2188 1042 in
2228 999 2362 1064 quo
2406 981 2701 1064 ipsorum
2757 992 2893 1045 tur·
2973 979 3493 1045 adolescentiam
3536 991 3606 1044 et
3646 976 3930 1045 familias
3972 993 4244 1047 nostras
4283 1003 4528 1085 regas,
4590 993 4669 1047 et
4725 981 4828 1046 ad
4876 1004 4993 1049 ca·

985 1067 1165 1130 itudo
1213 1064 1517 1130 omnibus
1560 1061 1840 1150 Angelis
1896 1074 1960 1128 et
2006 1063 2377 1129 hominibus
2433 1062 2615 1130 clare
2671 1077 2892 1131 osten·
2972 1067 3266 1130 stitatem
3296 1076 3362 1129 et
3384 1084 3609 1129 veram
3636 1068 4120 1131 invocationem
4142 1078 4392 1133 aeterni
4411 1068 4645 1133 Patris
4678 1080 4991 1152 pectora

987 1161 1152 1216 etur.
1231 1149 1389 1215 ldeo
1424 1160 1515 1229 te,
1550 1145 1678 1213 Fili
1710 1147 1863 1228 Dei,
1904 1147 2190 1214 Domine
2225 1149 2379 1215 lesu
2414 1148 2701 1230 Christe,
2745 1171 2892 1216 cru·
2973 1162 3205 1216 nostra
3247 1150 3496 1235 Spiritu
3537 1162 3773 1215 sancto
3818 1161 3930 1217 tuo
3951 1151 4231 1232 flectas,
4272 1154 4493 1219 Amen
4522 1156 4646 1238 ⁸⁸).

2643 1322 2708 1384 A
2841 1341 2937 1385 en
2954 1320 3091 1384 dix
3155 1319 3232 1382 11.

1195 1436 1806 1503 DEFlNlTlONES
1847 1437 2355 1504 MULTARUM
2391 1324 3182 1516 2⁶11³1>13[1,1,Il⁶lp'1*1ONUM³
3218 1328 3601 1510 (lUARUM
3635 1437 3727 1501 ΙΝ
3759 1437 4190 1507 ECCLESIA
4223 1439 4454 1506 USUS
4487 1440 4705 1521 EST,

939 1577 1300 1641 traditae
1398 1596 1441 1642 a
1525 1564 1913 1661 Philippo
1999 1572 2536 1640 Melanthone
2621 1574 2946 1659 Torgae
3031 1585 3110 1639 et
3192 1573 3785 1660 Witebergae,
3871 1596 4080 1641 anno
4173 1576 4340 1641 1552
4425 1588 4512 1642 et
4613 1577 4813 1645 1553
4863 1582 4986 1666 ⁸⁹).

1107 1694 1343 1760 DEUS
1429 1706 1538 1760 est
1627 1696 1917 1760 essentia
2008 1692 2399 1777 spiritualis,
2472 1690 2888 1777 intelligens,

939 1791 1237 1857 aeterna,
1275 1799 1505 1858 verax,
1543 1781 1739 1859 bona,
1775 1781 1968 1856 iusta,
2001 1780 2406 1856 misericorS,
2444 1788 2653 1857 casta,
2696 1778 2891 1842 liber-

939 1867 1123 1942 rima,
1157 1866 1516 1931 immensae
1548 1864 1883 1948 potentiae
1918 1875 1982 1927 et
2017 1864 2399 1945 sapientiae,
2435 1860 2570 1927 alia
2593 1883 2635 1926 a
2667 1862 2890 1927 mundi

941 1951 1329 2033 corporibus
1373 1961 1439 2015 et
1476 1950 1793 2015 creaturis
1831 1950 2131 2015 omnibus
2150 1952 2276 2024 ⁴⁰);
2320 1946 2518 2011 Pater
2551 1957 2889 2025 aeternuS,

980 2037 1049 2099 ui
1090 2034 1329 2100 Filium
1378 2035 1731 2122 imaginem
1787 2053 1977 2099 suam
2034 2034 2118 2097 ab
2177 2044 2450 2097 aeterno
2506 2033 2765 2117 genuit,
2825 2043 2889 2096 et

991 2115 1143 2185 ilius
1197 2121 1419 2208 imago
1460 2118 1681 2184 Patris
1728 2129 2115 2194 coaeterna,
2172 2129 2238 2180 et
2283 2117 2567 2201 Spiritus
2614 2128 2887 2182 sanctus
2936 2119 2939 2212 J

934 2206 1310 2287 procedens
1345 2225 1386 2269 a
1428 2203 1631 2269 Patre
1674 2214 1743 2267 et
1784 2201 1984 2281 Filio,
2042 2204 2214 2267 sicut
2257 2200 2589 2284 patefacta
2642 2212 2743 2266 est
2796 2203 2888 2266 di-

934 2288 1178 2354 vinitas
1225 2300 1408 2353 certo
1454 2290 1659 2353 verbo
1705 2299 1769 2352 ct
1809 2289 2195 2352 testimoniis
2242 2288 2502 2365 divinis,
2547 2288 2726 2372 quod
2763 2286 2889 2350 Pa·

933 2386 1037 2437 ter
1077 2385 1385 2438 aeternus
1432 2395 1581 2439 cum
1624 2370 1788 2437 Filio
1834 2383 1902 2437 et
1945 2371 2192 2457 Spiritu
2235 2384 2469 2437 sancto
2521 2372 2890 2437 condiderit

934 2469 1002 2522 et
1046 2468 1402 2524 conservet
1446 2455 1707 2523 coelum
1752 2470 1816 2522 et
1859 2469 2105 2523 terram
2148 2469 2213 2521 et
2259 2478 2486 2521 omnes
2523 2467 2886 2535 ereaturaS,

934 2554 1001 2607 et
1033 2544 1207 2607 adsit
1245 2544 1547 2608 omnibus
1585 2544 1937 2623 creaturis,
1981 2543 2159 2626 quod
2191 2543 2273 2605 ad
2314 2543 2887 2607 conservationem

932 2629 1163 2693 attinet
1187 2634 1278 2709 ⁴¹)
1292 2674 1315 2708 ,
1371 2639 1438 2692 et
1481 2629 1548 2692 in
1594 2648 1840 2714 genere
1879 2626 2167 2693 humano
2215 2628 2479 2691 condito
2522 2629 2611 2691 ad
2657 2629 2785 2691 ima
2838 2626 2887 2674 ’-

933 2732 1083 2777 nem
1117 2732 1304 2778 suam
1340 2725 1405 2779 et
1442 2724 1691 2778 certam
1727 2714 2161 2778 obedientiam
2199 2710 2470 2797 colligat
2504 2713 2632 2776 sibi
2655 2712 2794 2776 Eoo
2823 2731 2887 2775 e·

933 2798 1120 2876 siam,
1163 2809 1235 2861 ut
1275 2802 1364 2864 ab
1400 2818 1479 2861 ea
1511 2797 1680 2861 11000
1713 2819 1847 2862 una
1883 2809 1950 2862 et
1986 2817 2147 2862 vera
2182 2797 2510 2875 divinitaS,
2601 2795 2889 2862 atefacta

933 2883 1133 2946 certis
1180 2884 1575 2948 testimoniis
1620 2892 1689 2946 et
1726 2902 1847 2964 per
1880 2884 2152 2947 verbum
2188 2882 2496 2945 traditum
2588 2881 2883 2964 rophetis

933 2977 997 3031 et
1042 2967 1427 3049 Apostolis,
1482 2977 1887 3053 agnoscatur
1943 2978 2010 3031 et
2063 2963 2322 3032 colatur
2372 2967 2552 3029 iuxta
2608 2968 2886 3030 verbum

931 3048 1090 3116 illud
1134 3052 1442 3117 (livinitus
1477 3053 1808 3130 traditum,
1853 3062 1919 3116 et
1956 3050 2343 3115 damnentur
2378 3071 2606 3115 omnes
2645 3048 2884 3127 01111115,
2922 3109 2923 3117 ,

933 3138 1041 3222 qui
1099 3134 1355 3221 fingunt
1405 3134 1573 3201 alios
1617 3136 1837 3214 DeoS,
1897 3148 1962 3201 et
2017 3134 2184 3201 haec
2241 3156 2403 3200 vera
2455 3135 2765 3200 divinitas
2815 3136 2884 3199 in

929 3222 1066 3370 1713
1130 3233 1401 3286 aeterna
1469 3218 1843 3287 celebretur
1906 3232 1975 3287 et
2039 3222 2125 3286 sit
2183 3221 2378 3286 iudex
2434 3222 2759 3286 bonorum
2817 3231 2884 3284 et

931 3326 993 3369 m
1063 3326 1267 3371 orum.
2272 3319 2303 3349 ⁰

1102 3391 1285 3454 Haec
1330 3389 1617 3456 definitio
1652 3389 1779 3453 Dei
1823 3401 2075 3456 tantum
2110 3392 2177 3455 in
2212 3387 2524 3456 Ecclesia
2557 3400 2716 3454 nota
2751 3401 2879 3467 est,

928 3475 1041 3539 ubi
1066 3478 1267 3540 certis
1292 3476 1679 3540 testimoniis
1700 3495 2030 3560 personae
2049 3472 2420 3558 patefactae
2448 3487 2514 3540 et
2536 3476 2883 3538 distinctae

929 3572 1105 3639 sunt,
1149 3581 1323 3646 quae
1366 3562 1673 3625 intuenda
1717 3572 1818 3624 est
1863 3561 2153 3647 quotidie
2196 3559 2262 3623 in
2308 3559 2767 3637 Invocatione,
2817 3569 2881 3621 et

930 3646 1282 3732 cogitanda
1319 3656 1472 3710 sunt
1510 3647 1881 3710 testimonia
1915 3647 2159 3710 tradita
2183 3646 2250 3708 in
2271 3644 2609 3727 Baptismo
2635 3642 2881 3709 Christi

929 3740 997 3796 et
1037 3742 1270 3798 nostro
1306 3731 1645 3813 Baptismo
1694 3742 1758 3794 et
1801 3733 1867 3795 in
1910 3733 2121 3815 primo
2168 3749 2246 3793 ca
2293 3730 2381 3794 ite
2423 3728 2772 3794 Geneseos
2817 3739 2882 3792 et

926 3818 995 3879 in
1036 3816 1246 3901 primo
1293 3818 1510 3900 capite
1553 3814 1818 3880 loannis
1876 3828 1941 3880 et
1996 3814 2174 3880 alibi.
2326 3812 2422 3879 ult
2477 3817 2648 3879 enim
2690 3814 2878 3878 Deus

927 3898 1149 3986 aliquo
1191 3902 1390 3967 modo
1435 3913 1595 3965 nota
1630 3918 1781 3965 esse
1817 3901 2194 3965 discrimina
2228 3918 2685 3983 personarum,
2729 3901 2879 3983 quia

930 4156 1021 4218 38)
1060 4155 1448 4218 subscriptum
1498 4154 1704 4208 habent
1736 4153 1885 4207 Editt.
1941 4151 2019 4202 13.
2060 4154 2155 4214 15.,
2215 4154 2335 4216 opp.
2377 4155 2423 4201 1.
2461 4154 2529 4216 2.,
2564 4154 2651 4205 Ex.
2696 4158 2719 4201 1
2745 4153 2879 4207 -3.

1065 4220 1230 4277 τέλος.
1299 4223 1444 4276 Editt.
1483 4224 1565 4272 14.
1606 4225 1683 4276 18.
1722 4223 1801 4276 19.
1838 4221 2060 4272 22-34.
2132 4223 2306 4276 FINIS.

929 4323 1021 4387 39)
1059 4326 1162 4376 Hae
1200 4326 1547 4386 munitiones,
1606 4338 1736 4388 quae
1771 4326 1988 4388 primum
2025 4325 2324 4389 prodierunt
2355 4325 2404 4376 in
2440 4323 2684 4377 Locorum
2721 4322 2877 4374 theol.
2923 4334 2926 4354 ‘¹

1063 4394 1246 4445 tertiae
1283 4395 1469 4445 aetatis
1505 4394 1730 4445 Editione
1772 4392 1852 4441 16.
1894 4393 2046 4459 [Lips.
2069 4392 2216 4443 1553.
2254 4394 2305 4445 111
2339 4393 2620 4456 posteriore
2657 4391 2873 4444 duarum

1064 4462 1214 4514 liuius
1250 4463 1372 4513 anni
1404 4462 1713 4524 Editionum]
1749 4466 1802 4513 et
1835 4462 1887 4513 in
1922 4464 2254 4525 sequentibus
2273 4461 2419 4516 Editt.
2456 4474 2635 4515 eorum
2672 4472 2878 4512 conser-

1064 4534 1211 4581 vatae
1249 4534 1387 4593 sunt,
1423 4531 1575 4583 etiam
1611 4531 1664 4582 in
1697 4529 1990 4583 Examina
2027 4529 2477 4583 ordinandorum
2511 4529 2738 4582 Editione
2775 4532 2878 4580 ter·

1063 4597 1132 4648 tia
1185 4612 1231 4649 a.
1275 4597 1421 4649 1556.
1477 4602 1530 4650 et
1583 4598 1817 4650 omnibus
1870 4609 2011 4661 seqq.
2065 4598 2212 4650 Editt.
2265 4599 2502 4650 tractatui
2537 4598 2601 4648 de
2637 4597 2880 4659 coniugio

1067 4665 1229 4729 (conf.
1246 4679 1401 4730 supra
1414 4679 1467 4729 p.
1493 4667 1640 4715 1051.
1660 4670 1779 4719 nota
1799 4667 1843 4713 1.
1864 4664 2166 4729 Appendicis
2185 4666 2251 4728 Ι.)
2270 4670 2392 4718 sunt
2407 4677 2654 4725 annexae,
2672 4666 2882 4718 eodem-

1066 4746 1163 4796 que
1200 4736 1310 4786 loco
1344 4736 1397 4787 in
1424 4738 1667 4796 Corpore
1700 4734 1880 4789 doctr.
1916 4734 2110 4788 cmxc.
2148 4735 2468 4792 exhibentur,
2503 4738 2556 4784 et
2573 4734 2623 4784 in
2646 4735 2882 4794 operum

1065 4802 1323 4857 uetantia.
1388 4804 1856 4865 Witeberoensium
1905 4804 2083 4854 Parte
2128 4805 2168 4857 I.
2205 4803 2356 4865 paule
2406 4801 2636 4858 inferius,
2688 4802 2883 4853 scilicet

1064 4873 1180 4931 post
1213 4871 1325 4921 Mel.
1364 4872 1767 4933 Responsionem
1805 4871 1867 4921 de
1904 4872 2261 4923 controversiis
2299 4870 2555 4930 staurari,
2611 4880 2743 4931 quae
2777 4874 2879 4921 tra·

1063 4940 1255 4989 etatum
1294 4937 1357 4988 de
1395 4939 1638 5000 Coniugio
1675 4939 2018 5001 subsequitur,
2052 4940 2400 5001 renel-inmun
2447 4941 2718 5000 praeterea
2755 4949 2878 5000 quo-

1063 5017 1161 5068 que
1215 5005 1292 5057 bis
1330 5007 1810 5067 separatim”'editae
1848 5012 1968 5058 sunt
1999 5007 2328 5068 witebergae
2365 5018 2412 5057 a.
2455 5005 2603 5054 1554.
2642 5009 2694 5058 et
2732 5004 2876 5057 1556.

1065 5074 1206 5135 (vide
1244 5085 1372 5136 quae
1408 5085 1563 5134 supra
1599 5087 1644 5136 p.
1680 5074 1966 5124 573—576.
2004 5074 2269 5137 diximus).
2322 5075 2660 5135 Quamobrem
2695 5073 2745 5125 in
2780 5074 2878 5125 hac

1064 5142 1149 5193 Ed.
1196 5154 1298 5194 non
1333 5144 1529 5192 tantum
1567 5142 1842 5193 Locorum
1875 5142 2020 5193 Editt.
2060 5140 2206 5190 16-
2226 5141 2306 5194 34.
2341 5143 2395 5193 et
2431 5142 2695 5204 corporis
2728 5141 2873 5194 Editt.

1067 5212 1214 5258 1-8.
1249 5213 1401 5272 atque
1437 5210 1601 5261 Partis
1636 5211 1673 5260 1.
1712 5210 1947 5270 operum
1982 5210 2153 5264 Wneb.
2189 5209 2336 5262 Editt.
2378 5210 2427 5257 1.
2469 5211 2512 5263 2.
2550 5210 2874 5274 contulimuS‚

1063 5279 1156 5329 sed
1194 5279 1346 5329 etiam
1383 5277 1674 5331 Eoeamtnls
1713 5276 1897 5331 ordin.
1918 5278 2199 5329 Editionem
2234 5279 2437 5335 tertiam
2474 5290 2521 5329 a.
2559 5276 2706 5330 1556.
2740 5280 2870 5340 (Ex.

1059 5351 1112 5400 3.
1147 5347 1428 5408 signatam)
1482 5358 1542 5396 ac
1579 5345 1709 5396 duas
1744 5346 1924 5397 harum
1959 5346 2310 5399 Definitionum
2347 5347 2604 5415 Editiones
2643 5348 2872 5409 singula·

1060 5428 1166 5476 res,
1203 5427 1327 5479 quas
1362 5413 1488 5477 Des.
1525 5416 1571 5467 1.
1611 5416 1663 5465 et
1695 5413 1821 5477 Bes.
1857 5414 1909 5467 2.
1948 5414 2282 5475 signabimus.

929 5516 1021 5578 40)
1058 5516 1334 5578 omnibus‚]
1367 5516 1521 5568 Editt.
1563 5514 1772 5565 16—19.
1812 5513 1894 5562 23.
1928 5516 2207 5580 bominum,

924 5615 1019 5679 41)
1057 5618 1237 5669 attinet
1268 5616 1429 5670 abest
1462 5616 1534 5670 ab
1567 5616 1713 5669 Editt.
1754 5615 1969 5667 16-19.
2009 5617 2089 5665 22.
2128 5618 2209 5669 23.

2977 1689 3120 1758 vult
3160 1693 3316 1756 sciri
3357 1690 3594 1757 Filium
3637 1713 3792 1758 esse
3836 1692 4271 1760 Mediatorem
4318 1707 4388 1761 et
4439 1696 4856 1777 victimam,
4915 1710 4984 1765 et

2976 1797 3112 1841 non
3157 1774 3324 1840 alias
3369 1797 3719 1861 personas.

3146 1859 3409 1927 Ethnici
3448 1874 3680 1928 tenent
3728 1862 4172 1928 definitionem
4213 1862 4341 1928 Dei
4397 1866 4552 1929 sine
4608 1868 4975 1953 agnitione

2936 1994 2939 2026 ἢ
2974 1966 3427 2032 personarum.
3498 1946 3623 2013 Est
3666 1949 3834 2013 enim
3876 1960 4153 2014 naturae
4195 1946 4534 2015 hominum
4581 1952 4808 2017 insita
4852 1974 4970 2019 no-

2974 2033 3115 2097 titia
3155 2031 3362 2118 Legis
3374 2078 3394 2111 ,
3451 2053 3622 2118 quae
3680 2045 3785 2098 est
3836 2034 4109 2099 evidens
4153 2044 4223 2098 et
4261 2035 4608 2103 immotum
4651 2039 4964 2103 testimo·

2973 2118 3185 2194 nium,
3231 2118 3622 2196 ostendens,
3682 2119 3860 2204 quod
3903 2119 3990 2182 sit
4029 2117 4219 2183 Deus
4232 2164 4253 2197 ,
4311 2131 4379 2186 et
4421 2120 4647 2206 qualis
4705 2124 4839 2201 sit,
4891 2136 4957 2187 01

2975 2204 3154 2287 quod
3205 2204 3469 2267 iudicet.
3555 2201 3783 2268 Voluit
3838 2203 4027 2267 Deus
4085 2223 4163 2266 se
4214 2224 4299 2268 ex
4351 2205 4582 2271 multis
4640 2208 4956 2294 vestigiis

2973 2288 3285 2374 agnosci,
3329 2290 3503 2352 sicut
3548 2307 3631 2351 ex
3676 2288 3906 2353 ordine
3948 2307 4300 2373 corporum
4335 2292 4600 2370 mundi,
4646 2304 4953 2358 motuum

2976 2370 3383 2452 coelestium,
3468 2384 3736 2456 erpetua
3759 2374 4264 2439 conservatione
4284 2376 4665 2459 specierum
4699 2388 4775 2441 et
4807 2379 4951 2463 ipsa

2974 2457 3396 2522 distinctione
3488 2468 3866 2522 onestorum
3916 2469 3983 2523 et
4025 2461 4305 2542 turpium
4350 2461 4419 2524 in
4459 2474 4689 2526 mente
4731 2459 4951 2535 ‚horni-

2974 2543 3110 2621 nis,
3166 2542 3317 2606 ideo
3376 2542 3551 2626 apud
3608 2539 3950 2607 Platonem
4016 2555 4196 2608 extat
4250 2542 4417 2609 haec
4475 2546 4794 2612 definitio
4820 2551 4946 2633 *ὓς

2971 2625 3161 2692 Deus
3198 2638 3302 2692 est
3336 2646 3523 2693 mens
3559 2637 3854 2705 aeterna,
3892 2647 4136 2692 caussa
4169 2630 4327 2694 boni
4359 2632 4427 2694 in
4462 2643 4736 2696 natura„
4811 2633 4947 2699 Sed

2971 2710 3081 2775 hic
3138 2732 3273 2777 non
3336 2712 3411 2777 fit
3469 2713 3710 2777 mentio
3775 2713 4169 2778 discriminis
4231 2728 4699 2799 personarum.
4799 2717 4945 2783 Nos

2971 2797 3171 2900 igitur
3210 2800 3278 2861 in
3317 2798 3737 2862 invocatione
3777 2798 4149 2864 intueamur
4201 2810 4268 2863 et
4309 2812 4658 2866 teneamus
4703 2802 4944 2868 defini·

2971 2893 3215 2947 tionem
3262 2883 3328 2945 in
3370 2880 3677 2946 Ecclesia
3728 2880 4126 2966 patefactam
4179 2896 4245 2948 et
4295 2904 4499 2968 supra
4556 2889 4940 2953 recitatam.

3144 2997 3562 3064 PERSONA
3590 3011 3694 3064 est
3720 3002 4116 3081 substantia,
4142 3003 4497 3082 individua,
4521 3003 4942 3092 intelligens,

2969 3082 3632 3163 incommunicabiliS,
3697 3105 3834 3150 non
3890 3089 4304 3151 substentata
4358 3090 4426 3153 in
4482 3088 4618 3155 alia
4675 3105 4937 3157 natura.

2970 3170 3086 3236 Sic
3147 3167 3437 3253 loquitur
3490 3166 3834 3249 Ecclesia,
3898 3182 3966 3237 et
4021 3169 4351 3238 vocabulo
4409 3193 4747 3259 personae
4805 3175 4940 3241 1100

2922 3289 2923 3298 1
2967 3255 3166 3334 modo
3208 3256 3432 3320 utitur.
3523 3251 3763 3320 Graeci
3806 3255 4135 3320 ὑπόστασιν
4186 3269 4250 3321 et
4299 3256 4704 3340 ὑφιστάμενον
4748 3262 4940 3326 111κο-

2970 3351 3144 3417 runt,
3187 3339 3255 3404 id
3299 3351 3427 3419 est,
3461 3339 3856 3404 subsistens.
3920 3339 4271 3406 Declarari
4306 3354 4528 3408 autem
4566 3346 4933 3429 descriptio

2968 3436 3302 3509 utcunque
3354 3434 3595 3509 potest.
3682 3423 3980 3489 Hominis
4037 3422 4252 3492 solum
4311 3448 4392 3492 co
4479 3449 4558 3493 us
4625 3451 4764 3495 non
4830 3443 4934 3495 est

2965 3529 3279 3595 persona,
3321 3520 3397 3573 ut
3427 3506 3558 3572 1100
3592 3505 3746 3573 1000
3790 3508 3858 3573 10
3907 3512 4141 3590 uimur,
4179 3508 4314 3575 no'n
4350 3533 4429 3577 so
4457 3536 4564 3579 um
4605 3516 4764 3601 quia
4797 3537 4928 3580 non

2968 3606 3073 3659 est
3135 3614 3245 3658 res
3311 3590 3721 3680 intelligens,
3785 3614 3860 3660 se
3973 3597 4167 3662 etiam
4232 3599 4387 3682 quia
4450 3610 4556 3663 est
4619 3601 4930 3686 quiddam

2968 3689 3407 3746 sustentatum
3462 3681 3548 3744 ab
3609 3676 3843 3745 altero.
3930 3680 4099 3745 Nam
4155 3682 4370 3747 donec
4426 3686 4653 3750 anima
4717 3687 4927 3764 adest,

2968 3765 3130 3828 vivit
3172 3785 3451 3847 corpus,
3506 3764 3885 3829 discedente
3939 3767 4156 3831 anima
4209 3788 4453 3851 corpus
4511 3769 4926 3836 dissolvitur.

2966 3849 3065 3914 lta
3105 3851 3173 3912 in
3218 3846 3482 3913 Christo
3525 3860 3681 3914 nato
3726 3870 3812 3913 ex
3855 3849 4134 3937 Virgine
4175 3865 4413 3918 natura
4468 3851 4766 3921 humana
4817 3857 4927 3921 mi·

2966 3934 3175 3999 rando
3221 3932 3492 3999 foedere
3536 3932 3846 4017 copulata
3881 3948 3986 4000 est
4030 3939 4118 4023 τῷ
4152 3938 4334 4024 λόγῳ,
4378 3959 4461 4002 00
4493 3960 4786 4023 prorsus
4819 3961 4925 4005 na-

2969 4030 3117 4086 tura
3161 4030 3459 4085 assumta
3485 4020 3567 4101 ⁴in
3609 4018 3881 4086 nihilum
3916 4023 4352 4109 redigeretur,
4397 4026 4454 4088 si
4488 4045 4628 4089 non
4666 4040 4923 4091 susten·

2966 4114 3216 4168 taretur
3258 4126 3300 4169 a
3343 4104 3581 4170 divina.
3661 4104 3734 4169 ln
3776 4103 3905 4170 hac
3951 4109 4478 4173 consideratione
4516 4108 4924 4194 amplissima

2965 4190 3264 4252 doctrina
3309 4192 3694 4254 continetur.
3782 4189 4020 4256 Totum
4061 4212 4273 4278 genus
4315 4192 4674 4259 humanum
4725 4200 4923 4262 extin-

2968 4285 3143 4338 ctum
3186 4286 3388 4353 esset,
3432 4272 3796 4339 nisiFilius
3834 4275 3963 4341 Dei
4009 4288 4395 4343 coaeternus
4429 4291 4711 4345 aeterno
4749 4281 4922 4346 Patri

2965 4377 3253 4422 massam
3307 4358 3501 4424 huius
3557 4370 3832 4424 naturae
3888 4363 4332 4427 assumsisset.
4424 4363 4669 4429 Servat
4733 4368 4923 4452 igitur

2924 4454 3238 4527 >propter
3302 4456 3664 4509 assumtam
3734 4464 4019 4510 massam
4082 4468 4211 4514 nos
4277 4468 4542 4534 quoque
4607 4460 4921 4614 tamaii?

2968 4548 3129 4594 suae
3173 4526 3443 4593 naturae
3486 4529 3799 4608 membra,
3842 4532 4014 4595 sicut
4055 4532 4292 4598 dicitur
4329 4531 4603 4613 [Genes.
4635 4534 4708 4613 2,

2968 4614 3065 4678 Os
3111 4634 3196 4679 ex
3232 4615 3500 4680 ossibus
3542 4615 3753 4699 ipsius
3798 4626 3923 4680 etc.

3108 4748 3605 4815 'AETERNUS
3648 4747 3942 4815 PATER
3983 4763 4088 4816 est
4138 4755 4350 4837 prima
4404 4773 4703 4839 persona
4761 4757 4920 4822 divi·

2966 4835 3212 4914 11110115,
3254 4855 3388 4899 11011
3410 4846 3586 4913 nata,
3630 4853 3755 4899 nec
3798 4848 4044 4914 creata,
4087 4857 4213 4903 nec
4254 4841 4631 4923 procedens
4665 4843 4761 4907 ab
4794 4840 4920 4907 alia

2967 4930 3231 4998 natura,
3297 4939 3468 5005 quae
3522 4921 3607 4986 ab
3666 4931 3940 4987 aeterno
3993 4921 4226 4987 Filium
4280 4927 4507 5011 genuit
4563 4927 4920 5014 imaginem
4996 4987 5007 4995 .

2962 5024 3184 5085 suam,
3231 5016 3297 5070 et
3339 5026 3468 5071 una
3505 5027 3653 5071 cum
3695 5005 3860 5072 Filio
3905 5019 3972 5074 et
4015 5007 4262 5092 Spiritu
4304 5024 4539 5075 sancto
4583 5031 4713 5075 suo
4764 5034 4922 5078 con-

2962 5090 3158 5241 118111ῐο
3189 5110 3419 5253 0111131)οε
3488 5107 3828 5160 creaturas
3906 5106 3973 5158 et
4041 5106 4399 5161 conservat
4463 5115 4695 5162 earum
4763 5101 4920 5164 sub·

2963 5195 2998 5240 5
3141 5195 3241 5240 105
3362 5221 3378 5239 .

2958 5450 3051 5515 42)
3084 5450 3215 5501 baec
3249 5449 3493 5517 definitio]
3529 5452 3678 5505 Editt.
3720 5450 3782 5500 16
3817 5478 3884 5489 -
3924 5451 4002 5502 19.
4040 5454 4122 5503 22.
4159 5453 4241 5503 23.
4279 5454 4360 5508 26.
4395 5454 4480 5504 27.
4518 5454 4755 5512 definitio
4789 5459 4928 5513 haee

3096 5518 3268 5581 (conr.
3302 5533 3466 5584 supra
3493 5534 3543 5586 p.
3582 5520 3728 5587 610.)

2958 5618 3051 5686 4³)
3089 5632 3267 5677 earum
3304 5624 3657 5689 substantias-l
3698 5624 3841 5678 Editt.
3880 5622 4094 5675 16-19,
4117 5623 4198 5674 23.
4234 5635 4341 5677 eas.
