5859 6734
504 682 569 749 aas
616 653 619 657 ’
1130 682 1241 748 erin.
1263 681 1366 748 iret.
1387 680 1574 750 scanni
1594 679 1867 749 oocuanoa
2435 683 2499 753 sas
2559 681 2564 700 ·

504 866 690 936 Ecclesiam
710 887 778 932 non
799 865 967 953 alligatam
988 887 1066 934 esse
1085 870 1130 933 ad
1151 880 1263 933 certos
1285 867 1398 935 titulos
1420 880 1477 935 aut
1522 879 1637 934 centes
1669 866 1724 933 vel
1755 869 1872 933 infirmi
1904 880 1938 934 et
1959 869 2158 947 dubitantes,
2190 879 2228 934 ut
2247 866 2408 952 Apostoli
2437 873 2499 956 ipsi

505 954 751 1020 suooessionem
774 954 982 1019 ordinariam.
1004 952 1089 1017 Nam
1111 973 1185 1018 cum
1207 951 1241 1016 bi
1263 965 1391 1032 errant,
1419 954 1476 1038 qui
1522 954 1578 1017 diu
1597 953 1779 1018 retinebant
1799 954 1962 1017 somnium
1983 954 2024 1018 de
2045 955 2179 1037 imperio
2201 954 2380 1018 mundano.
2418 954 2499 1028 Quis

506 1037 700 1106 ordluarim
721 1048 917 1121 potestatem
932 1049 1062 1116 tenent,
1082 1057 1151 1102 nou
1171 1049 1249 1101 sunt
1269 1039 1433 1122 aadiendi.
1522 1038 1619 1123 igitur
1651 1037 1713 1101 erit
1744 1038 1860 1115 iudex,
1895 1039 2026 1122 quando
2060 1040 2101 1102 de
2122 1038 2306 1122 scripturae
2331 1042 2499 1106 sententie

589 1119 683 1190 llaec
703 1124 868 1188 sententia
884 1142 966 1187 vera
986 1134 1053 1201 est,
1081 1124 1143 1187 sed
1162 1120 1306 1205 politicis
1327 1123 1407 1187 viris
1429 1124 1478 1185 in·
1523 1123 1686 1187 dissensio
1708 1123 1822 1200 oritur,
1843 1142 1917 1186 cum
1938 1135 2016 1186 tunc
2037 1141 2120 1206 opus
2142 1124 2185 1187 sit
2205 1142 2292 1187 voce
2315 1123 2499 1190 didmerrtis

505 1217 601 1294 graia
620 1208 762 1291 estqui
779 1209 891 1271 vident
912 1207 988 1272 inde
1011 1208 1088 1271 oriri
1110 1205 1359 1291 dissipationes:
1398 1206 1477 1272 ldeo
1520 1206 1802 1271 controversiam?

505 1295 669 1357 intuentes
696 1293 832 1438 imperia
858 1302 890 1355 et
934 1289 1043 1356 olitias
1065 1290 1226 1357 humanas
1247 1292 1389 1376 quadam
1410 1291 1478 1354 imi·
1604 1289 1821 1374 Respondeo=
1855 1292 1964 1375 ipsum
1993 1293 2130 1357 verbum
2159 1292 2222 1357 Dei
2244 1304 2297 1357 est
2319 1294 2437 1373 iudex,
2466 1308 2524 1359 et.

505 1377 628 1441 tatione
644 1389 736 1440 trans
751 1387 879 1440 ormant
948 1374 1084 1441 clesiam
1111 1379 1144 1441 in
1167 1396 1316 1459 regnum.
1360 1374 1406 1439 Ut
1427 1393 1478 1438 re·
1519 1375 1648 1439 accedit
1677 1371 1842 1439 confessio
1875 1395 1976 1441 verae
2006 1374 2190 1442 Ecclesiae.
2235 1377 2374 1462 Semper
2405 1380 2496 1443 enim

504 1480 605 1544 gnum
626 1461 819 1526 Francicum
842 1471 894 1524 est
914 1458 1087 1526 multitudo
1108 1461 1271 1525 Francicc
1292 1457 1378 1545 Regi
1399 1461 1479 1523 sub·
1521 1471 1703 1543 sequuntur
1729 1461 1867 1524 verbum
1893 1474 2047 1545 tanquam
2075 1462 2214 1525 iudicem
2244 1460 2345 1547 aliqui
2362 1464 2424 1546 pii,
2457 1477 2494 1527 et

505 1546 601 1624 iecta,
629 1546 785 1612 distincta
805 1545 952 1631 Legibus
976 1558 1008 1610 et
1029 1544 1112 1611 locis
1134 1546 1327 1610 indiciorum
1347 1565 1368 1608 a
1390 1554 1478 1609 cete·
1522 1540 1731 1608 confessione
1750 1543 1930 1612 'iinniorum
1953 1547 2148 1610 adiuvantur
2167 1545 2304 1624 infirmi,
2332 1559 2369 1612 ut
2386 1548 2491 1632 inquit

505 1627 551 1693 ris
574 1627 747 1710 Gentibus,
768 1630 892 1694 munita
914 1631 1100 1713 praesidiis,
1121 1628 1178 1695 alli
1203 1638 1257 1694 ata
1278 1630 1322 1693 ad
1343 1647 1478 1694 succes·
1521 1627 1671 1692 Christus
1694 1628 1788 1706 [Luc.
1810 1630 1864 1707 Ἠ,
1886 1629 1971 1709 aar:
2005 1629 2047 1693 Et
2068 1642 2104 1695 tu
2126 1650 2314 1695 conversus
2337 1630 2496 1696 continua

504 1714 630 1779 sionem
653 1715 852 1779 ordinariam
872 1713 1013 1799 Regum,
1036 1726 1069 1779 et
1090 1717 1123 1779 in
1141 1650 1268 1778 iudiciis
1287 1713 1478 1778 necessario
1520 1710 1640 1777 iratres
1673 1725 1759 1777 tuos.
1804 1713 1878 1777 Hoc
1909 1716 2008 1779 modo
2030 1716 2221 1779 dirimuntur
2243 1718 2500 1781 controversiae

505 1799 737 1883 obtemperans
758 1798 904 1883 Legibus
925 1809 960 1863 et
976 1800 1232 1883 interpretationi
1320 1800 1478 1875 ’,οιιίιιιιΙ
1509 1799 1563 1865 ‚de
1595 1798 1754 1862 doctrina.
1798 1797 1840 1862 Et
1873 1819 1947 1864 cum
1971 1800 2077 1863 maior
2097 1820 2176 1883 pars
2198 1798 2287 1864 hunc
2311 1820 2432 1864 veram
2453 1803 2499 1866 iu·

505 1885 728 1969 interpretatio
748 1893 885 1967 propter
901 1886 1130 1949 auctoritatem
1146 1882 1253 1948 valet:
1310 1893 1345 1948 ta
1365 1884 1478 1968 imagi·
1522 1882 1629 1946 dicem
1661 1892 1695 1945 et
1721 1882 1808 1947 hanc
1829 1902 1941 1948 veram
1964 1881 2210 1968 confessionem
2230 1904 2298 1949 non
2322 1885 2435 1962 audit,
2464 1899 2500 1951 ut

505 1979 624 2033 cantur
646 1966 750 2044 multi,
771 1965 956 2033 Ecclesiam
977 1965 1212 2033 multitudinem
1229 1986 1317 2046 esse,
1339 1969 1394 2032 uni
1411 1967 1479 2031 lio·
1521 1985 1622 2050 saepo
1660 1968 1812 2032 accidere
1844 1970 1942 2032 etiam
1973 1980 2088 2033 vetera
2120 1966 2273 2052 exempla
2306 1970 2499 2049 ostendunt,

504 2073 602 2117 mano
620 2051 773 2117 Pontifici
795 2052 989 2130 subiectam,
1007 2053 1193 2118 distinctam
1215 2073 1236 2117 a
1258 2054 1379 2119 ceteris
1390 2051 1479 2116 Gen·
1520 2050 1614 2114 Deus
1634 2048 1807 2120 Ecclesiae
1828 2053 1926 2117 iudex
1948 2054 2081 2118 tandem
2101 2053 2219 2117 dirimit
2232 2057 2501 2123 controversiam

504 2139 591 2205 tibus
612 2157 673 2221 per
693 2138 917 2215 ceremonias,
950 2156 1034 2221 quas
1055 2139 1263 2203 instituerunt
1287 2135 1479 2212 Pontifices,
1522 2132 1635 2199 delens
1658 2133 1887 2219 blasphemos,
1909 2147 1963 2216 ut,
1985 2158 2060 2205 cam
2080 2139 2185 2202 maior
2205 2158 2283 2221 pars
2301 2138 2501 2203 ludaeorum

505 2221 672 2308 alligatam
705 2223 748 2286 ad
779 2224 1028 2286 successionem
1062 2224 1263 2287 ordinariam
1294 2221 1478 2307 Episcopo·
1521 2221 1761 2285 contradiceret
1771 2221 1928 2286 leremiae
1949 2234 1982 2286 et
1994 2222 2110 2286 deinde
2121 2219 2305 2305 apostolis,
2318 2224 2501 2299 mndmffl)

504 2329 574 2373 mm
594 2318 629 2372 et
650 2306 693 2371 ad
715 2308 1018 2390 interpretationem
1038 2309 1239 2410 scripturae,
1271 2327 1370 2391 quam
1391 2305 1478 2372 Pon·
1521 2302 1704 2452 blaspElpstemi
1726 2304 1827 2370 deleti
1848 2318 1934 2371 sunt.

504 2392 609 2458 tiiices
631 2403 688 2456 aut
715 2390 843 2477 Synodi
870 2393 1012 2456 uadunt.
1057 2391 1143 2464 Qma
1166 2394 1252 2456 enirn
1274 2410 1376 2475 saepe
1397 2393 1477 2455 inci·
1653 2400 1666 2453 t
1697 2390 1795 2473 igitur
1827 2388 2055 2455 dissimilitudo
2083 2389 2193 2474 aliqua
2213 2392 2416 2457 iudiciorum
2438 2390 2498 2455 Ec·

503 2480 583 2543 dunt
605 2477 831 2542 dissensiones
848 2477 890 2540 de
912 2476 1050 2558 scripto,
1072 2477 1183 2540 dicunt
1205 2474 1302 2541 aliam
1320 2485 1477 2560 oportere
1519 2471 1644 2537 olesiae
1666 2486 1699 2538 et
1721 2476 1911 2539 iudiciorum
1931 2474 2148 2558 politicorum.
2192 2475 2276 2539 Nam
2297 2474 2497 2560 inpoliticis

502 2560 651 2647 regulam
672 2572 796 2625 certam
822 2579 914 2638 esse,
942 2559 1071 2625 scilicet
1093 2581 1208 2625 vocem
1278 2561 1477 2640 bematoris,
1519 2569 1575 2622 aut
1595 2555 1779 2627 Monarcha
1800 2557 1894 2623 solus
1916 2563 2111 2625 auctoritate
2133 2560 2195 2623 sua
2214 2564 2413 2643 pronuntiat
2446 2575 2498 2624 aut

504 2658 538 2712 ut
559 2648 593 2711 in
615 2665 719 2730 regno
740 2663 807 2708 vox
828 2644 929 2729 Regis
950 2645 1180 2709 auctoritatem
1197 2582 1297 2709 havet
1316 2646 1477 2729 interpre·
1518 2643 1551 2705 in
1583 2654 1702 2707 senatu
1729 2641 1817 2708 valet
1850 2646 2012 2709 sententia
2045 2646 2178 2709 maioris
2206 2646 2330 2729 partis;
2377 2646 2496 2711 Sedin

505 2732 594 2797 tandi
626 2730 747 2816 Leges.
811 2727 904 2793 llaec
941 2726 1038 2794 valde
1074 2727 1292 2813 plausibiliter
1325 2729 1477 2793 dicuntur
1517 2725 1673 2791 Ecclesia
1693 2724 1782 2792 valet
1802 2731 1963 2793 sententia
1990 2748 2179 2815 congruens
2207 2747 2283 2793 cum
2304 2732 2416 2794 verbo
2437 2728 2497 2793 na·

505 2817 592 2902 apud
614 2825 776 2897 potentes.
809 2813 909 2877 Amat
930 2813 1016 2876 enim
1037 2811 1182 2877 humana
1203 2814 1286 2877 ratio
1309 2811 1408 2876 talem
1428 2814 1476 2895 pi·
1518 2822 1552 2875 et
1586 2809 1797 2880 confessione
1840 2815 1960 2892 iomm,
1993 2816 2066 2878 sive
2087 2816 2151 2878 sint
2174 2811 2301 2896 plures,
2324 2816 2401 2879 sive
2422 2834 2496 2898 pau·

505 2912 631 2966 cturam
642 2895 815 2964 Ecclesiae
837 2909 1071 2983 congruentem
1093 2919 1167 2962 cum
1185 2894 1335 2961 civilibus
1352 2899 1477 2980 opinio·
1519 2897 1625 2959 ciores
1658 2897 1774 2978 impiis.
1818 2834 1868 2961 lta
1889 2911 2021 2963 veteres
2044 2900 2281 2964 damnaverunt
2304 2899 2495 2963 Samosate·

505 2987 618 3062 nibus,
650 2994 683 3048 et
715 2992 868 3066 potentes
893 2978 1078 3066 intelligunt
1099 2984 1214 3067 augeri
1234 2980 1300 3045 lrac
1322 2984 1476 3065 opinione
1518 3000 1596 3044 num
1613 2991 1646 3043 et
1667 2980 1784 3045 deinde
1805 2981 1931 3045 Arium.
1975 2983 2074 3047 ludex
2096 2995 2168 3048 erat
2191 2984 2330 3066 verbum
2354 2982 2435 3058 Dei,
2463 2984 2493 3045 id

471 3137 475 3145 ,
505 3089 598 3134 suam
630 3068 874 3143 auctoritatem,
909 3076 941 3129 et
961 3062 1049 3138 itanc
1069 3062 1208 3131 formam
1226 3066 1412 3131 existimant
1432 3066 1476 3130 ad
1496 3065 1501 3129 Ι
1519 3074 1590 3141 es't,
1622 3065 1807 3129 testimonia
1831 3086 1872 3129 ex
1892 3064 2074 3153 Evangelio
2096 3066 2270 3132 bonafide
2294 3071 2423 3132 etsine
2443 3087 2494 3130 so·

504 3172 620 3238 pacem
640 3148 803 3218 utiliorem
825 3169 912 3215 esse.
1518 3146 1659 3233 phistica
1679 3147 1820 3232 prolata,
1850 3171 1935 3235 quae
1967 3153 2167 3217 convincunt
2194 3172 2266 3216 non
2293 3150 2493 3217 calumniose

397 3303 400 3307 A
590 3236 706 3301 Sciant
737 3246 846 3299 autem
872 3235 929 3318 pii,
949 3234 982 3297 in
1004 3232 1069 3298 bac
1089 3233 1269 3299 imitatione
1291 3234 1346 3299 vel
1366 3235 1477 3317 potius
1517 3233 1732 3308 iudicantem
1775 3235 1843 3300 Sed
1864 3248 1972 3301 tamen
1995 3235 2129 3301 multum
2150 3237 2391 3301 adiuvabantur
2411 3247 2489 3300 tunc

505 3324 662 3411 rar-(pita
696 3316 819 3385 multos
851 3336 985 3383 errores
1006 3338 1093 3383 esse.
1136 3317 1393 3383 concedendum
1413 3331 1477 3395 est,
1519 3337 1650 3402 quoque
1671 3317 1789 3382 infirmi
1810 3321 1843 3384 in
1865 3323 2106 3404 pronuntiando
2141 3318 2355 3386 confessione
2374 3321 2493 3385 tirmio-

501 3393 689 3472 'Ecclesiam
711 3423 789 3467 esse
810 3415 941 3468 coetum
961 3401 1140 3477 visibilem;
1158 3403 1273 3488 Neque
1294 3414 1403 3467 tamen
1424 3423 1477 3468 es·
1519 3424 1601 3480 rum,
1634 3399 1762 3471 scilicet
1784 3424 1908 3483 eorum,
1941 3407 1997 3490 qui
2015 3404 2209 3489 Apostolos
2231 3417 2291 3469 aut
2312 3426 2429 3471 eorum
2449 3406 2493 3469 di·

505 3509 545 3555 ss
563 3509 703 3576 regnum
724 3485 932 3564 Pontificum,
950 3489 1011 3552 sed
1032 3498 1161 3553 coetum
1184 3486 1323 3553 similem
1335 3486 1477 3553 Schola·
1520 3485 1668 3570 scipulos
1689 3488 1864 3553 audierant
1885 3501 1918 3554 et
1939 3509 2025 3574 quos
2048 3492 2222 3556 constabat
2249 3488 2360 3556 fuisse
2383 3489 2493 3555 lideles

506 3575 591 3639 stico
612 3574 731 3638 coetui.
776 3570 858 3637 Vult
879 3573 964 3637 enim
985 3570 1078 3637 Deus
1091 3571 1275 3638 Ecclesiam
1295 3592 1362 3637 non
1383 3594 1477 3656 pror·
1520 3572 1676 3636 custodes
1698 3573 1880 3652 doctrinae,
1905 3588 1938 3639 ut
1960 3573 2146 3660 Polycarpi,
2169 3575 2307 3651 irenaei,
2345 3575 2493 3660 Gregorii

507 3678 565 3723 sus
587 3658 732 3722 abditam
754 3659 886 3722 esseio
906 3655 1053 3722 latebras
1075 3668 1131 3721 ant
1141 3658 1299 3743 ignotam,
1323 3659 1384 3722 sed
1405 3655 1477 3722 vult
1518 3657 1827 3721 Neocaesan'ensis:
1849 3657 1902 3723 Ab
1925 3660 1978 3725 bis
2000 3661 2202 3723 recentiores
2223 3662 2403 3723 audierant
2415 3661 2494 3739 lira

507 3763 579 3807 earu
601 3743 764 3821 exaudiri,
796 3741 868 3807 vult
895 3744 1032 3829 agnosci
1060 3740 1162 3806 filium
1183 3761 1278 3812 suum
1299 3738 1476 3806 Dominum
1519 3739 1706 3825 significare
1738 3762 1925 3822 personam.
1979 3742 2103 3807 Postea
2134 3746 2196 3828 ipsi
2231 3742 2368 3810 collatis
2404 3745 2493 3812 dietis

473 3890 477 3894 .
508 3836 656 3892 nostrum
677 3826 785 3892 lesum
798 3824 975 3904 Christum,
997 3824 1067 3890 vult
1088 3845 1127 3891 se
1149 3845 1281 3910 semper
1302 3827 1345 3889 ab
1368 3825 1478 3910 aliqua
1519 3822 1733 3911 Evangeliia
1781 3839 1900 3892 oscunt
1920 3826 2007 3892 hanc
2028 3830 2170 3892 nativam
2193 3847 2267 3891 esse
2287 3830 2492 3903 sententiam,

508 3925 600 3997 parte
676 3912 763 3975 neris
794 3908 927 3975 humani
948 3911 1109 3988 invocari,
1141 3907 1213 3975 vult
1233 3928 1414 3993 excerpere
1436 3931 1478 3974 ex
1542 3930 1618 3973 uam
1651 3910 1693 3972 ab
1726 3845 1792 3974 iffis
1821 3911 2001 3988 audierant.¹
2045 3910 2156 3996 Aliqui
2176 3913 2273 3976 etiam
2297 3933 2369 3976 non
2393 3911 2494 3978 solun

508 4016 630 4083 genere
669 4015 789 4060 amano
810 3994 1047 4059 haereditatem
1067 3991 1169 4070 Filio;
1212 3994 1290 4059 ldeo
1319 3995 1477 4078 scriptum
1543 3995 1651 4058 ’cunt
1672 4014 1691 4056 a
1714 3995 1895 4079 prioribus,
1929 3998 2108 4062 sedetiam
2130 4010 2285 4080 tanquam
2304 4018 2325 4061 a
2348 3996 2494 4063 firmiori

508 4093 559 4145 est
580 4078 715 4160 [Psalrn.
739 4079 791 4157 18,
808 4078 874 4157 5.]ι
900 4079 935 4143 ln
958 4099 1087 4142 omnem
1110 4090 1231 4143 terram
1254 4079 1353 4143 exivit
1375 4098 1479 4142 sonus
1520 4079 1583 4142 bus
1606 4077 1851 4146 coniinnantur.
1893 4082 1944 4146 lta
1965 4081 2085 4146 Petrus
2103 4081 2352 4146 Alexandrinus
2378 4081 2493 4148 retua-

509 4186 631 4230 eorum.
674 4163 717 4227 Et
749 4161 901 4229 Christus
940 4165 1015 4246 ipse
1046 4164 1123 4227 dicit
1154 4161 1244 4227 Psal.
1278 4163 1311 4226 2.
1345 4169 1409 4241 [vs.
1431 4165 1477 4243 7.]
1520 4164 1576 4226 bat
1594 4162 1777 4243 Meletium,
1800 4168 1923 4231 citabat
1943 4165 2177 4251 Evangelium,
2205 4167 2293 4251 quod
2317 4171 2408 4231 satis
2448 4187 2495 4230 er·

511 4249 714 4314 Praedicebo
748 4250 789 4313 de
809 4258 998 4332 praecepto.
1042 4246 1201 4313 Mensura
1219 4261 1270 4313 est
1290 4248 1391 4334 igitur
1411 4268 1479 4313 vox
1521 4250 1634 4333 spicue
1657 4251 1755 4313 docet
1775 4252 1983 4334 recipiendos
2006 4271 2083 4316 esse
2093 4249 2219 4334 lapsos,
2241 4252 2298 4334 qui
2321 4272 2378 4315 em

509 4331 681 4422 Evangelii
704 4346 736 4397 et
756 4333 935 4412 ministerii,
958 4344 991 4397 et
1012 4334 1076 4398 erit
1095 4331 1140 4398 ali
1162 4334 1214 4398 uis
1236 4330 1375 4397 visibilis
1405 4353 1479 4398 coe·
1522 4344 1590 4407 tur3
1613 4332 1680 4397 Sed
1702 4332 1798 4398 simui
1821 4336 2038 4400 adiuvabatur
2060 4334 2218 4419 exemplis
2239 4336 2365 4419 prioris
2386 4333 2493 4400 Eccle

508 4433 562 4484 tus
579 4417 732 4484 Ecclesia
753 4417 835 4495 Dei,
857 4421 918 4484 sed
939 4429 976 4483 ut
997 4430 1113 4484 coetus
1136 4354 1374 4484 Scholasticus.
1418 4416 1480 4481 Est
1520 4418 1601 4493 siae,
1624 4439 1709 4502 quae
1730 4439 1862 4502 semper
1883 4432 1959 4483 ante
1969 4417 2084 4501 lapsos
2107 4435 2286 4505 receperat.

510 4503 604 4581 ordo,
621 4515 674 4567 est
695 4504 871 4567 discrimen
891 4505 975 4567 inter
997 4503 1155 4568 docentes
1178 4516 1211 4568 et
1232 4504 1418 4581 auditores,
1446 4516 1480 4567 et
1584 4501 1631 4565 lta
1654 4523 1715 4565 nos¹
1738 4506 1988 4587 pronuntiamus
2006 4506 2048 4568 de
2065 4501 2496 4589 Baptismolrrfantium.⁸⁹.i

510 4598 586 4651 sunt
608 4590 750 4673 gradus:
774 4584 839 4650 Alii
862 4599 938 4652 sunt
958 4585 1125 4670 Apostoli,
1143 4585 1198 4652 alii
1221 4586 1479 4665 suntPastores,
1520 4585 1688 4651 Habemus
1722 4591 1906 4653 testimonia
1935 4590 1968 4653 in
1990 4592 2162 4672 scripturis
2185 4585 2381 4666 manifesta,
2443 4609 2498 4655 nae

509 4670 563 4735 alii
584 4670 768 4746 Doctores;
789 4683 822 4736 et
844 4683 935 4736 recte
950 4670 1142 4757 intelligitur
1163 4674 1204 4737 de
1227 4670 1345 4737 visibili
1369 4684 1477 4751 coetu,
1521 4668 1684 4735 affirmant
1706 4685 1799 4738 extra
1820 4672 2006 4741 Ecclesiam
2028 4696 2093 4739 non
2116 4696 2193 4739 esse
2215 4672 2373 4738 salutemz
2412 4612 2499 4762 Ergo

510 4757 600 4903 ξιὲιάιᾱ
620 4759 776 4840 scriptum
799 4767 850 4822 est
873 4755 1001 4833 [Matth.
1026 4756 1077 4835 ls,
1102 4757 1182 4835 174:
1210 4756 1274 4821 Dic
1296 4755 1478 4821 Ecclesiae.
1521 4757 1693 4821 inserimus
1726 4756 1900 4823 Ecclesiae
1932 4757 2084 4825 infantes.
2143 4759 2269 4822 Deinde
2303 4770 2339 4822 et
2372 4764 2501 4843 primae

620 4840 735 4905 rimum
755 4842 928 4906 videndum
950 4853 1016 4919 est,
1072 4843 1104 4905 ui
1127 4843 1192 4905 sint
1214 4843 1359 4905 membra
1381 4840 1479 4907 huius
1521 4837 1692 4906 Ecclesiae
1724 4844 1919 4908 testimoniis
1950 4845 2110 4909 iuvamur.
2155 4844 2203 4907 lta
2225 4844 2322 4907 iudex
2348 4858 2404 4909 est
2430 4868 2501 4913 ver·

510 4861 650 4990 visinis
666 4923 846 4990 Ecclesiae
884 4926 970 4991 Nam
993 4862 1249 4990 condemnantes
1272 4923 1480 4991 manifestam
1521 4927 1597 4989 bum
1615 4923 1695 5002 Dei,
1718 4936 1749 4988 et
1781 4930 1909 4994 accedit
1941 4949 2044 5015 purae
2076 4927 2277 5012 antiquitatis
2311 4928 2503 4997 confessio.

511 5009 679 5074 veritatem
697 5007 869 5095 Evangelii
891 5022 923 5075 et
940 5021 1135 5076 exercentes
1157 5011 1326 5076 saevitram
1348 5011 1391 5075 ad
1413 5023 1479 5075 sta·
1520 5009 1602 5074 Vult
1634 5011 1718 5073 enim
1740 5007 1832 5075 Deus
1865 5015 1896 5077 in
1919 5012 2072 5080 Ecclesia
2105 5035 2181 5078 esse
2202 5014 2425 5082 ministerium
2449 5040 2505 5083 vo

511 5090 672 5158 bilieudos
693 5091 884 5160 manifestos
910 5113 1043 5160 errores
1065 5115 1133 5160 non
1154 5108 1231 5159 sunt
1252 5097 1398 5160 membra
1419 5095 1480 5161 bu·
1523 5096 1583 5159 cis.
1628 5093 1740 5166 Quare
1763 5099 1924 5163 audienda
1946 5113 1998 5165 est
2018 5097 2171 5164 Ecclesia
2192 5112 2228 5165 ut
2251 5100 2406 5180 doctrix,
2447 5106 2506 5169 scd

510 5181 561 5244 ius
593 5188 721 5255 coetus,
754 5180 795 5243 de
826 5200 893 5263 qno
926 5179 1084 5264 scriptum
1117 5193 1182 5245 est:
1204 5177 1269 5245 Dic
1296 5178 1479 5245 Ecclesiae.
1521 5178 1618 5244 Fides
1640 5191 1671 5242 et
1693 5176 1859 5246 invocatio
1881 5185 2025 5249 nituntur
2045 5186 2148 5249 verbo
2165 5184 2238 5261 Dei,
2260 5204 2328 5247 non
2353 5186 2507 5257 humana

509 5261 638 5330 Debrde
658 5281 765 5349 neque
781 5262 847 5327 lroc
869 5265 1089 5347 recipiendum
1100 5280 1162 5343 est,
1186 5266 1340 5331 maiorem
1351 5279 1481 5348 partem
2012 5295 2045 5327 1·

508 5347 741 5436 suffiregiorunr
761 5343 1006 5414 anteferendam
1026 5369 1120 5425 esse;
1174 5352 1239 5428 uia,
1262 5351 1388 5418 etiamsi
1404 5361 1483 5415 sunt
1523 5354 1727 5365 ““““””’““’*

509 5431 602 5499 mula
626 5444 719 5500 recte
740 5433 937 5512 sentientes,
970 5372 1276 5500 retirrcntesffiucem
1297 5434 1481 5522 Evangelii,
1524 5437 1570 5499 ⁸9)
1604 5437 1719 5504 aurem]
1736 5440 1808 5494 iiia
1826 5441 1867 5493 20·
1884 5439 1925 5490 ²⁵·
1944 5450 2031 5493 encre
2050 5444 2115 5503 tvo:
2135 5446 2220 5492 amen

510 5529 621 5600 tamen
652 5515 846 5605 plerumque
877 5516 989 5602 plures
1010 5530 1089 5585 sunt
1111 5517 1164 5583 vel
1185 5518 1295 5604 palam
1317 5522 1482 5585 contradi·
1524 5538 1583 5604 ιιι)
1601 5540 1758 5605 inausum]
1775 5542 1848 5596 butt
1867 5542 1892 5589 a.
1909 5541 2001 5591 4-14.
2025 5541 2064 5590 rs.
2083 5542 2216 5594 nimum.
