5859 6734
1062 683 1079 696 ''
1198 673 1309 741 rm.
1331 673 1435 741 iiiiii
1456 669 1642 743 sonim
1657 669 1931 739 mammon

811 859 900 921 'l'ert
909 862 944 919 iu
952 880 991 920 m.
1009 859 1076 920 Nec
1092 860 1164 940 plns
1181 860 1293 922 iaciant
1309 860 1347 920 ad
1359 857 1514 921 laeticiam
1528 879 1621 939 opere
1631 860 1727 920 eciam
1741 858 1898 920 Snctlsm
1917 878 2005 938 quarn
2018 860 2176 919 comedere
2194 868 2224 921 et
2238 863 2407 925 comedere.

726 943 797 1007 ldeo
816 944 1059 1007 christianismus
1077 945 1257 1007 sabbathum
1276 944 1427 1024 quoddam
1446 952 1496 1005 est
1512 946 1563 1006 vbi
1581 946 1620 1005 ab
1638 943 1779 1005 omnibus
1796 943 1940 1023 operibus
1958 961 2111 1004 remmus.

811 1029 1001 1103 Quartum.
1020 1029 1099 1090 Hinc
1116 1030 1266 1091 consolari
1283 1030 1489 1090 conscientias
1506 1028 1593 1090 lieet:
1612 1036 1712 1089 certos
1730 1047 1804 1088 esse
1823 1047 1880 1087 nos
1898 1028 1938 1088 de
1955 1027 2056 1088 saluta
2074 1035 2177 1090 nostra
2198 1031 2342 1109 quicquid
2369 1032 2409 1094 le·

725 1116 866 1175 serimus.
912 1110 1022 1176 Certos
1040 1114 1200 1175 dimissum
1219 1133 1293 1175 esse
1318 1120 1475 1193 peccabam
1492 1115 1521 1174 si
1539 1113 1713 1174 credamus:
1731 1112 1802 1172 Nisi
1825 1119 1906 1173 certo
1928 1109 2035 1173 medas
2054 1120 2085 1173 et
2108 1113 2243 1173 confidas
2262 1117 2408 1177 condona

726 1202 793 1261 itam
812 1219 918 1260 noxam
937 1199 1036 1259 Deum
1055 1198 1203 1281 mendacij
1223 1198 1383 1260 insimulas
1401 1200 1491 1278 quasi
1509 1200 1680 1277 promiserit
1698 1197 1806 1258 frustra
1823 1195 1906 1276 quod
1922 1218 1980 1257 noc
1999 1199 2041 1258 sit
2058 1198 2193 1259 daturus.

1407 1316 1517 1377 Vnde
1535 1318 1590 1377 sit
1611 1316 1626 1375 i
1646 1316 1726 1376 des.

811 1436 965 1510 Quinto.
1010 1434 1158 1495 Humanis
1176 1436 1291 1495 viribus
1309 1434 1399 1514 plane
1418 1433 1610 1514 impossibile
1628 1442 1678 1494 est
1696 1434 1828 1494 eredere.
1859 1432 1940 1493 Fieri
1956 1434 2036 1494 enim
2055 1441 2158 1515 potest
2174 1443 2209 1497 ut
2225 1437 2255 1495 ei
2273 1437 2409 1498 conlidas

725 1543 815 1602 quem
833 1522 936 1582 odisti.
981 1517 1057 1580 Odit
1073 1524 1173 1580 autem
1192 1521 1378 1581 conscientia
1395 1539 1485 1599 quem
1502 1520 1618 1580 metuit.
1662 1516 1755 1580 Porro
1780 1519 1900 1579 diuinae
1917 1519 2030 1598 gratiae
2048 1540 2127 1601 opus
2145 1541 2220 1583 essa
2239 1520 2327 1580 iidem
2345 1541 2410 1601 pro·

724 1611 775 1669 bat
792 1605 874 1668 loan.
893 1603 1026 1685 [l‚13.:]
1046 1603 1108 1677 Qui
1126 1624 1184 1665 non
1202 1624 1241 1665 ex
1258 1606 1457 1684 sanguinibus
1472 1608 1496 1682 ¹)
1514 1623 1613 1684 neque
1631 1624 1670 1664 ex
1686 1603 1839 1665 voluntate
1858 1605 1992 1680 camisi)
2003 1611 2063 1665 stc.
2082 1612 2112 1666 et
2131 1609 2177 1666 6ιο
2197 1611 2259 1684 [νε.
2274 1608 2313 1667 28
2325 1611 2409 1685 sepe]

690 1691 695 1700 “
725 1692 807 1766 Quid
826 1692 971 1753 iaciemus
990 1696 1024 1750 ut
1041 1709 1197 1770 operemur
1213 1708 1306 1768 opera
1322 1689 1394 1750 deii
1435 1688 1610 1769 Respondit
1637 1685 1727 1750 lesus
1745 1696 1776 1749 et
1794 1688 1886 1750 dixitr
1911 1688 1979 1749 Hoc
1997 1696 2047 1751 est
2064 1709 2142 1769 opus
2161 1691 2211 1751 dei
2230 1697 2263 1750 ut
2281 1692 2411 1753 credatis

724 1779 754 1837 in
773 1797 841 1837 eum
860 1796 950 1854 quem
966 1774 1051 1834 misit
1069 1772 1132 1833 ille.
1178 1773 1270 1846 Quod
1288 1776 1316 1834 si
1335 1793 1413 1855 opus
1432 1774 1483 1834 dei
1500 1781 1551 1835 est
1567 1792 1639 1851 ergo
1657 1794 1715 1835 non
1735 1781 1879 1835 nostrum.
1923 1771 2077 1851 ltem[vs.
2097 1777 2411 1853 45.=]erunt01nnas

723 1861 876 1923 docibiles
900 1861 951 1921 del
976 1861 996 1918 i.
1022 1879 1050 1918 e.
1077 1859 1239 1919 doceantur
1263 1878 1282 1920 a
1305 1859 1373 1919 deo.
1426 1858 1536 1919 Omnis
1562 1860 1613 1938 qui
1631 1860 1748 1919 audiuit
1771 1878 1791 1918 a
1807 1865 1890 1939 patre
1908 1864 1939 1919 et
1956 1858 2063 1919 didicit
2079 1861 2161 1919 venit
2176 1860 2217 1920 ad
2233 1880 2292 1921 me.
2338 1858 2411 1922 ltem

726 1951 787 2025 [νε.
808 1950 858 2005 44.
869 1950 893 2023 ι]
911 1944 1009 2005 Nemo
1027 1950 1130 2024 potest
1151 1946 1253 2003 venire
1270 1944 1310 2004 ad
1326 1964 1375 2004 roc
1393 1944 1453 2003 nisi
1470 1943 1560 2005 luerit
1576 1945 1606 2004 ei
1623 1943 1724 2005 dabam
1735 1962 1754 2004 a
1765 1950 1849 2022 patre
1866 1963 1944 2004 meo.
1964 1939 2038 2004 ltem
2055 1940 2189 2024 Philipp.
2206 1952 2232 2005 l.
2248 1950 2310 2023 [vs.
2324 1949 2375 2008 29.
2386 1951 2410 2025 i]

724 2031 826 2092 Vobis
845 2032 945 2090 datum
970 2035 1019 2089 est
1041 2049 1094 2110 pro
1113 2023 1236 2089 Christo
1262 2049 1320 2089 non
1340 2027 1440 2089 solum
1458 2035 1492 2089 ut
1509 2029 1638 2089 credatis
1658 2031 1686 2088 in
1705 2048 1773 2088 eum
1792 2029 1850 2089 sed
1867 2030 1963 2090 eciam
1987 2035 2021 2090 nt
2036 2030 2189 2108 patiamini
2207 2050 2260 2111 pro
2279 2051 2326 2091 eo.
2371 2031 2413 2093 Et

724 2122 769 2195 [l.
786 2114 863 2175 Τίνι.
890 2109 918 2185 i,
948 2118 1028 2191 iaz]
1053 2113 1288 2174 misericordiam
1313 2121 1498 2174 consecutus
1522 2134 1591 2174 sum
1613 2121 1648 2175 ut
1665 2112 1766 2174 tidelis
1790 2132 1905 2174 essem.
1948 2109 2022 2173 ltem
2039 2112 2120 2194 Eph.
2141 2114 2183 2174 2⁰.
2202 2121 2264 2194 [vs.
2290 2120 2410 2195 8sq.=]

725 2200 827 2262 Gratia
843 2199 923 2260 salui
945 2198 1016 2259 sacti
1034 2200 1112 2258 estis
1130 2217 1185 2278 per
1202 2198 1290 2259 hdam
1309 2205 1339 2259 et
1356 2198 1416 2258 hoc
1450 2220 1508 2259 non
1527 2219 1566 2259 ex
1586 2200 1675 2259 vobis
1695 2198 1744 2260 dei
1762 2199 1841 2259 enim
1859 2199 1969 2259 donam
1987 2204 2037 2258 est
2053 2197 2122 2258 Non
2148 2219 2186 2260 ex
2211 2202 2354 2279 operibus
2374 2221 2412 2262 ne

724 2288 794 2366 quis
813 2283 965 2365 glorietur.

891 2403 903 2429 ·
922 2406 1011 2458 Nota.
1027 2401 1158 2455 inamati
1180 2402 1290 2455 hominis
1308 2402 1455 2467 principium
1473 2408 1515 2457 esi
1530 2403 1596 2457 tides
1620 2404 1680 2456 sois
1697 2403 1765 2456 enim
1788 2401 1840 2455 tide
1857 2403 2018 2467 repelluntur
2033 2403 2143 2455 insultus
2160 2405 2244 2457 carnis
2263 2408 2290 2456 ei
2307 2404 2411 2458 daemo-

928 2483 989 2524 nnm
1008 2473 1150 2531 santerre
1168 2471 1193 2521 tn
1211 2470 1291 2533 scrip:
1309 2471 1493 2533 promissiones
1517 2475 1545 2524 et
1561 2471 1678 2535 manee:
1702 2474 1823 2534 unquam
1848 2471 1961 2534 sigillum
1979 2475 2007 2523 et
2022 2471 2115 2533 pignus
2132 2471 2235 2535 ahquod
2253 2484 2303 2536 quo
2321 2472 2411 2525 contir-

928 2545 1082 2661 ffigfflg
1091 2538 1208 2657 heoptnts.
1242 2538 1346 2602 oportet
1362 2539 1472 2602 pronum
1485 2540 1491 2580 ¹
1505 2541 1616 2593 nmmum
1643 2537 1677 2592 ad
1700 2536 1914 2603 promissionem
1937 2539 2062 2603 conticere
2085 2539 2177 2602 onibus
2194 2540 2291 2605 solut)
2309 2542 2410 2594 animus
2486 2590 2494 2612 ‚
2525 2590 2532 2604 ,

1117 2621 1128 2655 Β
2411 2618 2415 2626 .

962 2708 1061 2761 Fides
1085 2713 1125 2759 est
1142 2708 1267 2761 Noouios
1289 2707 1317 2760 in
1340 2708 1390 2761 deo
1415 2709 1481 2760 sicut
1497 2709 1565 2762 ioan
1583 2709 1614 2772 [1,
1633 2708 1697 2771 iaz]
1715 2708 1749 2759 iix
1776 2708 1825 2759 deo
1842 2709 1894 2761 neti
1911 2714 1983 2761 suni.
2009 2709 2072 2760 item
2091 2712 2166 2760 Arma
2183 2714 2286 2762 nostrae
2305 2711 2409 2764 miiitiae

942 2776 978 2840 [t.
998 2776 1053 2828 cor.
1071 2777 1100 2837 ii,
1117 2776 1153 2838 4.]
1171 2787 1223 2827 non
1240 2779 1301 2829 sunt
1317 2775 1368 2829 nisi
1384 2776 1512 2830 salutares
1529 2775 1721 2839 promissiones.

961 2878 1051 2931 Note.
1085 2878 1173 2931 omnis
1189 2878 1271 2941 scrip:
1289 2883 1331 2932 est
1347 2877 1416 2929 edita
1434 2883 1462 2930 ni
1479 2890 1526 2930 nos
1544 2890 1577 2930 ea
1594 2888 1726 2931 armemur
1742 2879 1767 2930 in
1785 2877 1948 2930 contencione
1966 2878 2054 2930 mortis
2071 2878 2102 2929 iit
2117 2880 2200 2932 omnis
2214 2880 2294 2941 scrip:
2312 2884 2356 2931 aui
2373 2881 2411 2932 iu·

927 2945 1202 3077 loerhpllllnlllmm
1235 2945 1298 2998 Lex
1321 2948 1355 2997 et
1371 2957 1419 2998 ve·
1437 2950 1505 2998 tes:
1523 2940 1596 2998 ihbet
1612 2947 1760 3006 Euange:
1783 2951 1816 2997 ei
1838 2956 1889 2996 no:
1913 2950 1981 2997 tes:
1997 2946 2120 3009 promittit
2135 2947 2209 3001 nobis
2227 2947 2342 3010 spiritum
2361 2959 2410 3011 quo

1421 3111 1476 3174 De
1499 3132 1572 3174 vsu
1601 3112 1711 3173 lidei.

809 3230 983 3293 Primum:
1003 3232 1169 3312 principi
1180 3233 1271 3309 ami)
1293 3230 1517 3292 iustificationis
1535 3221 1656 3311 est·per
1673 3230 1762 3292 iidem
1780 3251 1848 3294 cum
1858 3233 1976 3294 animus
1988 3232 2165 3314 complexus
2176 3237 2409 3316 promissionem

723 3318 854 3379 diuinam
868 3317 990 3379 coaddit
1006 3316 1068 3378 sihi
1086 3335 1194 3377 noxam
1212 3316 1408 3377 condonatam
1429 3335 1506 3377 esse
1522 3315 1662 3395 adeoque
1686 3316 1747 3377 sihi
1765 3316 1855 3378 deum
1878 3317 1956 3378 bene
1973 3316 2054 3378 velle
2071 3338 2107 3378 ac
2125 3319 2227 3380 lauare
2247 3320 2409 3399 (trequen-

695 3447 697 3452 .
722 3408 769 3465 ter
784 3401 879 3479 hoc⁶)
897 3403 1030 3463 exerceri
1048 3401 1140 3464 debet
1158 3403 1187 3461 in
1206 3402 1304 3461 animo
1323 3401 1510 3480 cogitando.)
1545 3400 1633 3462 Sicut
1650 3397 1768 3476 Paulus
1785 3401 1825 3462 ad
1841 3400 1901 3463 Ro.
1922 3406 1951 3462 i.
1972 3407 2034 3480 [νε.
2055 3408 2083 3465 5.
2093 3409 2117 3482 a]
2136 3402 2278 3466 Credenti
2298 3409 2325 3466 in
2341 3425 2408 3467 eum

723 3487 775 3565 qui
794 3487 937 3549 iustificat
954 3488 1076 3567 impium
1094 3493 1246 3567 reputabar
1263 3486 1341 3547 tides
1359 3488 1428 3546 eins
1446 3485 1486 3547 ad
1503 3486 1658 3548 iustitiam.

900 3603 980 3659 'ists
997 3619 1048 3660 non
1066 3611 1107 3660 esi
1124 3607 1237 3659 doctrina
1254 3607 1389 3659 verbomm
1407 3606 1455 3660 sei
1473 3606 1525 3658 vita
1542 3605 1696 3671 cmmoda

926 3676 955 3727 lit
972 3674 1081 3727 aurudo
1100 3675 1204 3726 oecion
1222 3686 1274 3726 non
1291 3674 1418 3738 loquendo
1436 3674 1547 3735 legendo
2436 3670 2450 3712 l

926 3744 970 3794 iiic
987 3741 1048 3794 nihii
1065 3742 1170 3803 prodest
1186 3741 1330 3792 verbositas
1347 3740 1429 3800 inro')
1446 3744 1528 3791 nocet

807 3840 1042 3901 Secundum:
1061 3837 1156 3898 Fides
1174 3840 1312 3918 impetrat
1328 3836 1471 3898 auxilium
1495 3838 1545 3897 dai
1571 3844 1604 3896 ut
1627 3838 1729 3916 possit
1750 3835 1801 3896 lex
1823 3836 1944 3898 absolui
1963 3840 2050 3910 Quae
2074 3842 2147 3900 citra
2171 3845 2295 3920 spiritns
2314 3846 2408 3905 diuini

723 3926 892 4029 opem-lieri
910 3924 1000 4027 plane
1017 3943 1076 3982 non
1094 3929 1212 4025 potest:
1237 3922 1302 4025 Sed
1325 3923 1397 4001 quia
1420 3921 1520 3981 credis
1538 3921 1770 4024 promissionem
1794 3940 1852 4065 lim
1871 3920 2010 3982 dominns
2028 3921 2185 4002 pollicitus
2204 3934 2254 4027 est
2272 3947 2359 4005 opem
2378 3937 2409 3988 et

723 4010 904 4091 praesidium
924 4015 1065 4088 impetras
1087 4014 1224 4088 spiritum
1242 4006 1441 4068 minuentem
1460 4006 1563 4085 Atque
1581 4005 1612 4068 rd
1629 4012 1680 4066 est
1697 4006 1778 4085 quod
1823 4003 1913 4067 aulus
1932 4004 2036 4086 [Rom.
2055 4003 2110 4079 ΙΙΙ,
2130 4013 2197 4088 31.]
2227 4018 2268 4071 art
2292 4010 2408 4090 Legem
2451 4021 2527 4084 ιιι.

722 4097 814 4156 statui
832 4094 892 4155 hoc
909 4100 959 4154 est
977 4092 1092 4173 impleri
1110 4110 1165 4172 per
1181 4092 1271 4153 tidem
1288 4091 1330 4154 Et
1346 4091 1449 4151 Hiero.
1471 4096 1522 4151 31.
1546 4094 1609 4170 [vs.
1629 4094 1679 4152 33.
1690 4096 1714 4171 ε]
1732 4089 1810 4152 Post
1827 4092 1896 4151 dies
1920 4089 1992 4153 illos
2015 4094 2088 4155 dicit
2112 4093 2252 4156 dominus
2270 4097 2349 4158 dabo
2367 4096 2408 4158 le·

723 4199 790 4259 gem
808 4199 904 4240 meam
927 4181 955 4238 in
974 4179 1144 4238 visceribus
1164 4197 1266 4238 eorum
1285 4179 1304 4237 i.
1323 4196 1352 4237 e.
1372 4177 1402 4237 in
1419 4176 1548 4236 silemus
1567 4196 1668 4237 eoram
1686 4186 1717 4237 et
1735 4179 1764 4236 in
1783 4177 1873 4236 corde
1891 4197 1993 4237 eornm
2011 4180 2139 4239 scribam
2158 4201 2223 4240 earn
2242 4190 2273 4241 et
2291 4204 2341 4242 ero
2360 4185 2407 4244 eis

723 4266 753 4324 in
771 4265 860 4325 deum
878 4271 909 4325 et
927 4265 987 4342 ipsi
1005 4270 1090 4324 erunt
1107 4261 1217 4336 mihi8)
1236 4264 1266 4322 in
1284 4260 1438 4341 populum.

888 4380 1076 4503 'iiiiii
1085 4379 1423 4503 ,aiamim
1440 4381 1564 4434 ‘'m“
1581 4382 1710 4444 ΜΝ

893 4517 908 4548 *
925 4516 1427 4647 ffifflfflffifflffl
1438 4517 1788 4647 mdspptsppfflepttrm
1806 4524 1833 4571 ot
1851 4520 1948 4572 nulium
1966 4520 2046 4572 rhum
2063 4531 2128 4582 opus
2138 4520 2224 4584 Neque
2239 4523 2307 4576 eninr
2326 4524 2406 4585 scrip:

807 4684 997 4747 Tertinmz
1015 4685 1104 4747 sicut
1119 4685 1196 4746 haec
1214 4692 1338 4746 vna-est
1355 4685 1561 4746 conscientiae
1578 4686 1764 4747 consolatio:
1791 4687 1867 4747 fides
1886 4686 2044 4748 condonati
2062 4685 2184 4749 delicti:
2202 4684 2246 4751 lta
2264 4690 2404 4751 rustica

722 4776 784 4831 tum
802 4777 919 4849 oportet
936 4790 1057 4851 semper
1074 4770 1165 4831 lidere
1191 4770 1274 4848 quod
1298 4788 1478 4848 quamquam
1500 4790 1558 4831 non
1583 4769 1704 4851 impleat
1727 4770 1826 4849 legem
1844 4770 2032 4851 Quamquam
2057 4772 2169 4835 alicubi
2192 4775 2288 4835 eciam
2306 4774 2404 4857 palam

722 4861 830 4934 peccet
845 4873 900 4933 per
918 4857 1113 4917 infirmitatem
1132 4855 1213 4934 quod
1232 4854 1309 4914 deus
1327 4855 1366 4915 ad
1391 4854 1422 4914 id
1441 4856 1540 4934 ipsum
1564 4857 1722 4917 conniueat
1746 4877 1802 4916 nec
1820 4858 1945 4936 imputet
1969 4864 2089 4936 propter
2111 4854 2264 4920 Christum
2301 4861 2404 4939 Atque

808 4939 909 5000 llaec
927 4947 991 5000 est
1008 4940 1289 5001 christianismi
1308 4959 1457 5000 summa.

1406 5243 1524 5298 wmcis
1540 5245 1719 5299 niimsnis

721 5394 820 5513 niun
837 5366 898 5457 rii:
966 5396 996 5457 ι)
1012 5395 1072 5448 voro
1089 5406 1134 5449 ur
1200 5397 1232 5458 s)
1246 5395 1416 5462 masana
1484 5397 1515 5462 i)
1533 5396 1586 5451 sor·
1653 5398 1683 5463 a)
1702 5394 1775 5451 Post
1798 5400 1946 5463 omentum
1961 5401 2098 5466 pamm
2115 5400 2180 5452 sorr
2235 5399 2402 5455 iiii-anau

719 5459 972 5594 mergam
987 5458 1218 5585 &defficit
1286 5463 1384 5530 θὴν
1404 5465 1453 5531 (st
1468 5463 1599 5530 ridetur)
1669 5468 1699 5532 7)
1717 5479 1774 5531 ymo
1842 5470 1872 5533 s)
1890 5469 1965 5521 michi
2034 5471 2065 5528 9)
2088 5468 2147 5531 eas]
2238 5469 2330 5522 tando
2356 5484 2400 5523 rc-
