5859 6734
909 682 1034 749 uo
1867 678 1916 740 1.
1952 676 2153 741 Loc1
2195 657 2742 745 Tusonocich
2785 675 2866 739 Β.
2913 675 3193 741 ΡιιιιιΑ
3233 672 3549 739 sonum
3589 672 3900 742 AETAS.

1054 871 1107 909 ¹⁵
1219 877 1290 930 ut
1329 860 1490 929 nihil
1530 862 1618 925 sit
1652 863 2008 925 obscurum
2065 872 2132 925 et
2174 858 2477 927 adfectus
2523 872 2589 924 et
2609 904 2616 925 ,
2640 879 2843 944 opera
2885 888 2889 904 ι

1214 969 1258 1013 a
1296 947 1491 1013 Mose
1535 946 1725 1030 exigi.
1751 947 1842 1028 ⁷²)

2929 858 3142 923 Exodi
3218 858 3453 922 XXIII.
3520 865 3645 935 [vs.
3699 858 3789 935 2.]
3858 876 4173 941 quorsum
4235 852 4563 919 adlusisse

2930 942 3263 1007 Christum
3319 939 3615 1007 nonnulli
3668 942 4051 1023 opinantur,
4108 960 4256 1002 cum
4324 940 4415 1003 ait
4469 938 4562 1003 di·

1295 1029 1582 1094 Proinde
1637 1029 1914 1119 exponit,
1945 1024 2164 1111 legem
2211 1024 2648 1105 Christus,⁷⁸)
2705 1046 2840 1091 non
2931 1038 3111 1093 ctum
3131 1046 3285 1090 esse
3310 1028 3394 1115 de
3412 1023 3887 1173 persequendis
3915 1024 4208 1088 inimicis.
4231 1024 4323 1105 78)
4368 1020 4565 1093 Quod

3575 1131 3595 1173 ι

1215 1117 1385 1181 enim
1425 1123 1647 1195 potest
1685 1112 2054 1195 praedicari
2095 1110 2308 1195 gratia
2346 1111 2490 1175 sine
2544 1107 2729 1193 lege,
2776 1122 2843 1174 et
2881 1188 2883 1191 r
2928 1112 3003 1188 si¹
3032 1130 3259 1175 verum
3301 1121 3434 1187 est,
3487 1130 3577 1193 qu

1378 1200 1393 1214 ⁸
1436 1216 1704 1260 aeorum
1725 1214 1805 1259 ac
1844 1197 2210 1259 scribarum
2238 1196 2842 1276 interpretationem

1043 1304 1104 1341 ιο
1211 1280 1654 1365 reprehendit,
1676 1299 1826 1342 cum
1865 1298 1910 1342 a
1927 1276 2246 1361 principio
2267 1279 2381 1355 ait,
2416 1280 2636 1341 nonin
2656 1297 2841 1362 gres-

1210 1384 1409 1429 suros
1451 1365 1519 1427 in
1560 1382 1837 1445 regnum
1880 1359 2240 1439 coelorum,
2280 1362 2346 1424 ni
2388 1373 2620 1425 nostra
2663 1362 2842 1425 iusti-

1217 1449 1311 1513 tia
1351 1457 1622 1530 superet
1663 1444 2160 1527 pharisaeorum
2199 1465 2282 1509 ac
2332 1446 2698 1510 scribarum
2749 1448 2844 1508 iu-

1210 1533 1473 1595 stitiam.
1562 1528 1675 1593 Sic
1716 1530 2310 1610 interpretabantur
2331 1527 2696 1605 Pharisaei,
2738 1548 2842 1592 sa-

1210 1612 1544 1679 tisfactum
1586 1610 1741 1694 legi,
1798 1631 1932 1674 non
1975 1613 2276 1687 occides,
2334 1613 2394 1674 si
2445 1632 2641 1677 manu
2695 1632 2842 1676 cae-

1213 1699 1365 1763 dem
1420 1716 1552 1760 non
1611 1692 1903 1759 facereS.
1946 1694 2150 1778 Legi,
2185 1712 2319 1758 non
2362 1695 2841 1773 moechaberis,

980 1785 1064 1843 00.
1099 1797 1145 1834 ι·
1217 1778 1587 1845 si¹alterius
1631 1798 1905 1842 uxorem
1947 1799 2080 1842 non
2124 1780 2611 1859 comprimere&
2658 1778 2844 1845 Chri-

943 1850 1064 1909 (ῑῖ’
1101 1852 1178 1906 Μ
1215 1876 1358 1928 stus
1402 1865 1596 1927 docet
1636 1861 1857 1924 cordis
1891 1859 2194 1926 adfectus
2229 1862 2328 1925 ex·
2381 1863 2397 1880 ⁶
2442 1882 2485 1925 a
2514 1861 2687 1946 lege,
2711 1882 2844 1926 non

1212 1959 1553 2017 externam
1593 1956 1840 2009 tantum
1883 1966 2159 2028 operum
2188 1946 2312 2008 sim
2424 1949 2688 2024 tionem,
2734 1966 2844 2010 ve·

1210 2041 1308 2095 tat
1339 2032 1512 2094 enim
1551 2025 1660 2092 lex
1706 2033 2200 2111 concupiscere.
2294 2028 2671 2094 Vindictam
2721 2027 2842 2098 Iex.
2894 2039 2896 2045 ’

1044 2138 1074 2173 ,s
1212 2117 1407 2179 etiam
1427 2117 1486 2156 ⁷⁴
1563 2111 1984 2196 prohibebat,
2028 2114 2197 2177 adeo
2245 2133 2329 2177 ue
2385 2115 2489 2177 exi
2538 2116 2692 2177 ebat
2731 2114 2848 2177 ini-

1210 2201 1419 2263 micos
1510 2196 1665 2280 iligi.
1752 2195 2028 2262 Levitici
2070 2197 2160 2260 XI
2295 2203 2426 2279 [γε.
2464 2197 2497 2259 1
2547 2202 2628 2276 .=]
2696 2196 2846 2261 Non

1199 2282 1436 2346 ¹oderis
1455 2278 1728 2344 fratrem
1747 2289 1928 2345 tuum
1961 2284 2026 2345 in
2049 2283 2252 2345 corde
2293 2292 2405 2345 tuo
2432 2282 2556 2347 sed
2588 2278 2849 2363 publice

1213 2362 2850 2526 “ffitffim'Nsse‘iraffi'ffinss‘ssvin‘ssffllsfflff

1053 2536 1104 2572 ¹⁰
1235 2535 1418 2595 uriae
1459 2529 1744 2593 filiorum
1764 2529 2010 2614 populi'
2035 2533 2148 2594 tui.
2203 2528 2462 2614 Diliges
2484 2534 2851 2615 proximum

1213 2626 1396 2679 tuum
1439 2615 1612 2677 sicut
1653 2615 1951 2695 teipsum,
1995 2617 2173 2700 quod
2216 2616 2445 2680 nescio
2491 2635 2609 2679 cur
2651 2614 2852 2681 malu-

1216 2700 1338 2764 erit
1358 2697 1794 2782 Hieronymus
1823 2703 2202 2775 verterem)
2218 2700 2520 2777 amicum,
2545 2700 2646 2763 sic
2677 2700 2853 2765 enim

1216 2785 1284 2848 in
1339 2782 1584 2846 nostris
1642 2784 1980 2847 codicibus
2038 2780 2314 2866 legitur,
2371 2804 2520 2847 cum
2561 2802 2694 2849 vox
2736 2780 2851 2848 he-

1217 2869 1424 2931 braea
1462 2866 1672 2948 magis
1720 2877 2076 2952 cognatum
2107 2866 2456 2950 significet,
2501 2879 2568 2931 et
2589 2880 2850 2953 septua-

1033 2958 1092 2996 ¹⁵
1217 2953 1400 3034 ginta
1420 2949 1816 3031 Interpretes
1839 2951 2200 3027 verterint,'
2219 2954 2512 3029 πλησίον,
2589 2972 2712 3015 uos
2743 2972 2849 3015 se·

1217 3046 1407 3098 cutus
1453 3042 1557 3095 est
1598 3034 1683 3096 ad
1726 3032 1849 3098 Ro.
1895 3032 2065 3097 XIII.
2111 3039 2243 3113 [VS.
2287 3033 2382 3113 9.]
2426 3034 2522 3097 Pa
2597 3055 2698 3114 us,
2737 3038 2852 3100 ubi

1215 3118 1386 3181 hanc
1432 3136 1516 3180 ex
1556 3114 1710 3201 Iege
1754 3119 2148 3200 paraenesin
2192 3118 2366 3181 citat.

1215 3202 1383 3267 haec
1403 3220 1655 3264 summa
1677 3200 2012 3266 Mos-aicae
2045 3200 2221 3264 illius
2243 3204 2336 3303 ⁷⁶)
2373 3204 2762 3282 sententiae,
2777 3214 2855 3267 ut

1214 3287 1386 3351 inter
1401 3306 1478 3348 se
1498 3284 1719 3348 Iudaei
1753 3297 1994 3362 ament,
2029 3295 2166 3351 tum
2189 3304 2462 3363 amicos,
2485 3297 2622 3351 tum
2649 3288 2853 3351 inimi-

1045 3405 1108 3443 ρο
1217 3371 1460 3452 00577),
1482 3379 1555 3431 ut
1582 3370 1751 3432 bene
1776 3381 2174 3445 mereantur,
2203 3369 2398 3433 etiam
2411 3370 2495 3432 de
2509 3368 2852 3433 male'me·

1218 3455 1534 3517 rentibus.
1551 3451 1830 3515 Accedit
1845 3452 1976 3516 huc
2006 3472 2151 3534 cap.
2165 3450 2405 3514 Esaiae
2427 3451 2658 3514 LVIII.
2676 3452 2853 3534 quod

1217 3535 1415 3619 plane
1451 3545 1630 3598 vetat
1651 3536 1988 3611 vindicari,
2034 3545 2100 3597 et
2123 3534 2326 3616 exigit
2347 3553 2639 3597 amorem
2662 3536 2854 3600 etiam

1220 3620 1644 3681 inimieorum.
1689 3615 1776 3680 Et
1817 3616 2326 3681 Proverbiorum
2367 3616 2516 3680 XX.
2543 3618 2848 3697 [Vama]

1219 3701 1322 3764 Ne
1366 3701 1549 3762 dicas
1593 3699 1864 3763 reddam
1884 3696 2148 3777 malum,
2190 3720 2312 3782 pro
2335 3698 2532 3779 malo,
2577 3715 2854 3784 expecta

1221 3783 1554 3847 dominum
1596 3795 1663 3846 et
1705 3780 2010 3848 liberabit
2053 3796 2162 3847 te.-

984 3891 1067 3945 ω,
1106 3890 1149 3938 ι),
1305 3867 1441 3931 Iam
1484 3870 1551 3930 in
1592 3864 1764 3950 lege,
1806 3868 1981 3953 quod
2004 3887 2130 3953 ego
2154 3868 2384 3946 sciam,
2404 3886 2728 3953 nusquam
2748 3891 2850 3935 re-

1215 3953 1436 4033 perias
1476 3949 1644 4014 haec
1689 3954 1914 4016 verba.
1992 3951 2160 4016 Odio
2202 3950 2482 4016 habebis
2524 3953 2851 4018 inimicum

1219 4046 1422 4112 tuum,
1465 4045 1539 4097 ut
1581 4036 1744 4098 satis
1789 4036 2139 4138 adpareat,
2202 4056 2335 4099 non
2377 4034 2548 4123 legis
2589 4050 2851 4103 senten-

1219 4119 1397 4182 tiam.
1441 4119 1566 4181 sed
1605 4118 2065 4202 pharisaicam¹
2086 4121 2499 4186 traditionem
2519 4121 2853 4188 Christum

1057 4224 1086 4262 s
1217 4199 1543 4280 retulisse,
1562 4210 1658 4267 iut
1699 4204 2057 4267 darnnaret.
2141 4203 2249 4269 De
2283 4202 2699 4270 Chananaeis
2741 4227 2851 4271 ac-

1221 4286 1763 4370 ceperantludaei
1781 4299 2226 4371 praeceptum,
2247 4300 2318 4354 ut
2340 4307 2460 4353 eos
2480 4291 2854 4372 perderent,

925 4572 1016 4636 ⁷2)
1059 4572 1232 4653 exigi}
1260 4572 1348 4625 Ed.
1381 4574 1432 4624 7.
1467 4570 1596 4635 (roi.
1619 4574 1736 4638 xm,
1771 4569 1821 4626 b.
1855 4575 1943 4626 lin.
1983 4574 2154 4637 1-4.)
2191 4576 2246 4627 et
2277 4574 2335 4627 In
2370 4576 2590 4629 Genesin
2623 4577 2716 4630 Le.
2738 4578 2857 4630 huic

1058 4640 1216 4691 verbo
1250 4639 1447 4693 addunt
1478 4641 1690 4693 baeoee:
1728 4642 2028 4706 Quanquam
2040 4646 2294 4706 quatenus
2329 4641 2394 4695 de
2431 4642 2644 4703 iudiciis,
2680 4643 2744 4696 de
2764 4657 2855 4708 pu·

1058 4707 1261 4759 mendis
1295 4707 1508 4768 flagiciis
1541 4709 1754 4771 publicis
1788 4710 1992 4773 statuit,
2048 4723 2168 4763 nam
2202 4710 2480 4775 hypocrisis
2513 4711 2736 4765 humano
2779 4713 2854 4765 iu·

1062 4773 1191 4826 dicio
1227 4776 1435 4835 coargui
1469 4786 1571 4827 non
1603 4780 1787 4841 potest,
1821 4778 1981 4831 civilis
2014 4778 2263 4831 ordinatio
2297 4782 2391 4833 est.
2438 4778 2520 4831 Sic
2553 4780 2689 4831 enim
2724 4780 2855 4842 legis

1055 4845 1238 4893 natura
1271 4842 1508 4903 postulat.

925 4940 1017 5004 7⁸)
1058 4941 1325 5070 &3⁸32
1352 4939 1502 5072 {gith
1538 4943 1588 4994 2.
1627 4942 1672 4993 7.
1708 4945 1762 4996 et
1793 4943 1849 4995 In
1882 4944 2134 4999 Genesin:
2170 4946 2398 5001 Christus
2433 4949 2638 5013 exponit
2667 4950 2854 5033 Iegem.

927 5092 1019 5153 u)
1065 5092 1242 5155 etiam]
1279 5088 1448 5143 abest
1477 5092 1535 5145 iu
1569 5094 1790 5147 Genesin
1823 5097 1857 5148 Ι.
1896 5110 1939 5148 e.

927 5193 1020 5256 75)
1064 5192 1360 5258 adversum]
1391 5194 1447 5246 in
1482 5194 1702 5249 Genesin
1737 5194 1822 5249 Ed.
1858 5199 1905 5249 8.
1945 5195 2034 5248 roi.
2073 5200 2157 5261 88,
2194 5196 2272 5250 ὺ.;
2306 5200 2571 5255 adversus.

929 5294 1049 5357 ⁷5⁸)
1069 5294 1122 5345 in
1157 5296 1392 5357 Genesin,
1427 5296 1478 5347 in
1514 5308 1710 5359 marg.:
1744 5298 2035 5359 Hieronymi
2069 5298 2349 5352 translatio.

925 5394 1016 5456 78)
1059 5394 1223 5456 iilius]
1256 5394 1317 5445 In
1353 5398 1573 5450 Genesin
1607 5399 1641 5449 i.
1680 5411 1742 5449 e:
1776 5400 1908 5452 illae.

923 5494 1020 5557 77)
1062 5494 1315 5556 inimicos]
1348 5496 1432 5548 su.
1465 5501 1513 5551 2.
1550 5482 1756 5562 typoui
1775 5511 1984 5553 errore:
2019 5501 2241 5553 inimico.

1071 5608 1311 5652 mfflii.
1338 5609 1470 5653 om.
1497 5611 1598 5653 voi..
1634 5614 1732 5656 m

2485 3118 2608 3183 Est
2634 3130 2850 3184 autem
2899 3147 2902 3155 ’

3684 1107 3861 1173 aliud
3920 1107 4229 1171 dice'mus
4272 1102 4565 1168 voluisse
4707 1123 4759 1161 ιο

2930 1192 3299 1272 Christum,
3341 1214 3538 1278 quam
3580 1205 3655 1257 ut
3695 1188 3991 1258 revelato
4040 1185 4407 1274 Evangelio
4424 1232 4445 1266 ,
4501 1198 4565 1251 et

2931 1278 3148 1340 diruto
3189 1278 3536 1342 interstitio
3558 1280 3651 1359 ⁷⁹)
3694 1276 4145 1353 maceriae,·ut
4168 1270 4418 1337 Paulus
4449 1271 4563 1347 ait,

2931 1372 2999 1424 et
3050 1358 3315 1425 sublato
3372 1361 3772 1444 inductoque
3842 1360 4209 1423 discrimine
4326 1355 4567 1421 entium

2931 1465 3014 1508 ac
3055 1444 3466 1523 Iudaeorum,
3506 1446 3681 1509 sicut
3722 1455 3919 1509 antea
3975 1442 4231 1506 Iudaeis
4315 1440 4569 1505 udaeos

2933 1526 3226 1614 diligere,
3272 1540 3408 1593 tum
3450 1530 3722 1604 amicoS,
3765 1539 3902 1591 tum
3943 1528 4238 1591 inimicos
4278 1522 4569 1587 manda-¹

2933 1614 3177 1695 tum80)
3222 1609 3463 1689 fuerat,
3504 1614 3596 1675 ita
3638 1632 3764 1675 nos
3809 1623 3944 1675 tum
3985 1622 4220 1694 gentes
4280 1620 4417 1671 tum
4458 1605 4559 1669 Iu·
4707 1624 4761 1663 ιε

2935 1697 3163 1773 daeoS,
3187 1717 3336 1759 cum
3359 1697 3605 1759 amicos
3626 1706 3763 1759 tum
3787 1696 4085 1759 inimicos
4122 1691 4229 1758 dili
4282 1710 4560 1756 eremus·

2936 1779 3108 1852 Quid
3154 1793 3371 1846 autem
3415 1780 3591 1862 quod
3636 1778 3718 1842 de
3762 1775 3924 1841 solis
3961 1780 4156 1841 etiam
4252 1774 4564 1841 ananaels

2935 1859 3164 1926 Israeli
3205 1873 3629 1946 praeceptum
3662 1860 3784 1927 fuit
3794 1864 3826 1926 ’ἐ
3912 1861 4085 1933 Quid
4141 1862 4317 1944 quod
4375 1858 4571 1922 adve-

2937 1965 3059 2009 nas
3103 1949 3299 2010 etiam
3341 1946 3649 2009 iubentur
3705 1943 3815 2009 dili
3868 1946 4137 2026 ere‘381)
4226 1943 4372 2006 Huc
4424 1960 4571 2025 per·

2936 2031 3119 2121 tinet,
3163 2031 3341 2113 quod
3385 2026 3466 2092 de
3511 2028 3786 2093 foenore
3809 1966 4144 2093 ffecretum
4161 2038 4285 2105 est,
4309 2026 4571 2090 extetris
4705 2046 4767 2084 ιο

2939 2110 3435 2192 foenerandum,
3478 2134 3613 2176 non
3659 2115 3982 2196 cognatis·
4026 2112 4219 2175 Nunc
4244 2131 4394 2174 cum
4413 2106 4571 2173 nulli

2942 2198 3073 2260 sint
3119 2199 3346 2274 exteri,
3391 2204 3619 2262 omnes
3645 2199 3929 2281 cognati,
3970 2197 4036 2260 in
4058 2197 4439 2260 universum
4478 2194 4576 2257 in-

2940 2282 3287 2346 terdictum
3330 2292 3434 2345 est
3475 2279 3732 2347 foenuS.

3028 2398 3419 2482 Quanquam
3460 2420 3507 2465 n
3594 2401 3691 2465 ari
3710 2420 3847 2465 non
3866 2412 4110 2483 potest,
4198 2405 4309 2466 uin
4354 2398 4576 2484 aliqua

2941 2482 3007 2545 in
3048 2479 3201 2569 lege
3242 2484 3503 2548 novarit
3764 2503 3871 2561 uS,
3912 2482 4109 2567 quale
4152 2422 4311 2549 illud
4345 2497 4449 2548 est
4490 2484 4575 2547 de

2945 2567 3263 2644 divor¹tio,
3308 2564 3504 2650 quale
3544 2568 3701 2633 item
3735 2580 3873 2645 est,
3929 2569 4106 2652 quod
4120 2572 4293 2633 cum¹
4316 2568 4571 2632 ludaeis
4644 2569 4727 2631 61,
4763 2583 4808 2621 a.

2942 2670 3183 2732 praece
3230 2661 3366 2714 tum
3405 2648 3604 2754 fuerit
3658 2648 3879 2735 gladio
3912 2650 3975 2717 le
4024 2650 4153 2755 alia
4196 2650 4571 2753 defendero,
4608 2636 4732 2699 (ω’
4767 2638 4843 2697 Ψ)

2940 2738 3756 2903 ifflff²1¹32¹013⁰¹¹p2253²
3775 2738 4041 2897 ‘siim
4098 2747 4226 2899 2¹3⁵,
4244 2757 4439 2898 “¹5¹2''⁵.1
4460 2737 4573 2897 2¹33

2942 2900 3273 2967 Converte
3316 2901 3603 2987 gladium
3644 2905 3711 2967 in
3751 2901 3973 2968 Iocum
4006 2924 4219 2983 suuni,
4263 2905 4390 2977 Qui
4434 2901 4576 2988 gla-

2943 2986 3119 3051 dium
3170 2989 3525 3070 acceperit,
3547 2993 3555 3018 '
3580 2985 3803 3071 gladio
3851 2990 4106 3071 peribit.
4213 2987 4463 3053 Tamen
4476 2990 4574 3071 8⁴)
4712 3007 4740 3044 ⁵

2940 3090 3075 3135 non
3118 3082 3223 3134 est
3265 3070 3511 3136 Christi
3548 3073 3924 3155 primarium
3966 3095 4048 3139 ac
4071 3075 4402 3155 proprium
4438 3068 4578 3135 offi-

2944 3154 3113 3218 cium
3155 3152 3219 3218 le
3305 3177 3371 3219 m
3414 3158 3736 3234 condere,
3790 3157 3913 3222 sed
3968 3158 4247 3241 gratiam
4302 3157 4570 3221 donare.

2941 3237 3170 3303 Moses
3212 3175 3433 3323 {egum
3474 3239 3651 3305 lator
3693 3251 3820 3316 est,
3864 3253 3932 3304 et
3971 3243 4203 3317 iudex,
4269 3238 4571 3313 Christus

2944 3319 3276 3400 salvator,
3318 3326 3493 3388 sicut
3533 3326 3555 3387 i
3640 3344 3678 3387 e
3720 3324 3805 3387 de
3846 3343 4001 3387 sese
4012 3327 4107 3397 ⁸⁵)
4152 3334 4430 3389 testatur
4472 3324 4571 3389 Io-

2944 3402 3143 3467 hann.
3188 3406 3296 3468 111.
3344 3414 3473 3484 [vs.
3521 3408 3555 3469 l
3604 3414 3682 3484 .:]
3726 3406 3879 3469 Non
3932 3407 4104 3471 misit
4167 3408 4333 3473 deus
4376 3405 4577 3472 fllium

2944 3506 3139 3552 suum
3181 3490 3246 3551 in
3288 3489 3620 3567 mundum,
3663 3503 3735 3554 ut
3778 3490 4015 3557 iudicet
4054 3493 4403 3569 mumdum,
4452 3492 4571 3556 sed
4710 3512 4761 3551 ιο

2942 3582 3015 3633 ut
3060 3567 3352 3635 salvetur
3394 3573 3674 3637 mundus
3693 3595 3816 3657 per
3835 3575 4069 3658 ipsum.
4112 3576 4257 3639 Lex
4285 3576 4571 3653 danmat,

2987 3655 3471 3739 nandoquidem
3524 3677 3645 3741 per
3697 3678 3822 3721 nos
3867 3662 3927 3724 ei
3968 3659 4275 3724 satisfieri
4329 3680 4414 3725 ne
4505 3663 4573 3722 ’t.

3002 3737 3249 3803 hristus
3290 3740 3573 3824 gratiam
3613 3744 3871 3823 peccati
3911 3744 4113 3807 donat
4134 3745 4422 3809 credenti
4557 3789 4572 3806 .

2942 3820 3165 3905 Saepe
3207 3825 3468 3907 quidem
3508 3821 3725 3909 legem
3776 3826 3971 3889 etiam
4026 3825 4327 3892 Christus
4386 3848 4573 3909 prae-

2948 3905 3126 3970 dicat
3139 3952 3161 3984 ,
3218 3907 3395 3990 quod
3438 3908 3582 3972 sine
3643 3905 3795 3991 lege
3847 3922 4193 3991 peccatum
4258 3913 4573 3995 cognosci

2944 4008 3080 4053 non
3120 3993 3355 4074 possit,
3398 3992 3577 4075 quod
3628 3993 3755 4055 nisi
3794 3996 4207 4069 sen'tiamus‚
4249 3996 4381 4067 vim
4468 4014 4570 4059 ra-
4691 3995 4746 4037 ¹⁶

2944 4075 3076 4139 tiae
3118 4086 3187 4140 et
3230 4072 3714 4158 amplitudinem
3748 4096 3883 4140 non
3914 4074 4371 4160 intelligemus.
4472 4096 4575 4141 ro-

2944 4158 3097 4224 inde
3140 4156 3333 4223 simul
3377 4171 3445 4224 et
3486 4157 3591 4223 lex
3638 4171 3705 4223 et
3737 4156 4169 4243 Evangelium
4210 4163 4575 4244 praedicari

2948 4426 3044 4490 78)
3087 4426 3177 4478 Ed.
3212 4429 3261 4481 7.
3298 4430 3353 4479 et
3382 4428 3441 4480 ln
3474 4429 3700 4481 Genem
3720 4428 3775 4481 in
3806 4439 3969 4492 marg.
4002 4430 4225 4483 adduntz
4260 4431 4341 4482 Sic
4362 4431 4418 4480 et
4440 4429 4505 4479 de
4535 4430 4647 4481 ioco
4669 4428 4883 4481 inLevit

3083 4495 3243 4547 xxvi.
3311 4496 3693 4561 Persequi-nini
3724 4496 3952 4551 inimicos
3986 4501 4183 4551 vestros
4219 4501 4316 4549 ete.
4352 4495 4680 4549 iudicandum
4714 4498 4810 4549 est

2947 4594 3042 4657 79)
3081 4594 3374 4658 interstitio]
3406 4595 3493 4649 Ed.
3529 4597 3577 4648 7.
3612 4596 3799 4659 typotb.
3834 4607 4035 4649 errore:
4066 4594 4351 4649 histertitio.

2946 4693 3043 4758 80)
3088 4694 3413 4760 mandatum]
3447 4696 3533 4749 Ed.
3568 4698 3615 4749 2.
3648 4697 3837 4759 typotb.
3873 4706 4075 4748 errore:
4112 4696 4495 4750 mandadatum.

2946 4797 3040 4860 81)
3090 4795 3218 4857 Quid
3266 4800 3440 4849 autem
3488 4796 3712 4861 quod...
3748 4794 4015 4858 diligeret]
4060 4797 4145 4849 Ed.
4180 4798 4230 4849 7.
4281 4801 4335 4849 et
4366 4796 4422 4850 in
4457 4798 4681 4851 Genesin
4714 4800 4801 4851 Ed.
4836 4803 4881 4853 8.

3084 4863 3171 4916 rol.
3209 4865 3323 4924 ·84,
3360 4877 3449 4916 a.:
3500 4864 3643 4926 Quod
3690 4862 3755 4915 (ie
3792 4863 4040 4915 cananeis
4082 4868 4407 4928 praeceptum
4456 4870 4554 4930 est,
4601 4867 4671 4919 ad
4705 4878 4881 4920 omnes

3081 4934 3267 4993 gentes
3301 4932 3535 4995 pertinet,
3568 4935 3921 4994 oppugnantes
3952 4933 4212 4986 Israelem.
4246 4935 4374 4989 Nam
4396 4935 4515 4988 huic
4526 4935 4714 4999 populo
4738 4947 4882 4998 prae·

3083 5004 3285 5063 ceptum
3320 5006 3435 5052 erat
3465 5000 3621 5053 armis
3654 4998 3822 5061 legem
3856 5002 4005 5054 meri.

2947 5066 3041 5132 82)
3086 5068 3247 5130 iubet]
3282 5067 3372 5119 Ed.
3411 5068 3458 5120 7.
3493 5072 3547 5119 et
3580 5068 3633 5119 in
3670 5068 3887 5121 Genesin
3924 5069 3956 5120 1.
3992 5081 4067 5120 c:
4101 5068 4224 5120 vult.

2949 5168 3043 5232 83)
3090 5168 3215 5231 imo]
3250 5168 3336 5221 Ed.
3373 5170 3420 5221 7.
3455 5171 3511 5220 et
3540 5170 3597 5221 Ῑιι
3633 5168 3851 5221 Genesin
3885 5169 3919 5220 l.
3955 5180 4022 5221 c:
4057 5172 4124 5221 et.

2950 5269 3043 5331 84)
3086 5269 3283 5331 peribit.
3321 5269 3533 5331 Tamen]
3567 5269 3653 5320 Ed.
3670 5271 3717 5322 7.
3750 5273 3803 5320 et
3836 5270 3890 5321 in
3927 5269 4147 5322 Genesin
4180 5269 4214 5320 1.
4240 5282 4312 5322 c.:
4349 5252 4709 5333 permit-'nam
4724 5268 4882 5321 Evan-

3084 5336 3276 5399 getium
3327 5337 3534 5399 spiritus
3580 5336 3827 5388 iusticiam
3881 5342 4078 5388 tantum
4113 5337 4281 5400 tradit,
4317 5350 4446 5401 quae
4496 5334 4670 5398 gladio
4714 5342 4881 5388 extor-

3087 5406 3232 5468 queri
3266 5405 3554 5455 bominibus
3589 5416 3691 5455 non
3725 5408 3910 5466 potest,
3943 5405 4072 5456 sicut
4106 5405 4263 5456 civilis
4299 5406 4508 5457 iusticia.
4542 5405 4730 5456 Tamen

2951 5504 3046 5570 85)
3092 5506 3234 5568 sese]
3268 5507 3324 5558 In
3360 5505 3581 5559 Genesin
3614 5506 3647 5557 i.
3681 5518 3755 5557 ατ
3791 5517 3866 5557 se.

4420 5607 4483 5659 1⁰
