5859 6734
464 755 530 822 aaa
1013 819 1016 824 ,
1084 755 1201 824 Pina
1217 755 1321 825 rfflo.
1343 760 1529 828 selum
1544 759 1818 827 munsiaco.
1859 765 1864 794 ⁷
1922 807 1924 812 -
2394 757 2461 822 Μ

468 945 551 1008 siam
572 956 606 1007 ει
627 960 665 1007 se
686 943 793 1027 ipsum
809 961 871 1026 pro
893 961 935 1006 ea
956 944 1098 1021 tradidit,
1123 946 1439 1011 ateamsauctificet
1459 965 1461 969 “
1484 946 1645 1025 homines,
1667 966 1708 1011 eo
1730 945 1820 1031 quod
1841 965 1955 1009 omnes
1978 958 2210 1027 peccaverunt,
2234 946 2268 1008 id
2291 957 2360 1019 est,
2383 955 2460 1007 suut

468 1029 715 1093 mundanseam
725 1024 862 1091 lavacro
878 1047 994 1111 aquae.
1027 1025 1348 1094 DefinitEcclesiam
1362 1049 1440 1094 csse
1483 1034 1541 1096 rei.
1585 1032 1628 1095 Et
1648 1029 1732 1115 Eph.
1751 1032 1783 1095 2.
1807 1036 1870 1107 [vs.
1888 1027 1933 1108 d]
1955 1028 2095 1093 Eramus
2118 1041 2151 1093 et
2171 1050 2233 1093 nos
2256 1040 2379 1093 natura
2402 1023 2459 1091 filii

469 1131 607 1198 regatur
629 1110 767 1189 Christi,
802 1132 898 1196 quam
924 1112 1125 1192 sanctificat,
1158 1124 1192 1178 ει
1213 1114 1304 1179 addit
1324 1112 1439 1178 Ecclc-
1482 1118 1562 1195 irae,
1583 1117 1617 1179 id
1640 1126 1702 1192 est,
1726 1117 1773 1179 rei
1795 1134 1855 1178 εειι
1876 1113 1998 1177 addicti
2020 1114 2089 1177 irae
2110 1134 2171 1177 seu
2187 1114 2343 1177 damnati.
2375 1109 2461 1174 Cum

470 1198 541 1262 siae
561 1198 704 1282 signum,
725 1207 763 1260 ιιι
783 1197 951 1260 discernat
973 1217 1045 1261 earn
1066 1219 1088 1263 a
1108 1196 1243 1282 reliquis
1265 1198 1441 1277 Gentibus,
1482 1202 1583 1286 igitur
1602 1220 1670 1264 uon
1693 1200 1826 1264 dubimn
1848 1200 1891 1261 sit
1912 1200 1945 1260 in
1968 1194 2147 1262 infantibus
2169 1217 2245 1261 esse
2267 1208 2459 1278 peccatum,

469 1300 569 1366 super
590 1301 673 1365 quas
695 1300 762 1345 non
784 1294 837 1346 εει
858 1283 1045 1346 invocatum
1065 1303 1185 1348 nomen
1197 1282 1329 1348 Christi.
1362 1283 1441 1349 item
1473 1288 1580 1351 debet
1596 1283 1729 1368 aliquod
1751 1303 1827 1347 esse
1849 1283 2026 1346 discrimen
2048 1280 2217 1345 infantimn
2231 1284 2276 1364 ¹⁹)
2298 1278 2458 1343 Ethnico·

469 1365 685 1445 Rom-Mus.
697 1363 764 1444 30.]
788 1365 880 1438 Quos
902 1364 1012 1451 elegit,
1033 1366 1097 1431 hos
1115 1380 1148 1431 et
1168 1369 1309 1433 vocavit.
1342 1366 1441 1433 Nulla
1483 1393 1570 1448 rum,
1600 1372 1655 1454 qui
1676 1381 1811 1433 manent
1832 1368 1898 1443 roi,
1932 1377 1964 1430 et
1985 1362 2154 1429 infantium
2167 1369 2211 1441 ²⁰)
2235 1367 2269 1428 in
2291 1362 2457 1438 Ecclesia,

470 1451 570 1597 iqitur
591 1461 642 1513 est
663 1448 830 1530 electio¹⁷)
853 1471 986 1528 eorum,
1004 1453 1059 1536 qui
1079 1472 1146 1515 uon
1168 1454 1359 1517 inseruntur
1379 1452 1441 1516 Ec·
1484 1457 1537 1540 qui
1559 1454 1760 1538 recipiuntur
1781 1475 1802 1517 a
1818 1450 1893 1515 Deo
1915 1471 1975 1534 per
1996 1451 2219 1514 ministerium.

471 1534 595 1599 cesiae
627 1545 764 1600 externa
797 1536 982 1599 vocatione.
1031 1536 1110 1602 item
1142 1535 1258 1602 matth.
1295 1538 1344 1603 18.
1377 1537 1441 1602 Ubi

471 1629 547 1684 sunt
573 1619 638 1684 duo
665 1631 722 1684 aut
747 1630 815 1684 tres
845 1622 1038 1724 congregati
1065 1622 1097 1684 in
1124 1623 1255 1685 nomine
1286 1642 1376 1699 meo,
1408 1623 1442 1685 in
1780 1638 1834 1701 ΠΙ,
1867 1639 2162 1722 Argumentum,

471 1704 577 1768 medio
600 1723 716 1769 corum
736 1724 820 1768 sum·
862 1704 953 1789 Ergo
976 1727 1009 1769 m
1031 1725 1072 1769 eo
1095 1718 1202 1784 coetu,
1224 1708 1279 1791 qui
1299 1726 1367 1770 non
1390 1717 1443 1769 εει
2019 1708 2021 1711 ’

472 1801 695 1874 congregatus
716 1790 751 1852 in
771 1791 903 1854 nominc
918 1788 1052 1868 Christi,
1073 1788 1227 1855 Christus
1248 1811 1315 1855 non
1337 1791 1442 1856 adest
1569 1793 1622 1856 Ad
1646 1810 1731 1875 quos
1753 1791 1894 1874 pertinet
1914 1790 2110 1873 promissio,
2138 1788 2178 1849 ad
2202 1787 2341 1849 eosdem
2365 1785 2459 1867 perti·

471 1872 628 1937 Teneuda
648 1886 700 1938 est
721 1875 820 1958 igitur
841 1873 926 1938 haec
943 1876 1104 1939 sententia
1115 1875 1317 1939 firmissime:
1339 1873 1443 1938 Extra
1484 1890 1539 1941 net
1561 1889 1594 1941 et
1615 1878 1755 1961 signum.
1798 1875 1882 1938 Nam
1912 1876 2041 1959 signum
2068 1871 2221 1935 traditum
2248 1879 2303 1932 est
2323 1881 2461 1952 propter

471 1955 656 2023 Ecclesiam
677 1979 744 2023 non
766 1978 844 2022 csse
865 1961 1092 2023 remissionem
1104 1973 1314 2042 peccatorum
1336 1971 1369 2024 ει
1390 1978 1444 2022 εε·
1483 1962 1747 2047 promissionem.
1802 1957 1937 2023 Certum
1975 1968 2027 2021 est
2065 1968 2175 2019 autem
2206 1954 2461 2037 promissionem

473 2039 573 2106 lutem
598 2055 775 2109 aeternam.
819 2043 879 2107 llis
906 2044 1035 2108 duabus
1061 2045 1342 2128 propositionibus
1365 2064 1443 2107 con·
1485 2048 1611 2133 gratiae
1642 2046 1806 2129 pertinere
1839 2044 1881 2107 ad
1914 2039 2074 2115 infantes3
2106 2039 2197 2123 Ergo
2230 2058 2379 2102 necesse
2414 2050 2460 2101 est

473 2128 612 2203 stitutis,
645 2129 734 2212 quod
763 2128 805 2192 ad
825 2126 970 2193 infantes
991 2129 1151 2212 pertineat
1171 2129 1346 2212 promissio
1369 2148 1444 2214 gra·
1485 2134 1534 2197 eis
1567 2129 1726 2214 applicari
1752 2129 1883 2212 signum
1910 2145 1970 2210 per
1997 2126 2225 2201 ministerium,
2259 2143 2328 2207 quo
2361 2140 2462 2204 super

473 2212 538 2276 tiae
559 2224 592 2276 et
614 2213 703 2295 quod
722 2232 791 2277 uon
807 2214 970 2296 pertineat
990 2213 1033 2276 ad
1054 2211 1195 2277 iniantes
1217 2224 1311 2277 extra
1326 2211 1443 2276 Eccle-
1486 2236 1545 2281 eos
1567 2233 1686 2279 nomeu
1707 2212 1772 2276 Dei
1794 2214 1974 2276 invocatur.

474 2296 567 2374 siam,
589 2292 679 2362 clare
701 2297 848 2381 sequitur
870 2296 1057 2363 conclusio:
1087 2295 1232 2361 infantes
1254 2298 1442 2361 necessario

474 2381 668 2444 inserendos
698 2400 773 2445 esse
795 2380 967 2447 Ecclesiae
992 2402 1051 2466 per
1070 2381 1290 2466 Baptismum,
1322 2384 1444 2465 inquo
1775 2400 1831 2464 pv,
1866 2400 2166 2483 Argumentum,

475 2484 574 2548 super
601 2484 660 2530 eos
689 2467 860 2531 invocatur
889 2488 1008 2530 nomen
1036 2466 1107 2530 Dei.
1157 2465 1281 2552 Magna
1307 2488 1363 2530 res
1392 2479 1444 2529 est

475 2549 640 2613 invocatio
667 2551 807 2616 nominis
836 2549 915 2629 Dei,
948 2572 1033 2635 quae
1062 2550 1097 2614 fit
1130 2571 1188 2632 per
1220 2552 1443 2615 ministerium.
1549 2553 1739 2617 illaudatum
1762 2552 1804 2614 de
1814 2551 1983 2634 Baptismo
2006 2561 2058 2611 est
2078 2546 2283 2625 universale,
2299 2569 2342 2612 ac
2355 2549 2401 2613 ad
2418 2563 2463 2613 to-

475 2632 553 2698 ldeo
576 2632 916 2706 Christusxconiunxit
936 2635 1022 2699 haec
1044 2637 1125 2699 duo:
1160 2634 1264 2698 Sinite
1286 2632 1443 2719 parvulos
1485 2650 1552 2702 tam
1572 2635 1757 2701 Ecclesiam
1777 2637 1917 2721 pertinet
1940 2632 2021 2711 [ioh.
2034 2633 2067 2711 3,
2089 2633 2151 2711 3.]:
2173 2632 2243 2695 Nisi
2267 2635 2346 2716 quis
2371 2654 2462 2697 rena·

475 2719 590 2782 venire
615 2719 659 2782 ad
687 2739 755 2798 me,
788 2721 864 2804 quia
889 2718 1002 2785 talium
1032 2733 1082 2783 est
1104 2739 1243 2803 regnum
1264 2718 1443 2784 coelorum.
1487 2735 1539 2786 tus
1561 2719 1658 2787 fuerit
1679 2742 1722 2786 cx
1739 2741 1825 2805 aqua
1847 2732 1880 2783 ει
1902 2719 2028 2803 spiritu,
2049 2738 2115 2782 nou
2134 2718 2265 2780 intrabit
2277 2720 2311 2781 in
2323 2737 2461 2802 regnum

475 2800 619 2880 Talium,
648 2804 772 2881 idest,
795 2824 926 2883 eorum,
949 2805 1005 2888 qui
1025 2803 1103 2868 mihi
1125 2803 1323 2881 offeruntur,
1345 2822 1445 2886 super
1487 2803 1663 2871 coelorum.
1696 2805 1843 2870 Pertinet
1864 2806 1963 2888 igitur
1986 2802 2137 2867 etiamad
2153 2799 2309 2879 infantes,
2334 2812 2372 2865 ut
2385 2800 2462 2865 iiam

477 2906 560 2970 quos
582 2888 757 2953 mvocatur
777 2908 897 2953 nomen
917 2908 1033 2952 meum.
1486 2911 1565 2974 pars
1581 2888 1774 2954 Ecclesiae·
1803 2887 1875 2953 Nec
1898 2889 2031 2953 dubium
2053 2899 2104 2950 est
2125 2905 2254 2967 semper
2277 2882 2387 2949 fuisse
2409 2884 2461 2948 ali

562 2972 676 3056 ltaque
703 2993 770 3037 non
799 2974 912 3038 dubito
939 2974 1091 3038 convinci
1118 2992 1233 3037 omnes
1255 2992 1359 3038 sanos
1379 2970 1444 3035 hoc
1488 2996 1552 3060 qua
1574 2976 1681 3059 signa,
1714 2976 1833 3059 quibus
1855 2971 1997 3037 infantes
2019 2974 2053 3036 in
2074 2970 2227 3036 Ecclesia
2248 2970 2327 3034 Deo
2362 2968 2461 3034 onim

477 3067 686 3143 argumentor
708 3054 813 3122 Extra
832 3057 1018 3123 Ecclesiam
1035 3078 1100 3121 non
1125 3070 1177 3121 est
1198 3055 1308 3135 salus,
1329 3058 1363 3119 id
1384 3067 1446 3132 est,
1487 3070 1575 3137 sunt,
1596 3071 1633 3123 ut
1654 3057 1713 3123 suit
1736 3060 1943 3123 circumcisio
1967 3054 2188 3121 masculorum
2209 3056 2344 3118 iudeus
2369 3055 2469 3118 neith¹

476 3142 532 3205 ubi
559 3160 620 3207 uec
647 3142 861 3207 ministerium
888 3142 980 3207 Euan
1006 3139 1058 3206 eiii
1090 3155 1205 3221 sonat,
1236 3163 1301 3208 nec
1328 3139 1447 3205 Sacra·
1488 3144 1673 3221 Abraham,
1717 3155 1750 3207 ει
1782 3141 1867 3207 aliae
1901 3143 2124 3218 ceremoniae,
2167 3140 2287 3224 quibus
2321 3142 2332 3204 i
2366 3152 2460 3202 antes

477 3236 587 3291 menta
618 3226 891 3293 administrantur.
943 3163 1005 3290 Al
1029 3224 1171 3291 infantes
1200 3229 1340 3310 pertinet
1371 3245 1447 3310 pro·
1488 3226 1625 3294 masculi
1654 3240 1686 3292 et
1711 3225 1862 3292 femellae
1886 3227 1963 3291 Deo
1992 3226 2230 3300 offerebantur,
2262 3223 2392 3300 idest,
2423 3224 2457 3284 in

477 3311 590 3376 missio
623 3309 758 3388 salutis3
793 3310 885 3398 Ergo
918 3309 1059 3375 infantes
1092 3332 1231 3376 necesse
1263 3323 1314 3375 est
1344 3310 1446 3374 inseri
1488 3316 1606 3397 quibus
1636 3312 1829 3376 ceremoniis
1854 3331 1974 3376 nomen
1996 3310 2059 3374 Dei
2081 3329 2181 3390 super
2202 3329 2261 3371 eos
2285 3308 2462 3372 invocaba-

477 3390 650 3459 Eoolesiae
676 3413 737 3478 per
757 3395 977 3479 Baptismum,
1004 3399 1037 3459 in
1060 3417 1125 3480 quo
1149 3417 1250 3481 super
1273 3416 1332 3460 eos
1354 3397 1447 3458 inro-
1489 3412 1556 3475 tur,
1585 3410 1618 3461 ct
1639 3396 1865 3481 applicabatur·
1888 3398 1935 3459 eis
1957 3396 2141 3459 benedictio
2165 3394 2275 3456 divina
2297 3393 2462 3473 promissa

479 3490 571 3543 catur
590 3498 709 3542 nomen
731 3483 856 3545 aeterni
873 3479 993 3559 Patris,
1014 3480 1087 3544 Filii
1109 3493 1141 3545 et
1163 3479 1305 3563 Spiritus
1328 3480 1446 3544 sancti.
1488 3481 1653 3546 Patribus.
1698 3482 1890 3545 Habuerunt
1913 3480 2030 3542 Patres
2054 3491 2087 3543 et
2108 3491 2183 3541 ante
2206 3476 2380 3541 Abraham
2398 3472 2463 3539 ulia

477 3562 550 3627 Hoc
567 3573 793 3652 argumentum
813 3565 859 3628 ita
881 3565 1008 3629 firmum
1029 3578 1093 3642 est,
1110 3578 1146 3630 ut
1168 3567 1271 3630 everti
1293 3583 1448 3648 nonpos·
1490 3569 1586 3651 signa
1617 3588 1638 3632 a
1665 3564 1740 3629 Deo
1769 3566 1898 3629 tradita,
1950 3565 2090 3647 Oportet
2123 3566 2208 3625 enim
2241 3563 2348 3625 teneri
2380 3561 2464 3624 harre

478 3650 529 3712 sit.
574 3647 788 3796 Nequatpuam
819 3651 905 3714 enirn
936 3646 1093 3714 affirmari
1125 3661 1252 3734 potest,
1283 3651 1448 3734 pertinere
1487 3649 1703 3736 hypothesin:
1738 3646 1901 3722 infantae,
1929 3650 1983 3733 qui
2006 3650 2137 3711 suntin
2159 3643 2332 3724 Ecclesia,
2367 3664 2465 3730 super

480 3733 619 3798 salutem
643 3734 686 3797 ad
718 3730 849 3798 nlantes
877 3748 973 3799 extra
993 3733 1195 3812 Ecclesiam,
1226 3746 1262 3798 ιιι
1284 3736 1355 3798 sine
1377 3730 1446 3797 ullo
1490 3754 1573 3820 quos
1590 3735 1777 3799 invocatum
1799 3745 1850 3796 cst
1867 3753 1987 3796 nomen
1999 3731 2133 3809 Christi,
2155 3731 2301 3814 recipiin
2314 3731 2465 3814 gratian,

479 3818 664 3883 testimonio
685 3813 831 3884 furenter
853 3819 1055 3884 contendunt
1076 3818 1323 3901 Anabaptistae.
1489 3841 1554 3885 non
1576 3819 1749 3895 Turcicos,
1769 3838 1836 3882 non
1858 3817 2020 3882 Iudaicos.

1575 3904 1642 3968 Sed
1670 3900 1849 3966 reclamant
1870 3901 2129 3984 Anabaptistae,
2157 3920 2199 3964 ue
2222 3915 2279 3964 ant
2300 3903 2465 3983 prodesse

776 4004 815 4068 ῃ,
848 4005 1146 4089 Argumentum,
1491 3988 1687 4071 baptismum
1708 3984 1903 4065 infantibuS,
1937 4007 2010 4051 cum
2032 4007 2098 4050 non
2121 3921 2307 4069 intelligant
2330 3987 2465 4050 verbum

1491 4085 1523 4137 et
1552 4073 1737 4136 ceremonia
1764 4073 1837 4137 sine
1864 4072 1929 4136 fide
1957 4072 2149 4154 accipientis
2180 4072 2223 4135 sit
2245 4071 2372 4135 otiosa.
2412 4068 2464 4131 Ad

565 4154 710 4222 hiantes
731 4169 913 4222 nascuntur
934 4178 1008 4222 cum
1029 4169 1180 4240 peccato,
1201 4177 1264 4222 nec
1282 4155 1451 4222 fiunthac·
1490 4158 1556 4222 hoc
1578 4158 1781 4242 respondeo:
1802 4156 2020 4221 Verissimum
2042 4168 2106 4232 est,
2129 4155 2162 4219 in
2177 4156 2332 4219 omuibus
2345 4151 2465 4220 adultis

482 4245 581 4308 redes
609 4243 696 4307 vitae
722 4252 875 4308 aetemae
902 4242 975 4306 sine
1002 4242 1196 4308 remissione
1217 4241 1356 4327 peccati.
1401 4241 1450 4303 ln·
1492 4242 1614 4327 requiri
1643 4243 1874 4326 poenitentiam
1902 4254 1933 4304 et
1966 4241 2078 4316 iidem3
2111 4241 2177 4305 Sed
2211 4240 2252 4303 de
2285 4237 2465 4303 infantibus

482 4331 586 4394 stituit
595 4339 705 4392 autem
715 4324 1019 4392 DeusinEcclcsia
1034 4328 1246 4392 ministerium
1268 4326 1451 4391 remittendi
1491 4327 1557 4391 hoc
1579 4328 1660 4389 satis
1683 4338 1733 4390 est
1747 4338 1874 4389 tenere:
1897 4327 2039 4408 Spiritus
2050 4337 2184 4389 sanctus
2195 4344 2256 4410 per
2269 4327 2465 4409 baptismum

504 4426 620 4478 eccata
641 4423 673 4477 et
695 4413 910 4478 distribuendi
921 4414 1145 4476 remissionem
1155 4433 1214 4497 per
1226 4412 1450 4475 Sacramenta.
1493 4416 1540 4476 eis
1564 4413 1669 4488 datur,
1692 4413 1747 4496 qui
1764 4407 1865 4474 efficit
1887 4413 1918 4473 in
1942 4411 1990 4473 eis
2013 4431 2119 4474 novos
2141 4422 2261 4487 motus,
2288 4429 2402 4474 novas
2422 4409 2466 4470 iu·

481 4435 562 4562 l'utt
582 4500 628 4562 ita
650 4498 720 4562 dari
736 4501 778 4575 ¹⁸)
807 4500 1049 4576 remissionem,
1083 4519 1157 4562 cum
1179 4498 1248 4562 eius
1271 4497 1450 4560 micisterio
1493 4497 1684 4562 clinationes
1711 4496 1753 4559 ad
1780 4493 1887 4559 Deum
1915 4516 1976 4578 pro
2006 4497 2152 4579 ipsorum
2177 4493 2286 4557 modo.
2332 4493 2409 4558 Nec
2435 4491 2465 4554 id

481 4583 611 4647 utimur.
633 4580 744 4655 Quare
759 4580 938 4648 insentibus
954 4582 1200 4666 impertiendum
1213 4580 1341 4645 estlroo
1352 4583 1451 4645 bene·
1493 4596 1616 4647 temere
1637 4579 1833 4654 ailinnatur3
1855 4579 1939 4644 Nam
1960 4579 2045 4643 haec
2067 4592 2159 4643 certa
2180 4589 2272 4656 sunt,
2295 4581 2402 4662 recipi
2422 4580 2465 4642 iu·

483 4666 591 4731 licium
612 4687 671 4752 per
690 4666 902 4751 Baptismum.
1493 4665 1601 4732 fantes
1624 4687 1644 4729 a
1666 4665 1740 4729 Deo
1763 4684 1821 4747 per
1842 4664 1907 4727 hoc
1930 4664 2159 4740 ministerium,
2192 4664 2260 4727 dari
2283 4665 2364 4726 item
2387 4682 2466 4727 sem·

569 4751 666 4823 Quod
693 4771 774 4815 vero
796 4750 1034 4836 Anabaptistae
1059 4753 1092 4814 in
1120 4752 1308 4816 universum
1329 4762 1453 4834 negant
1494 4774 1554 4835 per
1570 4772 1643 4815 cum
1659 4750 1853 4812 remissione
1867 4751 1995 4833 peccati
2006 4749 2161 4831 Spiritum
2178 4759 2341 4825 sanctum,
2368 4760 2402 4812 et
2416 4766 2466 4811 ue·

483 4848 584 4900 totam
607 4836 790 4900 doctrinam
811 4836 852 4900 de
866 4846 1003 4921 peccato
1014 4835 1172 4921 Originis,
1194 4837 1298 4922 magis
1308 4837 1452 4919 produnt
1493 4831 2222 4981 minemplacercDeo,nisisanctilicatumaS
2245 4833 2468 4902 iritusauetot

484 4939 577 4986 suam
602 4920 781 4985 amentiam.
826 4920 909 4985 Nam
931 4921 960 4985 si
982 4931 1061 4985 sunt
1082 4920 1154 4985 sine
1174 4934 1332 5004 peccato,
1360 4917 1454 4983 Chri·
1495 4923 1587 4987 Siout
1604 4937 1694 4982 care
1710 4918 1813 5002 inquit
1826 4915 1980 4983 Christus
2003 4917 2200 4997 [latratu
2253 4918 2295 4979 isi
2316 4919 2397 5001 quis
2419 4935 2468 4980 rc·

485 5016 557 5069 stus
587 5023 655 5069 nou
687 4997 738 5068 est
768 5024 889 5089 passus
922 5025 983 5092 pro
1010 5002 1199 5070 infantibus.
1249 5001 1453 5091 collegimus
1493 5020 1591 5071 natus
1612 5002 1712 5069 fuerit
1733 5022 1775 5066 ex
1796 5023 1884 5087 aqua
1897 5015 1938 5067 et
1960 5004 2086 5085 spiritu,
2106 5019 2173 5064 non
2196 5002 2331 5066 intrabit
2360 5001 2396 5065 iu
2421 5019 2467 5065 re

483 5100 590 5155 autem
612 5086 677 5153 alio
699 5086 774 5153 loco
792 5091 978 5156 testimonia
988 5089 1183 5173 Prophetica
1204 5101 1237 5155 ct
1246 5086 1451 5240 ιᾒξιεειεὶίειι,
1495 5111 1594 5175 gnum
1618 5085 1793 5152 coelorum.
1817 5088 1895 5152 ltem
1916 5088 1944 5151 l.
1964 5085 2042 5150 Cor.
2063 5086 2111 5148 15.
2136 5091 2200 5164 [vs.
2220 5085 2304 5166 504:
2322 5083 2417 5152 Garo
2438 5097 2467 5149 et

485 5174 769 5262 praeostendunt
790 5195 905 5240 omnes
926 5188 1103 5242 nascentes
1115 5195 1229 5241 secum
1290 5194 1453 5257 errepcc-
1495 5173 1647 5259 sanguis,
1669 5169 1823 5237 videlicet
1843 5176 1915 5235 sine
1938 5171 1963 5236 S
1986 5173 2060 5235 iritu
2081 5182 2216 5249 sancto,
2237 5189 2304 5234 non
2317 5181 2470 5256 possum

485 5269 604 5337 catum,
624 5271 661 5323 ut
676 5255 816 5323 Romd.
839 5265 902 5338 [vs.
915 5259 979 5339 la]
1001 5260 1093 5327 lllors
1115 5261 1262 5343 pervasit
1281 5261 1315 5323 in
1337 5275 1452 5323 omnes
1494 5278 1631 5344 regnum
1651 5254 1716 5321 Dei
1737 5259 1919 5339 possidere.
1962 5191 2005 5318 Et
2026 5254 2121 5320 Rom.
2144 5256 2175 5319 8.
2200 5255 2371 5333 insul:
2407 5255 2470 5329 Qui

507 5410 599 5417 ——-.-.
610 5409 686 5417 μη.-
1501 5412 1700 5422 ..φῇ-...η-

491 5516 532 5579 1⁷)
551 5523 591 5568 est
609 5517 711 5583 electio]
728 5516 801 5569 iidltt.
822 5518 843 5563 1.
862 5516 885 5564 3.
904 5516 995 5568 electio
1012 5527 1051 5571 est
1470 5523 1477 5676 Ι
1497 5512 1541 5576 19)
1561 5511 1706 5576 minutium]
1724 5511 1796 5564 Editt
1816 5508 1905 5579 lnlh
1922 5509 2063 5574 innuatur.
2084 5566 2088 5573 ,

487 5618 531 5681 rs)
550 5617 617 5682 om]
633 5619 706 5671 mro.
727 5619 814 5669 ι-ιι,
834 5617 871 5670 ιε.
889 5618 929 5670 ιι,
945 5617 1008 5668 oure
1496 5614 1542 5677 ιο)
1561 5613 1707 5676 tnnnttun]
1724 5614 1794 5665 coru.
1816 5612 1904 5662 ι-ιι.
1923 5610 2046 5664 nnnmm
