5859 6734
443 695 514 766 w
883 692 907 756 1.
929 689 1033 756 Loci
1053 687 1329 757 THEOLOGlGl:
1352 688 1390 755 0.
1413 687 1625 755 SECUNDA
1644 687 1804 756 EORUM
1823 688 1981 756 AETAS.
2378 697 2446 766 250

489 924 512 935 .·
567 916 569 923 ·
599 882 633 944 15
655 883 724 944 1555
746 884 787 946 55
807 883 963 962 1551155155
984 879 1071 949 1555,
1094 898 1172 956 quae
1193 879 1231 937 ab
1242 877 1453 956 Anabaptistis
1477 876 1729 938 contradicuntur:
1754 877 1966 939 „Sacramenta
1987 880 2056 939 sine
2078 879 2138 940 155
2159 900 2219 940 555
2241 890 2378 960 prosunt,
2401 886 2442 946 in·

449 973 548 1034 155155
570 991 629 1030 555
652 967 822 1046 intelligunt
842 966 975 1034 verbum,
995 984 1065 1041 ergo
1089 965 1177 1022 etiam
1200 983 1258 1021 non
1282 963 1436 1033 creduntu
1461 964 1508 1021 sic
1530 961 1655 1021 refellit:
1691 960 1787 1021 „Huic
1809 970 1983 1040 argumento
2012 966 2136 1042 primum
2160 967 2371 1044 opponendum
2393 977 2444 1031 est

450 1076 537 1121 uem
571 1075 621 1116 um
642 1052 785 1114 intantum
808 1051 1059 1118 circumcisorum,
1094 1049 1144 1128 qui
1167 1048 1257 1107 etiam
1280 1067 1338 1127 non
1361 1046 1570 1126 intelligebant
1591 1047 1728 1117 verbum,
1763 1053 1914 1107 ettamen
1936 1047 2057 1108 valebat
2079 1057 2207 1128 pactum,
2231 1057 2263 1111 et
2283 1051 2443 1130 placebant

450 1143 512 1223 ipsi
532 1055 601 1202 Eleo
623 1144 744 1218 propter
765 1142 894 1216 pactum.
938 1132 1100 1194 Praeterea
1121 1132 1239 1212 etiamsi
1261 1151 1320 1191 non
1342 1130 1513 1210 intelligunt
1534 1133 1668 1203 verbum,
1690 1138 1790 1192 tamen
1813 1151 1852 1194 ex
1873 1134 2029 1211 superiore
2052 1136 2257 1214 propositione
2285 1135 2371 1197 fateri
2392 1160 2442 1198 ne·

446 1245 540 1293 cesse
563 1231 622 1296 est,
656 1222 737 1302 quod
759 1219 847 1281 Deus
869 1220 911 1280 sit
933 1220 962 1279 in
985 1219 1032 1289 eis
1056 1216 1171 1279 efficax.
1215 1212 1293 1301 Nam
1320 1236 1410 1297 quum
1433 1222 1546 1277 certum
1569 1217 1611 1277 sit
1632 1214 1762 1277 salutem
1785 1223 1817 1276 et
1837 1235 1961 1296 regnum
1984 1215 2044 1277 Dei
2067 1220 2106 1278 ad
2130 1217 2260 1279 15155155
2273 1222 2441 1300 pertinere,

449 1304 561 1379 certum
584 1316 633 1370 est
654 1308 744 1369 etiam
766 1304 867 1366 Deum
888 1305 918 1363 in
941 1305 988 1363 eis
1006 1301 1160 1363 efficacem
1182 1298 1255 1375 es'se
1277 1302 1360 1363 iuxta
1380 1299 1472 1360 illud:
1493 1298 1563 1362 Nisi
1586 1303 1655 1381 quis
1676 1308 1799 1362 renatus
1822 1299 1911 1363 buerit
1932 1322 1970 1362 ex
1991 1323 2070 1381 aqua
2092 1312 2124 1365 et
2143 1303 2261 1383 spiritu.
2302 1302 2370 1366 Nec
2391 1326 2442 1369 no-

448 1382 543 1457 sbum
565 1401 615 1455 est
636 1392 778 1462 scrutari,
802 1387 952 1470 quomodo
975 1386 1063 1447 Deus
1086 1388 1116 1447 in
1138 1387 1185 1446 eis
1204 1393 1290 1467 agat;
1312 1384 1388 1446 illud
1409 1406 1465 1447 nos
1488 1391 1592 1447 tenere
1614 1386 1691 1448 satis
1714 1394 1774 1459 est,
1792 1387 1874 1469 quod
1892 1394 2005 1449 cerbrm
2027 1396 2076 1449 est
2098 1388 2228 1450 salutem
2250 1388 2290 1449 ad
2310 1388 2442 1452 infantes

448 1473 991 1563 parbnere,undesequitur1)eum
1015 1472 1045 1530 in
1068 1470 1114 1531 eis
1136 1470 1289 1531 efficacem
1311 1488 1417 1532 esse«
1786 1484 1797 1493 ·

597 1628 715 1690 Locum
732 1629 774 1691 de
793 1645 894 1691 55555
913 1613 1192 1689 1155115115551155
1211 1629 1358 1693 tractans,
1382 1623 1598 1702 rationemque,
1633 1642 1693 1704 qua
1714 1618 1857 1684 Christus
1878 1625 1948 1703 pani
1971 1630 2003 1684 et
2024 1624 2092 1684 vino
2115 1624 2206 1696 adsit,
2230 1624 2360 1686 consilio
2381 1646 2441 1687 non

447 1715 651 1798 explicans,*)
674 1711 1122 1792 155555555511555155115551
1146 1704 1310 1783 „Christus
1328 1714 1468 1779 testabar,
1490 1708 1529 1768 ad
1546 1728 1604 1768 nos
1621 1709 1772 1788 pertinere
1789 1708 1969 1769 beneficium
1989 1728 2089 1779 suum,
2111 1729 2203 1789 quum
2224 1711 2314 1771 nobis
2336 1712 2442 1791 imper·

446 1802 484 1863 111
504 1818 595 1861 suum
618 1817 739 1879 corpus,
762 1804 793 1858 et
815 1816 872 1856 nos
894 1796 956 1855 sibi
977 1795 1112 1873 adiungit
1131 1801 1273 1873 tanquam
1293 1794 1436 1863 membra,
1459 1812 1521 1871 qua
1541 1813 1600 1852 non
1621 1800 1725 1872 potest
1745 1792 1805 1852 alia
1826 1795 1996 1855 coniunctio
2018 1795 2141 1872 cogitari
2162 1797 2290 1875 propior.
2336 1793 2442 1857 Tosta-

446 1893 496 1947 tu
517 1887 591 1946 item
613 1903 650 1944 se
671 1885 701 1942 15
722 1881 812 1942 55115
835 1881 988 1941 efficacem
1010 1879 1084 1951 sore,
1107 1880 1179 1960 quin
1199 1880 1268 1959 ipse
1291 1884 1343 1938 est
1363 1879 1434 1948 vita,
1457 1879 1510 1939 dat
1531 1880 1719 1956 sanguinem,
1742 1884 1776 1938 ut
1796 1884 1928 1939 testebrr
1948 1898 1986 1938 se
2007 1897 2064 1938 uos
2085 1878 2219 1939 abluere.
2247 1915 2289 1927 -
2312 1914 2354 1927 -
2384 1876 2442 1942 lte

447 1988 507 2053 qus
534 1968 614 2029 detis
642 1967 692 2027 bis
720 1969 812 2027 rebus
842 1985 921 2045 pane
950 1970 981 2024 et
1001 1966 1072 2024 vino
1094 1966 1123 2024 in
1146 1962 1251 2025 (15555
1271 1960 1395 2023 Domini
1417 1963 1596 2023 exhibentur
1617 1964 1706 2023 nobis
1730 1982 1841 2043 corpus
1864 1969 1896 2023 at
1917 1964 2044 2041 sanguis
2066 1959 2190 2025 Gbristi.
2233 1961 2275 2025 Et
2296 1961 2441 2026 (llrristus

445 2053 517 2114 'vere
547 2054 637 2113 adest
658 2051 852 2112 Sectamemo
881 2070 955 2119 suo,
986 2054 1018 2109 et
1044 2048 1152 2111 efficax
1175 2050 1278 2111 estin
1299 2048 1405 2118 nobis,
1437 2050 1518 2109 sicut
1537 2046 1670 2108 Hilarius
1692 2049 1807 2129 inquit:
1853 2049 1938 2123 Quae
1959 2054 2113 2109 sumtaot
2134 2048 2244 2109 155515
2263 2048 2387 2121 1551551,
2408 2055 2443 2111 51
2569 2122 2572 2127 Ι

444 2136 590 2200 (11515515
612 2137 655 2197 511
677 2138 706 2196 15
728 2136 827 2206 55115,
852 2143 883 2196 51
905 2154 963 2196 555
985 2136 1016 2194 15
1038 2128 1211 2195 chrisma·

528 2328 532 2337 ·
594 2287 718 2350 lnloco
739 2288 872 2365 denique
893 2288 934 2351 de
955 2302 1055 2365 ream
1080 2285 1202 2353 carba
1220 2286 1487 2366 Anabuptisturum
1508 2284 1677 2346 chiliastica
1698 2281 1893 2345 deliramenta
1914 2285 1962 2345 sic
1982 2282 2109 2346 retollit:
2156 2285 2235 2347 „Est
2255 2286 2441 2347 execrandus

446 2384 478 2437 51
506 2374 691 2439 damnandus
719 2387 800 2433 error
829 2371 881 2431 ille
903 2369 1045 2431 Iudaicus
1065 2371 1346 2448 Anabaptistnrum,
1376 2371 1428 2450 qui
1451 2370 1565 2449 tingunt
1584 2368 1757 2430 Ecclesiam
1778 2375 1848 2431 anto
1876 2369 2071 2431 novissimam
2094 2370 2173 2430 51515
2195 2368 2330 2450 politiam
2351 2390 2442 2450 quan

435 2462 514 2542 ¹dam
529 2460 713 2555 mundanam
736 2456 864 2517 iumram
887 2474 970 2520 esse,
992 2455 1021 2514 in
1045 2473 1104 2534 qua
1126 2462 1252 2534 regnent
1272 2456 1324 2536 pii,
1348 2463 1380 2516 et
1401 2456 1493 2515 armis
1516 2453 1637 2515 deleant
1659 2473 1765 2514 omues
1788 2455 1899 2533 impios
1921 2460 1952 2514 et
1974 2461 2122 2534 occupent
2144 2456 2242 2514 omnia
2263 2456 2420 2534 imperia.“

493 2618 541 2683 ¹,
594 2608 644 2673 D'e
671 2608 825 2669 doctrinae
853 2607 1088 2677 mutationibus,
1119 2622 1196 2685 quas
1226 2610 1329 2667 auctor
1357 2608 1386 2666 in
1416 2604 1622 2667 1155515515
1652 2606 1806 2667 secundae
1828 2605 2049 2678 5515551551,
2079 2606 2158 2666 5551.
2181 2604 2343 2666 (151151.
2364 2605 2387 2666 l.
2409 2624 2441 2686 p.

446 2694 514 2767 2973
529 2698 609 2774 sqq.
632 2712 675 2739 -·
718 2691 801 2765 Quid
823 2688 1000 2751 Melanthon
1025 2693 1098 2835 {pse
1127 2690 1166 2750 de
1188 2689 1238 2764 liis
1259 2691 1356 2752 Locis
1378 2693 1493 2754 iudicet
1514 2690 1670 2762 referatve,
1694 2708 1879 2769 cognoscere
1900 2691 1975 2752 licet
1996 2708 2035 2752 ex
2055 2693 2124 2752 eius
2145 2691 2300 2774 Epistolis
2321 2691 2362 2751 sd
2384 2687 2440 2752 Ga·

444 2782 602 2843 mererium
632 2778 662 2838 d.
692 2781 721 2837 2.
746 2775 833 2856 Sept.
867 2779 977 2847 1535,
1012 2782 1025 2852 (
1055 2794 1118 2856 orp.
1140 2774 1211 2836 1151.
1234 2772 1271 2836 ll.
1294 2797 1324 2856 p.
1350 2781 1411 2840 935
1434 2781 1500 2855 sq.)
1525 2774 2185 2856 515.24.1)551.51555.5511151155.
2213 2779 2291 2838 1017
2315 2779 2389 2855 sq.),
2411 2778 2441 2836 in

446 2864 604 2946 55511555
627 2863 746 2923 scribit:
772 2860 823 2921 „ln
845 2866 923 2927 15515
944 2863 1023 2921 meis
1046 2862 1135 2921 etiam
1157 2862 1257 2922 sicubi
1277 2862 1384 2922 videor
1404 2860 1517 2923 babere
1539 2858 1675 2947 δευτέρας
1695 2859 1874 2946 (boonaco,
1891 2860 1981 2921 vides
2011 2881 2059 2921 me
2089 2861 2147 2921 boc
2169 2879 2270 2940 agere,
2292 2867 2327 2922 ut
2348 2862 2440 2923 rebus

446 2950 586 3012 obscuris
609 2955 640 3009 et
661 2948 806 3008 intricatis
828 2947 944 3027 aliquid
966 2946 1074 3007 addam
1095 2944 1186 3007 lucis.
1229 2945 1307 3007 Nam
1333 2954 1367 3007 tu
1394 2966 1433 3007 ne
1454 2945 1564 3008 malles
1586 2947 1715 3007 obsecro
1737 2965 1786 3006 mo
1807 2965 1918 3025 augore
1939 2944 1993 3019 τὰς
2015 2945 2215 3028 ἀκυρολογίας,
2233 2941 2335 3031 ὥσπερ
2355 2956 2443 3011 orsi·

445 3034 498 3098 565
513 3058 579 3097 τινα
599 3028 618 3111 ἢ
638 3034 875 3111 stercutium
905 3052 972 3092 cum
1003 3050 1138 3092 summas
1166 3050 1263 3092 rerum
1291 3033 1398 3092 videas
1427 3052 1478 3092 me
1506 3033 1643 3093 retinere.
1695 3031 1805 3110 Neque
1831 3039 1931 3094 tamen
1957 3031 2048 3091 valde
2069 3050 2188 3102 recuso,
2219 3033 2308 3091 etiam
2330 3032 2359 3092 si
2381 3048 2443 3111 qua

445 3116 538 3201 plage
556 3118 629 3180 mihi
651 3118 827 3198 accipienda
848 3117 1009 3198 aliquando
1037 3118 1109 3188 erit,
1137 3116 1234 3176 babeo
1261 3118 1340 3177 enim
1361 3119 1507 3178 rationem
1528 3119 1588 3177 mei
1610 3117 1781 3188 consilii.«;
1802 3124 1959 3197 praeterea
1980 3137 2018 3176 ex
2038 3114 2137 3195 Epist.
2161 3116 2200 3175 ad
2221 3115 2350 3176 eundem
2373 3115 2443 3178 data

445 3203 555 3266 Martio
579 3206 672 3266 1544.
717 3200 823 3284 (Corp.
846 3202 888 3263 V.
910 3223 941 3283 p.
966 3205 1069 3278 331),
1098 3203 1169 3261 item
1198 3222 1236 3261 ex
1256 3198 1358 3283 Epist.
1381 3202 1420 3261 55
1440 3198 1547 3262 Vrtum
1570 3199 1763 3263 'l'lreodorum
1784 3202 1815 3261 d.
1839 3204 1890 3262 22.
1912 3199 1977 3261 lun.
2003 3205 2096 3262 1537.
2120 3197 2227 3281 (Corp.
2251 3196 2301 3260 lll.
2323 3220 2354 3280 p.
2380 3203 2440 3262 383

446 3295 522 3370 sq.),
545 3308 584 3350 ex
603 3288 705 3369 Epist.
727 3286 933 3349 adBrentium
955 3287 985 3346 d.
998 3286 1060 3346 iere
1075 3290 1124 3347 15.
1137 3285 1223 3365 Sept.
1238 3290 1330 3347 1538.
1354 3282 1459 3364 (corp.
1473 3282 1523 3346 lll.
1536 3306 1567 3366 p.
1583 3290 1671 3363 586.)
1692 3285 1841 3364 51115555)
1863 3286 1953 3346 otiam
1974 3302 2014 3344 ex
2033 3284 2217 3365 praefatione
2239 3285 2319 3366 0pp.
2342 3284 2440 3347 Essil.

449 3379 541 3436 1541.
572 3374 658 3435 Tom.
686 3370 709 3432 l.
739 3374 870 3453 praefixa
897 3369 1002 3450 (Corp.
1032 3368 1087 3429 iv.
1117 3389 1147 3448 p.
1179 3375 1240 3430 715
1267 3373 1363 3448 squ),
1393 3371 1423 3428 in
1446 3389 1507 3448 qua
1528 3370 1563 3448 (Ι.
1586 3370 1608 3430 1.
1632 3391 1663 3448 5.
1688 3374 1776 3446 718.)
1798 3370 1875 3430 1555
1896 3370 2052 3448 legrmturr
2098 3368 2238 3451 „Collegi
2260 3390 2319 3431 non
2340 3371 2442 3435 solum

444 3478 555 3538 magna
579 3458 761 3527 sedulitate,
788 3458 847 3517 sed
875 3459 965 3517 etiam
995 3474 1066 3515 cura
1092 3460 1125 3512 et
1153 3454 1212 3543 155
1239 3472 1335 3513 rerum
1358 3472 1510 3523 summes,
1539 3472 1617 3533 quas
1639 3454 1751 3516 inclusi
1773 3453 1824 3515 bis
1845 3453 1980 3527 libellis,
2007 3457 2172 3534 inquibus
2194 3456 2268 3517 mibi
2289 3477 2347 3518 non
2369 3455 2441 3518 volo

444 3545 575 3622 ignosci,
598 3545 627 3600 si
643 3541 718 3619 quid
735 3542 817 3600 inest
832 3542 951 3598 erroris.
992 3538 1080 3599 Usus
1096 3544 1196 3597 autern
1209 3556 1281 3619 sum
1302 3537 1462 3599 dialectico
1479 3539 1611 3618 quodem
1630 3539 1681 3601 115
1703 3541 1735 3599 15
1751 3538 1941 3620 explicandis
1957 3540 2160 3619 dogmatibus,
2183 3562 2241 3603 uon
2258 3562 2296 3602 eo
2313 3549 2438 3615 tantum,

444 3629 528 3707 quod
555 3628 631 3687 1555
654 3625 755 3684 sonna.
775 3623 942 3702 expeditior
963 3629 1013 3684 est
1033 3628 1065 3683 et
1085 3621 1206 3684 1551155
1228 3643 1279 3684 res
1301 3623 1539 3703 comprehensae
1559 3623 1672 3686 talibus
1692 3626 1785 3687 metis
1806 3624 2019 3704 intelliguntur,
2043 3626 2101 3687 sed
2123 3629 2229 3698 etiam,
2252 3628 2337 3706 quia,
2360 3646 2439 3707 quse

442 3713 564 3793 proprie
591 3717 622 3770 et
647 3710 810 3789 perspicue
835 3707 989 3783 dicuntur,
1016 3708 1259 3769 moderatissima
1288 3709 1435 3771 dicuntcrr.
1491 3707 1656 3788 Sperabam
1678 3709 1880 3781 antemium,
1910 3716 1944 3771 ut
1964 3709 2125 3790 aliquando
2147 3732 2243 3773 rerum
2265 3713 2439 3790 optimannn

441 3797 648 3877 perspicuitas
677 3798 709 3855 et
736 3793 889 3855 evidentis
913 3797 965 3854 551
984 3797 1112 3876 ἐνέργεια
1139 3801 1170 3855 et
1192 3793 1357 3855 moderatio
1378 3795 1491 3855 aditum
1512 3795 1552 3855 55
1573 3810 1760 3856 communem
1782 3796 1972 3857 concordiam
1993 3795 2207 3875 patefacerent.
2250 3794 2439 3858 Durabiliora

441 3888 519 3943 sunt
540 3881 683 3941 51511551
705 3879 845 3948 certiora,
875 3897 954 3955 quae
974 3878 1092 3957 proprie
1115 3877 1261 3949 dicuntur,
1283 3880 1313 3939 si
1334 3879 1426 3939 modo
1447 3898 1519 3939 vera
1540 3886 1623 3948 sunt,
1647 3899 1737 3959 quam
1758 3882 1899 3959 ambigua
1920 3881 2117 3943 5115115515.
2172 3878 2328 3942 Prodesse
2349 3882 2438 3961 igitur
2545 3915 2553 3935 .

442 3972 567 4027 nostros
589 3962 715 4025 libellos
735 3964 855 4043 proprie
876 3964 1007 4042 scriptos
1029 3963 1090 4041 piis
1113 3963 1243 4023 iudico«

593 4117 659 4179 llas
681 4116 968 4186 veromutationes,
991 4115 1127 4194 inprimis
1148 4114 1188 4189 de
1209 4116 1299 4177 bonis
1321 4116 1465 4196 operibus
1488 4118 1657 4179 sententiae
1678 4116 1800 4179 minimo
1821 4116 1860 4179 ab
1888 4118 2029 4181 omnibus
2059 4128 2131 4181 sunt
2152 4121 2379 4201 comprobatae,
2406 4125 2438 4186 id

444 4202 527 4280 quod
549 4222 587 4261 ex
609 4204 676 4261 eius
699 4201 831 4280 epistola
852 4200 890 4260 ad
913 4196 1115 4259 camerarium
1136 4199 1168 4260 5.
1192 4203 1243 4260 30.
1265 4198 1329 4261 155.
1351 4204 1442 4262 1536.
1465 4196 1572 4281 (Corp.
1594 4196 1644 4263 ili
1666 4220 1696 4280 p.
1724 4206 1782 4264 193
1806 4209 1871 4283 sq.)
1893 4202 2082 4282 intelligitur:
2119 4204 2221 4265 „Nihil
2241 4206 2314 4266 mibi
2336 4205 2436 4268 obiici-

443 4292 500 4357 tur,
534 4283 1369 4366 51515555515555155551515155555155555551.
1413 4284 1611 4357 11555511,
1641 4286 1712 4347 dum
1734 4286 1792 4348 155
1814 4289 2036 4349 controversias
2059 4291 2177 4368 proprie
2198 4297 2230 4350 51
2251 4290 2364 4352 diserte
2387 4313 2435 4353 ex·

444 4369 541 4455 plico,
574 4378 605 4431 et
636 4370 675 4430 ad
705 4370 878 4431 methodum
901 4390 1021 4441 revoco,
1055 4368 1202 4448 quaedam
1236 4371 1335 4429 minus
1369 4368 1488 4429 horride
1510 4369 1588 4441 dico,
1622 4391 1712 4450 quam
1734 4372 1805 4451 ipsi,
1829 4390 1906 4452 quae
1929 4379 2010 4433 certe
2032 4380 2063 4433 et
2084 4394 2154 4432 vera
2175 4381 2206 4433 et
2226 4373 2312 4435 utilia
2333 4383 2434 4436 sunta

446 4454 525 4531 Quin
558 4475 576 4516 a
608 4453 804 4534 quibusdam,
838 4454 909 4516 dum
930 4452 1107 4516 Melantbon
1130 4473 1157 4514 5.
1184 4456 1276 4516 1536.
1307 4454 1337 4514 15
1402 4452 2434 4539 11155151151155551155515515555511111555551551551555551,

445 4558 515 4599 eum
536 4541 578 4600 itu
599 4540 790 4600 discessisse
811 4538 1021 4618 Vittenberga,
1043 4547 1078 4599 ut
1100 4538 1301 4599 dissidentem
1324 4559 1343 4598 5
1392 4538 1499 4600 utbero
1522 4544 1553 4598 et
1574 4539 1716 4618 reliquis,
1746 4561 1845 4620 neque
1868 4562 2057 4603 reversurum
2079 4539 2161 4601 illuc.
2205 4542 2268 4603 Alii
2297 4547 2434 4622 quamvis

444 4623 564 4695 rediret,
587 4625 826 4685 coniunctionem
849 4626 959 4685 firmam
981 4644 1040 4685 non
1064 4625 1126 4685 lore
1148 4625 1376 4703 augurabantur,
1400 4621 1483 4703 quod
1504 4624 1593 4683 nimis
1615 4624 1830 4705 philosophica
1851 4635 1938 4688 esset
1958 4629 2026 4688 eius
2050 4627 2183 4687 doctrina
2205 4625 2243 4686 de
2264 4629 2433 4690 actionibus

445 4708 563 4769 virtutis
586 4716 617 4768 et
639 4706 758 4768 officiis.
803 4709 888 4769 Haec
909 4709 1127 4772 ventilabantur
1148 4710 1186 4771 ab
1209 4709 1355 4788 imperitis
1376 4709 1520 4771 bonarum
1542 4709 1665 4782 artium,
1698 4717 1729 4772 et
1751 4709 1945 4789 quibusdam,
1978 4711 2082 4791 quiin
2105 4710 2173 4773 5515
2194 4710 2383 4775 vehementia
2403 4721 2435 4774 et

548 5028 574 5098 ·)
598 5028 728 5083 Eiusmodi
754 5027 946 5091 explicationem
974 5031 1077 5082 consilio
1107 5031 1300 5084 511515511555
1319 5031 1440 5084 omissum
1458 5042 1528 5094 5555,
1557 5030 1642 5083 elucet
1659 5042 1690 5082 ex
1708 5030 1764 5083 5155
1782 5030 1857 5095 ’55151
1876 5030 1909 5082 55
1926 5032 2009 5085 vitum
2026 5032 2338 5100 mosomensibus
2357 5039 2432 5092 1518.

598 5100 658 5151 5515
678 5096 764 5161 (corp.
782 5094 836 5148 1151.
854 5096 892 5176 lli.
910 5109 934 5159 5.
951 5098 1001 5149 sia
1020 5098 1096 5176 555),
1113 5100 1157 5150 511
1173 5101 1265 5151 haecce
1284 5099 1419 5161 leguntur:
1436 5099 1555 5162 ,155555
1572 5111 1605 5150 55
1624 5098 1774 5161 longissime
1791 5099 1941 5152 recederem
1960 5102 2130 5165 crateribus,
2147 5103 2219 5165 posui
2235 5104 2260 5156 in
2277 5117 2326 5157 usu
2344 5107 2434 5158 Sacra·

598 5168 737 5219 mentalem
756 5170 939 5228 praesentum,
957 5168 983 5216 51
1000 5165 1059 5243 515,
1077 5164 1199 5217 55115115
1217 5168 1303 5228 rebus,
1322 5168 1449 5218 christum
1467 5167 1648 5245 1555555555,
1673 5166 1848 5246 5151155555
1866 5180 1933 5220 5555.
1966 5168 2126 5231 1551515515
2143 5171 2204 5223 55115
2222 5175 2268 5223 est.
2319 5174 2371 5225 Nec
2388 5173 2433 5224 55·

598 5235 650 5287 5151
668 5234 834 5286 inclusionem
853 5237 898 5284 sut
915 5234 1116 5312 coniunctionem
1134 5235 1221 5313 15155,
1238 5247 1287 5313 qus
1306 5235 1456 5296 cingeretur
1474 5249 1511 5301 τῳ
1529 5230 1645 5315 5555τὸ
1661 5246 1748 5300 cupa,
1773 5239 1817 5287 551
1842 5235 2061 5298 imminuetur,
2078 5239 2123 5289 551
2140 5238 2296 5290 misceretur.
2343 5241 2434 5291 sacra·
2501 5281 2505 5289 .

599 5306 686 5382 menta
703 5305 775 5365 55515
794 5304 861 5418 supt,
880 5304 908 5352 51
924 5301 1003 5381 rebus
1020 5304 1110 5380 sumtis
1129 5301 1195 5354 5555
1212 5302 1290 5380 aliud.
1307 5331 1340 5340 -
1358 5329 1401 5382 ‘.
1427 5302 1492 5363 Quid
1507 5314 1615 5365 requiris
1632 5303 1761 5381 amplius?
1778 5305 1807 5355 Et
1825 5306 1874 5355 buc
1891 5304 2077 5356 decurrendum
2095 5306 2136 5356 est
2149 5305 2260 5365 tandem,
2277 5306 2326 5356 nisi
2342 5305 2433 5357 deien-

533 5509 535 5512 ,
599 5369 757 5499 isitii
771 5368 2431 5501 11...111111111111..111111111111111,111111151111111113111111111,1111111111

599 5509 703 5584 partes:
721 5506 822 5567 555555
841 5505 936 5557 adsint:
954 5518 987 5556 55
999 5511 1071 5557 extra
1089 5505 1296 5556 5555111151551
1312 5506 1374 5557 nibil
1392 5508 1486 5568 iegitur
1503 5506 1570 5569 5555
1588 5512 1695 5584 veteres.
1730 5509 1783 5559 Nec
1799 5518 1857 5568 ego,
1874 5507 1909 5559 mi
1925 5508 1989 5569 7115,
2006 5508 2123 5558 invebam
2140 5507 2187 5556 155
2206 5505 2388 5567 disputationes
2405 5510 2431 5560 15

599 5574 746 5635 Ecclesium,
764 5585 845 5636 eoque
863 5579 914 5625 tam
932 5585 1008 5636 parce
1026 5573 1077 5625 dixi
1094 5573 1121 5625 in
1137 5567 1229 5622 noco
1246 5571 1278 5622 de
1295 5573 1344 5624 noc
1360 5576 1471 5637 negotio,
1488 5577 1517 5626 ut
1534 5586 1550 5625 5
1567 5574 1756 5637 quaestionibus
1774 5575 1825 5627 illis
1842 5576 1999 5627 iuventutem
2016 5572 2194 5626 abducerem*
