5859 6734
547 729 613 796 aaa
1118 727 1124 738 ·
1171 681 1908 797 rnn.araa.soau⁷ranocnarrca.
2471 729 2538 796 ιω

549 914 628 978 teris
646 909 902 975 ordinationibus
921 905 1174 980 ecclesiasticis3
1197 907 1241 968 ita
1258 904 1519 989 ludaeiprophe-
1538 908 1543 1039 1
1560 915 1703 1006 mentum
1724 902 1819 1004 ailert
1841 902 1994 967 iustitiam
2016 914 2047 965 et
2069 904 2168 968 vitam
2189 916 2367 1009 aeternam,
2389 912 2465 976 ideo
2483 933 2536 978 re

548 997 591 1061 tis
612 1006 645 1060 et
665 991 836 1076 Apostolis
857 992 1096 1068 irascebantur,
1118 990 1250 1074 quando
1272 989 1437 1052 docebant
1459 988 1519 1054 ho·
1560 997 1731 1070 qrrrruntur
1763 1007 1797 1049 ιιι
1829 986 1927 1050 Novo
1959 984 2171 1051 Testamento
2204 990 2392 1072 sprrrtuales
2425 994 2535 1064 cultus

548 1079 652 1144 mines
674 1098 740 1141 non
761 1077 962 1159 pronuntiari
984 1077 1090 1140 iustos
1111 1084 1247 1156 propter
1265 1075 1469 1137 ceremonias
1488 1084 1520 1137 et
1560 1071 1669 1134 animi.
1714 1070 1808 1134 Sicut
1828 1071 1873 1133 ait
1896 1068 2047 1134 Christus
2071 1071 2152 1146 [ioh.
2175 1073 2208 1149 t,
2229 1073 2313 1155 234:
2351 1077 2433 1142 Veri
2455 1083 2535 1145 ado·

550 1173 681 1228 caetera
700 1159 786 1246 legis
807 1180 917 1243 opera.
961 1156 1072 1244 Atque
1097 1158 1182 1222 haec
1205 1155 1338 1220 collatio
1359 1154 1519 1239 pharisai-
1561 1167 1688 1219 ratores
1711 1154 1896 1217 adorabunt
1914 1152 2045 1217 Patrem
2066 1156 2099 1217 in
2117 1157 2232 1237 spiritu
2250 1170 2284 1221 et
2301 1163 2449 1242 veritate,
2466 1163 2535 1230 hoc

549 1265 662 1310 carum
683 1245 870 1328 opinionum
891 1241 979 1308 utilis
1001 1251 1064 1320 est,
1078 1253 1117 1306 ut
1134 1242 1381 1304 consideremus
1398 1239 1518 1317 fontes,
1560 1249 1622 1314 est,
1643 1257 1711 1299 non
1733 1239 1876 1301 externis
1899 1239 2198 1318 observationibus,
2220 1243 2281 1304 sed
2302 1246 2390 1308 veris
2412 1257 2445 1310 et
2465 1251 2535 1331 spi·

548 1330 636 1394 unde
661 1329 696 1392 in
717 1326 870 1392 Ecclesia
896 1337 987 1390 ortae
1009 1325 1074 1389 sint
1094 1323 1200 1390 salsae
1221 1325 1455 1408 persuasiones
1477 1327 1519 1389 da
1560 1320 1730 1386 ritualibus
1752 1322 1893 1385 motibus
1915 1323 2036 1398 cordis,
2058 1322 2139 1399 fide,
2161 1344 2239 1407 spe,
2261 1324 2452 1407 dilectione,
2475 1353 2534 1414 pa-

549 1411 784 1478 eoclesiasticis
816 1414 942 1475 ritibus.
986 1409 1114 1474 Deinde
1145 1420 1181 1473 ut
1211 1429 1275 1473 nos
1308 1407 1518 1475 consolemur
1560 1405 1673 1469 tientia
1702 1416 1764 1469 etc.
1809 1405 1865 1469 Sic
1894 1405 2050 1469 discernit
2071 1405 2197 1473 Paulus
2219 1409 2323 1476 Vetus
2345 1423 2378 1475 et
2399 1413 2533 1480 Novum

549 1493 698 1643 ‘iimplo
726 1494 966 1577 P‘⁰¹’¹¹⁰‘⁸'¹¹¹”
991 1489 1302 1642 tihtiiiim’
1333 1494 1388 1576 ‘¹¹¹¹
1414 1496 1447 1558 ¹¹¹
1474 1495 1518 1557 ⁸¹'
1559 1488 2233 1640 liiiiiiiltit‘tht‘filiii·
2256 1500 2320 1641 ii
2335 1495 2532 1646 iiii:

548 1601 580 1643 m
633 1597 1090 1746 paepsppevppgppaprapiqpis:
1112 1661 1167 1724 An
1184 1621 1345 1724 sacrificia
1362 1681 1423 1744 pro
1440 1679 1516 1744 pec-
1558 1594 1632 1721 fiius
1654 1593 1752 1721 Ablha
1773 1656 1881 1721 Pater.
1944 1658 2106 1722 tllierem.
2128 1658 2180 1723 31.
2205 1621 2271 1739 [irs.
2292 1600 2359 1741 dili
2372 1663 2462 1729 Ecce
2482 1665 2531 1730 ie-

434 1741 438 1746 ’
548 1750 631 1814 catis
668 1767 737 1811 non
774 1747 982 1810 merebantur
1021 1746 1250 1809 remissionem
1281 1745 1516 1827 peccatorum?
1558 1743 1641 1805 riam
1672 1762 1795 1805 novum
1823 1740 1941 1805 foedus
1969 1754 2032 1806 etc.
2076 1741 2159 1807 Post
2180 1744 2252 1809 dies
2275 1742 2352 1810 illos
2375 1747 2462 1814 dabo
2484 1748 2531 1814 le·

548 1833 763 1916 Respondeat
807 1829 861 1892 Ad
883 1829 1055 1893 Hebraeos
1080 1827 1128 1906 [9,
1152 1829 1216 1908 la]
1246 1827 1336 1891 clare
1357 1830 1516 1912 scriptum
1558 1845 1632 1909 geru
1654 1845 1761 1889 meam
1781 1828 1815 1891 in
1836 1827 2018 1891 visceribus
2041 1846 2166 1905 eorum,
2187 1839 2220 1893 et
2240 1830 2273 1892 in
2298 1831 2399 1894 corde
2416 1851 2531 1900 eorum

548 1927 616 1995 est,
643 1937 711 1981 non
737 1915 884 1999 potuisse
912 1910 1039 1977 aboleri
1065 1924 1205 1996 peccata
1226 1913 1386 1997 sanguine
1405 1924 1516 1977 tauro·
1558 1911 1702 1974 scribam
1723 1929 1796 1972 earn
1817 1922 1880 1974 etc.

547 2023 620 2068 rnm
642 2013 675 2066 et
696 1997 869 2064 vitulorum
892 2009 954 2061 etc.
998 1995 1128 2061 Deinde
1150 2006 1296 2072 constat,
1325 1997 1426 2060 corda
1447 2016 1515 2061 non
1644 1993 1705 2057 llic
1723 2015 1796 2057 cum
1817 1995 2010 2058 remissione
2031 2007 2241 2078 peccatorum
2263 1995 2436 2079 pollicetur
2457 2001 2532 2084 Spi-

547 2085 723 2161 vivificari,
751 2101 817 2146 non
844 2083 930 2145 vinci
957 2093 1092 2144 mortem
1120 2078 1198 2144 ullis
1221 2080 1365 2143 externis
1389 2081 1514 2144 ritibus
1559 2079 1654 2140 ritum
1682 2089 1849 2155 sanctum,
1878 2079 1932 2161 qui
1960 2099 2081 2143 novam
2109 2092 2142 2144 et
2163 2101 2274 2145 reram
2295 2080 2361 2145 Dei
2382 2085 2531 2150 notitiam

548 2170 629 2244 ldco¹
659 2164 823 2230 sacrificia
857 2164 916 2230 illa
950 2183 1017 2228 non
1048 2166 1258 2230 merebuntur
1289 2165 1517 2268 remissionem
1559 2174 1593 2226 et
1624 2183 1745 2227 novam
1774 2163 1990 2227 obedientiam
2023 2165 2055 2266 in
2085 2166 2240 2269 cordibus
2268 2165 2444 2230 effecturus
2473 2170 2529 2234 sit.

546 2248 1099 2410 itititftiitlsttii
1113 2250 1516 2408 rititiiftitit
1558 2246 1766 2395 {itit
1786 2247 2438 2418 &sitiit-'ii‘,iiiiii
2454 2272 2529 2419 tii

546 2417 623 2484 licet
649 2427 763 2482 essent
791 2436 869 2498 pars
896 2416 1026 2499 populi,
1061 2436 1122 2480 seu
1150 2436 1193 2481 ne
1218 2437 1240 2480 a
1260 2416 1374 2500 politia
1406 2417 1516 2504 Moysi
1557 2415 1620 2477 ritu
1642 2427 1768 2479 sancto.
1792 2416 1833 2480 Et
1846 2414 2074 2499 Philippenses
2096 2416 2182 2494 3.⁴⁸)
2206 2418 2347 2497 [veihi
2366 2419 2528 2485 Nostrum

547 2497 807 2568 excluderentur.
836 2499 1010 2564 Caeterum
1031 2503 1094 2583 piis
1116 2511 1149 2563 et
1170 2502 1379 2565 credentibus
1400 2521 1516 2566 omnes
1557 2503 1720 2578 πολίτευμα
1747 2501 1780 2562 in
1809 2499 1913 2565 coelis
1941 2513 2002 2564 est
2053 2500 2154 2573 erasi
2182 2502 2290 2586 dicati
2312 2501 2529 2588 Evangelium

546 2583 595 2650 illi
622 2583 729 2650 onus
758 2580 829 2647 inl
873 2604 909 2660 e,
935 2595 1042 2648 tarnen
1069 2594 1162 2648 erant
1188 2585 1344 2662 iustitiae,
1365 2582 1431 2648 hoc
1452 2596 1516 2662 est,
1557 2602 1624 2646 non
1647 2585 1813 2648 constituit
1828 2585 2023 2650 mundanam
2041 2583 2197 2670 politiam,
2218 2585 2279 2650 sed
2296 2599 2348 2651 est
2365 2590 2528 2671 quaedam

547 2670 635 2734 bona
671 2687 782 2751 opera.
831 2603 985 2732 edanum
1017 2669 1104 2732 enim
1136 2678 1230 2732 erant
1260 2670 1355 2752 signa
1386 2670 1515 2734 venturi
1557 2685 1646 2731 nova
1667 2665 1822 2732 coelestis
1844 2671 1921 2732 vita.
1965 2668 2096 2741 interim
2118 2689 2208 2747 vero,
2231 2671 2308 2735 dum
2329 2673 2361 2734 in
2386 2691 2529 2755 corpore

547 2751 685 2830 Christi,
706 2753 825 2836 quibus
847 2751 1001 2814 admoniti
1022 2751 1119 2816 iidem
1146 2771 1241 2815 suam
1263 2754 1463 2816 exercebant
1484 2763 1516 2816 et
1557 2751 1713 2827 vivimus
1734 2752 1810 2814 sinit
1838 2770 1900 2815 nos
1928 2754 1975 2817 uti
2006 2755 2152 2818 moribus
2178 2764 2212 2817 et
2232 2751 2361 2840 legibus
2385 2757 2528 2822 omniurn

546 2835 794 2900 confirmabant
859 2835 951 2899 Sicut
981 2833 1095 2900 alludit
1125 2834 1235 2899 David
1263 2837 1305 2900 ad
1338 2833 1514 2914 Christum,
1556 2835 1711 2916 gendum,
1732 2837 1817 2899 sicut
1838 2838 1913 2901 cibo
1935 2849 1967 2899 et
1989 2849 2081 2922 potu,
2099 2839 2288 2916 etcaeteris
2307 2841 2393 2904 vitae
2410 2861 2528 2906 ncces·

546 2939 621 2984 cram
649 2921 692 2982 ait
719 2917 787 2996 [rs.
809 2917 863 2995 50,
886 2923 948 2996 9.]:
972 2917 1144 3004 Asperges
1166 2939 1235 2996 me,
1261 2918 1414 2996 Domine,
1435 2919 1514 3005 hys·
1556 2918 1653 2980 seriis
1676 2920 1718 2983 ad
1740 2919 1840 2982 sitam
1862 2920 2080 3005 corporalem.
2124 2921 2236 3007 ltaque
2256 2922 2435 3000 Abraham,
2458 2925 2527 2990 Da·

545 3023 641 3090 sopo,
663 3014 696 3066 et
716 3003 908 3068 mundabor.
952 3003 1080 3068 Deinde
1102 3016 1194 3067 erant
1215 3006 1313 3088 signa
1334 3001 1514 3068 confessio-
1557 3001 1613 3063 vid
1640 3013 1673 3064 et
1701 3002 1840 3081 similes,
1868 3006 1945 3088 quia
1971 3005 2036 3070 lide
2061 3003 2235 3088 placebant
2254 3007 2345 3086 Deo,
2373 3021 2404 3073 et
2424 3008 2527 3073 habe-

545 3089 609 3168 nia,
629 3101 722 3154 erant
743 3097 777 3151 et
796 3085 959 3151 sacrificia
980 3086 1185 3172 εὐχαριστικᾶ,
1217 3086 1282 3150 hoc
1305 3099 1371 3166 est,
1400 3108 1514 3172 opera,
1556 3088 1635 3150 bant
1657 3084 1813 3170 Spiritum
1834 3100 2003 3167 sanctum,
2024 3093 2230 3174 pertinebant
2250 3093 2293 3158 ad
2312 3093 2443 3159 Novum
2465 3093 2527 3158 Tc·

546 3173 665 3260 qulbus
686 3171 760 3237 Deo
806 3173 906 3236 ratiae
926 3174 1118 3258 agebantur,
1140 3173 1260 3257 quibus
1276 3172 1514 3254 profitebantur
1556 3181 1766 3246 stamentum;
1789 3184 1822 3235 et
1843 3182 1952 3238 tamen
1972 3176 2099 3240 interim
2115 3197 2177 3260 pro
2198 3187 2344 3261 tempore
2366 3189 2400 3241 et
2416 3178 2527 3242 donec

546 3279 584 3324 se
605 3261 761 3322 invocare
782 3193 873 3321 filum
884 3254 1004 3335 Deum,
1048 3260 1080 3321 ui
1102 3258 1151 3320 eis
1173 3254 1239 3320 hoc
1256 3257 1393 3321 verbum
1415 3257 1513 3319 dede-
1554 3255 1588 3317 in
1610 3274 1752 3400 corpora
1772 3257 1937 3334 vivebant,
1958 3261 2134 3324 utebantur
2160 3261 2364 3326 manebus
2389 3273 2421 3325 et
2442 3260 2526 3346 legi-

545 3354 607 3419 rat,
624 3353 656 3406 et
676 3344 830 3406 servabat
847 3359 906 3404 eos
928 3351 991 3404 etc.
1063 3342 1165 3423 tpiis
1192 3342 1404 3405 conscientiis
1426 3338 1513 3404 sola·
1554 3338 1629 3403 bus.
1689 3349 1722 3402 ta
1753 3358 1842 3404 nunc
1874 3361 2006 3427 quoque
2082 3342 2180 3426 pulus
2212 3344 2298 3408 Novi
2325 3343 2527 3411 Testamenti

545 3428 590 3491 tio
617 3437 688 3490 erat
714 3424 812 3489 iidem
834 3445 928 3487 suam
955 3444 1113 3489 exercere
1140 3427 1173 3488 in
1195 3422 1315 3488 talibus
1337 3426 1514 3489 ordinatio·
1556 3432 1643 3499 sunt,
1664 3441 1730 3486 non
1752 3424 1851 3507 impii,
1869 3428 1929 3490 sed
1973 3429 2005 3490 ui
2051 3429 2093 3491 de
2113 3425 2243 3511 placent
2264 3427 2339 3493 Deo
2350 3442 2384 3494 et
2402 3430 2527 3496 habent

544 3511 658 3588 nibus,
684 3529 768 3593 quas
795 3508 942 3572 sciebant
962 3507 1036 3573 Deo
1057 3507 1206 3591 placere,
1233 3529 1309 3573 cum
1336 3519 1449 3573 essent
1471 3510 1513 3572 ab
1556 3505 1710 3588 Spiritum
1733 3520 1893 3573 sanctum.
1966 3510 2138 3575 thidum
2160 3514 2275 3576 vivunt
2301 3514 2334 3576 in
2359 3513 2424 3578 hoc
2451 3535 2524 3578 cor-

545 3598 619 3678 ipso
641 3593 801 3658 conditae.
856 3591 950 3656 Sicut
976 3603 1010 3657 et
1033 3614 1121 3657 nunc
1144 3593 1355 3657 conscientiis
1376 3593 1514 3676 prodest
1554 3609 1653 3672 porc,
1686 3592 1832 3656 moribus
1861 3605 1893 3656 et
1919 3591 2048 3679 legibus
2075 3597 2304 3676 praesentibus
2324 3599 2372 3662 uti
2393 3599 2522 3663 debent.

545 3683 643 3756 scire,
665 3697 751 3761 quae
771 3696 873 3760 opera
892 3675 987 3741 Deus
1009 3679 1144 3760 requirit
1161 3681 1207 3752 ⁴⁶)
1231 3684 1293 3739 etc.
1336 3675 1422 3739 Nam
1449 3687 1514 3738 tra·
1554 3671 1615 3737 llla
1636 3672 1741 3737 altera
1764 3695 1877 3740 eorum
1898 3680 1966 3742 vita
1987 3677 2163 3760 spiritualis
2186 3677 2266 3744 nihil
2287 3683 2436 3763 impedit,
2458 3704 2523 3766 quo

546 3767 685 3829 ditiones
711 3759 889 3837 humanae,
917 3781 993 3824 cum
1020 3762 1091 3823 sine
1117 3760 1271 3823 mandato
1292 3757 1356 3823 Dei
1381 3760 1515 3842 excogi-
1554 3757 1661 3821 minus
1690 3778 1811 3840 corpus
1838 3773 1950 3824 utatur
1977 3765 2067 3841 cibo,
2091 3776 2188 3846 potu,
2215 3761 2357 3845 politicis
2379 3769 2524 3831 moribus

545 3859 633 3912 tatae
653 3845 729 3922 sint,
750 3843 915 3927 quomodo
961 3855 1077 3906 ossunt
1097 3862 1175 3907 esse
1193 3839 1317 3921 cultus,
1340 3863 1414 3906 cum
1436 3862 1514 3905 con·
1556 3851 1589 3903 et
1609 3837 1750 3925 legibus.
1779 3843 1955 3907 Praeterea
1977 3867 2162 3930 quanquam
2183 3849 2311 3913 Novum
2335 3847 2525 3914 Testamen-

546 3929 683 3996 scientia
701 3947 768 3992 non
789 3928 896 4010 possit
974 3947 1093 4003 rmare,
1113 3924 1198 3989 tales
1220 3923 1328 3989 cultus
1348 3924 1423 3989 Deo
1444 3923 1514 4008 pla·
1556 3935 1622 3986 tum
1644 3926 1812 4006 praedicat
1832 3927 2047 4012 Evangeliunr
2070 3933 2111 3993 de
2132 3934 2253 3996 iustitia
2279 3944 2311 3995 et
2332 3935 2400 3996 vita
2421 3945 2524 3997 aeter·

546 4015 646 4080 fflp
1556 4028 1598 4069 na
1625 4020 1658 4071 et
1685 4010 1725 4071 dc
1747 4009 1970 4091 spiritualibus
1993 4011 2149 4092 cultibus,
2179 4027 2285 4079 tamen
2307 4017 2433 4078 interim
2456 4036 2523 4079 ma-

630 4099 760 4162 Novum
781 4095 1023 4160 Testamentum
1046 4103 1097 4156 est
1118 4094 1292 4176 promissio
1313 4091 1514 4158 iustificatio-
1557 4102 1610 4154 net
1632 4094 1664 4155 in
1686 4095 1807 4157 mundo
1828 4091 1883 4159 lex
1904 4108 2039 4161 naturae
2061 4109 2093 4161 et
2112 4097 2292 4184 disciplina,
2309 4119 2375 4184 qua
2393 4097 2522 4182 reliqui,

544 4185 598 4250 'nis
625 4195 658 4248 et
678 4183 765 4246 vitae
785 4190 957 4252 aeternae,
990 4177 1161 4241 donandae
1181 4196 1243 4258 pro
1266 4188 1316 4241 ter
1337 4175 1513 4240 Christum.
1556 4177 1611 4258 qui
1632 4197 1699 4238 non
1720 4180 1882 4259 pertinent
1903 4181 1946 4244 ad
1963 4180 2092 4246 Novum
2109 4181 2357 4260 Testamentum,
2376 4196 2444 4246 turn
2467 4204 2522 4247 co-

545 4270 690 4334 Etcum
717 4265 801 4330 haec
828 4262 1018 4346 promissio,
1046 4259 1111 4325 hoc
1135 4273 1201 4339 est,
1264 4257 1452 4345 vangelium
1473 4260 1515 4324 de
1556 4259 1696 4337 herceri,
1717 4272 1783 4324 tum
1805 4261 1976 4328 assuefieri
1998 4267 2127 4343 debent,
2149 4279 2185 4330 ut
2206 4268 2317 4332 doceri
2337 4268 2469 4347 possint
2491 4281 2523 4330 et

545 4353 678 4420 Christo
700 4351 743 4414 ad
765 4367 878 4412 omnes
900 4356 1023 4409 aetates
1044 4345 1215 4427 pertineat,
1239 4365 1304 4408 non
1326 4346 1376 4408 sic
1398 4341 1514 4408 intelli·
1557 4345 1600 4409 ad
1615 4346 1810 4428 agnitionem
1823 4345 1954 4425 Christi
1975 4351 2106 4413 adduci.

547 4439 728 4526 giNorum
749 4433 989 4497 Testamentum
1011 4431 1125 4506 debet,
1149 4430 1243 4576 pransi
1266 4447 1332 4491 non
1354 4429 1515 4511 pertineat

506 4585 511 4592 ,
546 4525 589 4590 ad
610 4532 740 4606 pstil'ffl3
784 4517 843 4580 Si’d
865 4515 980 4577 dieitur
1001 4514 1130 4577 Novum
1180 4523 1410 4588 estamentum,
1439 4513 1514 4595 quill
1781 4545 1841 4609 DE
1859 4547 2031 4611 sppRpTU
2051 4547 2108 4611 ΕΤ
2124 4548 2283 4614 HTERA

547 4617 600 4669 est
625 4623 746 4668 novum
778 4612 810 4665 et
835 4597 923 4663 aliud
950 4608 1099 4680 pactum,
1131 4618 1227 4680 quam
1255 4595 1341 4683 legis
1369 4609 1512 4680 pactum,
2285 4596 2293 4611 '

546 4687 610 4753 alia
631 4686 804 4770 promissio
826 4695 887 4746 est.
908 4681 979 4746 Lex
997 4682 1082 4745 enim
1098 4679 1241 4744 habebat
1261 4683 1513 4764 promissionem
1640 4679 1701 4744 llic
1727 4678 1823 4745 locus
1846 4700 1887 4743 err
1908 4683 2068 4764 superiori
2091 4686 2246 4749 nascitur.
2291 4684 2415 4750 Paulus
2437 4689 2522 4750 enim

544 4773 638 4856 regni
657 4766 782 4843 lsrael;
811 4768 870 4831 sed
890 4762 1106 4851 Evangelium
1127 4763 1227 4829 habet
1241 4768 1289 4849 ⁴⁷)
1322 4765 1512 4848 promissio·
1556 4764 1660 4827 Vetus
1682 4777 1714 4828 et
1732 4766 1860 4827 Novum
1882 4763 2123 4831 Testamentum
2146 4771 2191 4831 ita
2212 4770 2366 4833 discernit
2387 4769 2419 4830 2.
2442 4769 2520 4836 Cor.

544 4876 621 4919 nem
649 4874 756 4917 rerum
781 4864 1001 4926 aeternarum,
1023 4847 1194 4925 videlicet,
1223 4847 1406 4913 abolendae
1426 4867 1512 4911 mor·
1554 4848 1585 4913 3.
1610 4855 1691 4925 [vss.
1715 4848 1737 4910 6
1761 4857 1847 4930 ειμι
1876 4861 1912 4912 ut
1940 4862 2035 4914 vetus
2057 4850 2297 4916 Testamentum
2324 4867 2421 4917 vocet
2448 4849 2521 4917 lite·

544 4939 586 5004 tis
603 4949 636 5002 et
656 4936 865 4999 renovandae
886 4932 1048 4997 humanae
1075 4943 1228 5010 naturae,
1255 4934 1428 4997 donandae
1454 4951 1512 4994 no-
1553 4953 1624 4995 ram
1656 4942 1689 4995 et
1715 4932 2023 4998 administrationem
2051 4937 2176 5000 mortis.
2218 4935 2363 5000 Econtra
2389 4935 2521 5001 Novum

544 5042 607 5088 vae
639 5021 779 5083 iustitiae
811 5039 853 5082 ac
885 5019 970 5081 vitae
997 5028 1151 5080 aetemae
1177 5028 1314 5099 propter
1335 5014 1510 5078 Christum.
1553 5015 1793 5079 Testamentum
1810 5037 1881 5086 ‚sen
1903 5018 2116 5103 Evangelium
2144 5031 2242 5083 vocat
2269 5021 2521 5084 administratio-

546 5104 602 5170 Sic
623 5103 751 5168 remittit
771 5112 916 5185 peccata,
938 5111 974 5163 ut
1001 5098 1098 5163 simul
1121 5101 1222 5164 corda
1244 5099 1386 5164 vivificet
1408 5110 1440 5161 et
1462 5118 1512 5161 re·
1553 5119 1627 5161 nem
1659 5101 1793 5181 spiritus
1826 5113 1858 5164 et
1890 5104 1985 5167 vitae.
2036 5103 2209 5188 Significat
2241 5115 2347 5168 autem
2377 5103 2520 5187 Spiritus

544 5199 644 5254 novet
670 5186 792 5270 Spiritu
817 5193 945 5248 sancto.
1000 5183 1085 5256 Quia
1111 5187 1210 5271 igitur
1239 5185 1369 5249 Novum
1398 5182 1511 5246 Testa·
1554 5202 1627 5246 cum
1649 5184 1801 5266 Spiritum
1823 5200 1972 5251 sanctum
1993 5199 2059 5251 tum
2082 5200 2190 5253 motus
2212 5186 2410 5269 spirituales,
2433 5208 2520 5271 quos

1554 5269 1675 5330 excitat
1706 5270 1738 5331 in
1771 5273 1925 5336 cordibus
1947 5272 2087 5356 Spiritus
2114 5283 2259 5336 sanctus.
2304 5271 2397 5336 Sicut
2418 5283 2519 5335 testa-

549 5341 747 5355 *-

545 5442 591 5506 46)
609 5439 723 5505 requirit]
741 5438 815 5489 Editt.
834 5441 856 5488 7.
874 5441 898 5490 8.
918 5439 1023 5490 ti-it.
1040 5442 1067 5488 et
1084 5437 1159 5500 opp:
1174 5438 1287 5501 requini

544 5543 591 5606 47)
608 5540 695 5604 babet]
715 5540 758 5591 lid.
779 5538 815 5590 11.
833 5542 859 5589 et
875 5539 952 5601 opp:
969 5537 1081 5589 babebat
1553 5538 1599 5602 48)
1618 5538 1794 5601 Philippenses
1811 5537 1846 5601 ³.]
1867 5538 1908 5589 td.
1930 5537 1965 5587 11.
1983 5536 2015 5587 ad
2034 5538 2206 5600 Philippenses
2225 5543 2305 5592 tertio.
