5859 6734
519 715 581 778 551
677 795 682 804 ¹
1143 703 1254 768 Puta.
1277 702 1378 767 atah
1401 699 1587 768 SCRIPTA
1608 699 1882 768 coenatica
1989 739 1991 744 ·
2439 714 2504 780 552

544 901 724 961 ‘tratuum
774 893 858 958 Sunt
885 911 940 955 res
971 891 1163 955 iudicandae
1190 909 1232 953 ex
1258 888 1486 970 praesentibus
1506 913 1508 954 ι
1529 898 1643 970 petere
1671 899 1707 950 ut
1728 888 1821 952 Deus
1848 907 1962 970 pacem
1992 892 2153 954 concedat
2180 894 2281 956 rebus
2307 896 2447 978 publicis
2469 915 2502 964 et

533 983 662 1067 esibus.
1506 965 1705 1056 {conservet
1732 970 1923 1057 religionem
1951 984 1985 1034 et
2006 972 2227 1056 disciplinam,
2254 994 2366 1044 semet
2395 986 2502 1049 bonos

606 1063 727 1136 Quinta
747 1059 873 1146 regala.
913 1056 1127 1142 Evangelium
1148 1059 1232 1120 adeo
1255 1075 1372 1120 severe
1393 1075 1488 1138 prae-
1507 1069 1510 1116 ι
1530 1055 1705 1138 principes,
1717 1067 1749 1120 et
1760 1059 1919 1139 gubernet
1932 1075 2045 1120 eorum
2056 1068 2183 1120 mentes
2195 1062 2237 1122 ad
2249 1060 2457 1145 gloriamDei
2469 1081 2504 1133 et

522 1152 552 1216 ci
575 1152 600 1214 it
621 1149 662 1211 de
685 1147 888 1220 obedientia,
914 1155 950 1207 ut
971 1143 1089 1206 doceat
1109 1153 1281 1225 peccatum
1304 1159 1381 1204 esse
1402 1160 1488 1203 mor·
1507 1137 1510 1230 l
1530 1138 1669 1202 salutem
1680 1138 1855 1223 publicam.
1878 1141 1992 1224 Neque
2008 1144 2093 1204 enim
2105 1143 2248 1208 intertot
2260 1147 2379 1212 diaboli
2392 1151 2502 1215 insidi-

567 1253 603 1310 e,
641 1252 708 1296 non
740 1231 873 1294 obedire
908 1227 1066 1290 mandatis
1099 1228 1354 1310 magistratuum.
1409 1222 1488 1287 ldeo
1507 1233 1510 1252 ¹
1530 1244 1579 1300 as,
1602 1225 1635 1286 in
1657 1234 1748 1286 tanta
1769 1222 1934 1289 hominum
1955 1222 2090 1302 malitia,
2114 1245 2167 1288 res
2189 1228 2341 1310 publicae
2364 1247 2501 1314 possent

521 1314 645 1394 Paulus
670 1316 773 1398 inquit
800 1312 905 1389 [Rom.
931 1311 982 1390 13,
1004 1312 1065 1390 5.]ι
1097 1310 1246 1373 Necesse
1268 1321 1320 1373 est
1342 1309 1488 1383 obedire,
1532 1308 1724 1385 consistere,
1742 1310 1804 1371 nisi
1823 1310 1932 1372 diuina
1943 1328 2007 1391 ope
2019 1323 2304 1376 conservarentur.
2338 1314 2501 1382 Diabolus

523 1421 588 1465 non
614 1397 721 1463 soltun
770 1410 882 1478 ropter
908 1399 1005 1472 iram,
1039 1396 1099 1458 sed
1126 1396 1224 1458 etiam
1249 1405 1382 1477 propter
1410 1411 1488 1455 con·
1531 1394 1615 1456 enim
1634 1403 1684 1454 est
1701 1391 1873 1468 homicida,
1892 1404 2075 1456 etconatur
2092 1391 2295 1477 respublicas
2306 1404 2500 1480 perturbare

522 1487 700 1549 scientiam.
744 1419 887 1544 luimum
913 1481 1011 1544 docet
1038 1499 1114 1542 esse
1141 1479 1365 1543 necessarium
1393 1495 1487 1557 opus.
1509 1481 1511 1488 '
1532 1488 1564 1541 et
1581 1477 1759 1559 dissipare3
1781 1478 1855 1540 ideo
1875 1480 1962 1540 iubet
1974 1475 2095 1541 Paulus
2111 1482 2238 1561 precari
2256 1502 2316 1562 pro
2328 1486 2498 1567 magistra-

522 1569 651 1634 Deinde
672 1577 707 1631 ιιι
726 1565 810 1629 haec
831 1567 1013 1628 necessitas
1034 1561 1136 1627 intelli
1160 1576 1235 1626 atur
1256 1565 1297 1627 dc
1319 1563 1489 1625 conscien-
1531 1563 1618 1624 tibus
1630 1562 1672 1622 ad
1683 1559 1885 1624 Timotheum
1902 1562 1945 1639 [l.
1959 1582 2009 1643 ep.
2022 1562 2054 1640 2,
2065 1562 2096 1623 ι.
2100 1571 2109 1640 1
2129 1562 2192 1634 Qui
2201 1553 2275 1626 libri
2287 1564 2416 1646 philoso
2441 1567 2498 1632 ho·

522 1654 585 1729 tia,
616 1671 683 1715 non
712 1661 836 1712 tantum
863 1650 905 1710 de
933 1650 1048 1729 poenis
1078 1583 1244 1724 civilibus,
1273 1648 1379 1711 addit:
1413 1646 1488 1708 Non
1532 1667 1604 1709 rum
1630 1643 1745 1709 dehis
1768 1643 2167 1731 honoribusloquuntur‘l
2209 1646 2328 1711 Nullae
2349 1591 2498 1732 prolecto

522 1747 645 1800 tanturn
667 1745 800 1818 propter
821 1735 918 1808 iram,
945 1733 978 1793 id
1007 1743 1076 1807 est,
1104 1751 1170 1794 non
1200 1741 1324 1794 tantum
1353 1742 1489 1813 propter
1532 1728 1647 1793 literae
1667 1731 1773 1816 magis
1796 1742 1913 1793 ornant
1935 1729 2166 1814 Magistratus,
2195 1752 2293 1814 quam
2314 1731 2501 1799 Christiana

522 1840 660 1905 poenam
677 1814 893 1899 corporalem,
912 1837 976 1899 qua
992 1818 1204 1900 magistratus
1220 1813 1323 1879 allicit
1339 1834 1409 1891 eos,
1434 1816 1489 1897 qui
1533 1815 1693 1877 doctrina.
1744 1813 1812 1878 Sed
1843 1814 1906 1877 hae
1935 1825 2045 1879 tantae
2072 1835 2126 1876 res
2154 1818 2264 1879 iacent
2292 1818 2429 1884 obrutae
2455 1823 2500 1883 in·

522 1925 589 1969 non
600 1906 836 1984 obtemperant,
853 1901 912 1963 sed
929 1912 1064 1984 propter
1075 1900 1325 1973 conscientiam
1346 1898 1411 1961 hoc
1426 1910 1490 1976 est,
1533 1899 1616 1980 eptis
1638 1899 1856 1980 opinionibus,
1880 1918 1963 1982 quas
1978 1899 2133 1964 Monachi
2155 1901 2188 1962 in
2203 1900 2387 1966 Ecclesiam
2409 1925 2500 1987 spar-

523 1985 1039 2062 itaestnecessariaobedientia,
1057 1997 1092 2048 ut
1104 1986 1137 2046 in
1149 1982 1211 2060 his,
1233 1985 1366 2068 quinon
1379 1983 1489 2046 obedi·
1534 1994 1656 2046 serunt.
1701 1981 1811 2053 Quare
1833 1983 2027 2047 admonendi
2050 1997 2126 2046 sunt
2148 1986 2243 2060 boni,
2271 1997 2306 2050 ut
2328 1984 2500 2072 diligenter

523 2083 593 2149 unt,
612 2070 1074 2134 reafiatconscientiaeoram
1085 2068 1170 2132 Deo.
1204 2066 1288 2131 Sunt
1298 2066 1355 2131 alii
1365 2063 1489 2130 similes
1532 2066 1594 2130 has
1616 2063 1731 2130 laudes
1753 2069 2000 2151 magistratuum
2019 2079 2052 2132 et
2074 2088 2183 2131 rerum
2205 2067 2409 2152 politicarum
2432 2073 2499 2137 col-

522 2153 588 2220 loci
613 2153 706 2219 multi
733 2156 767 2216 in
795 2154 981 2236 scripturis,
1013 2153 1076 2216 sed
1101 2153 1178 2236 quia
1202 2149 1287 2215 haec
1310 2172 1375 2214 vox
1396 2147 1490 2214 Pauli
1532 2150 1654 2236 ligant,
1677 2162 1711 2213 ut
1733 2153 1883 2234 seipsos
1905 2152 1948 2215 ad
1970 2154 2187 2216 obedientiam
2211 2152 2444 2235 assuefaciant,
2466 2169 2499 2221 et

523 2242 662 2306 maxime
688 2239 863 2384 perspicua
890 2250 957 2315 est,
984 2237 1059 2300 ideo
1086 2256 1152 2300 non
1180 2236 1297 2299 addam
1318 2235 1372 2300 hic
1386 2233 1491 2382 lplara
1534 2236 1656 2300 maiore
1677 2236 1785 2298 studio
1810 2235 2101 2317 precenturDeum
2117 2257 2178 2320 pro
2196 2237 2364 2321 republica
2384 2252 2416 2303 et
2437 2263 2498 2324 pro

523 2325 717 2390 testimonia.
797 2332 908 2386 autum
939 2322 1123 2385 admonebo
1150 2319 1356 2385 Christianos
1400 2330 1489 2383 ecto·
1532 2320 1744 2403 principibus.

523 2429 588 2486 res,
609 2419 645 2472 ut
665 2406 891 2482 considerent,
913 2426 1011 2488 quarn
1032 2407 1177 2490 graviter
1197 2406 1320 2468 muniat
1342 2405 1490 2468 doctrina
1617 2402 1795 2468 Praeterea
1816 2402 1937 2470 Paulus
1957 2406 2093 2489 requirit
2117 2418 2227 2470 cetera
2250 2404 2361 2472 officia
2382 2430 2499 2491 corpo-

522 2489 724 2577 Evangeliea
739 2491 945 2553 autoritatem
962 2491 1004 2554 im
1028 2491 1181 2567 eriorum,
1199 2509 1273 2552 curn
1290 2500 1356 2552 tarn
1370 2508 1490 2552 severe
1534 2485 1632 2564 ralia,
1666 2486 1817 2553 videlicet
1850 2491 1970 2553 tributa
2003 2501 2036 2553 et
2069 2488 2253 2638 vectigalia.
2308 2492 2383 2556 Non
2416 2497 2500 2558 enim

524 2578 566 2640 de
586 2576 771 2640 obedientia
797 2574 966 2655 praecipit.
1043 2575 1137 2637 einde
1167 2574 1309 2636 studium
1336 2573 1489 2636 obedien·
1532 2584 1672 2654 possunt
1699 2569 1830 2637 delendi
1859 2584 1915 2636 ant
1943 2576 2013 2657 regi
2040 2577 2161 2658 respub
2177 2577 2247 2638 icae
2275 2579 2346 2639 sine
2372 2580 2499 2663 magnis

509 2661 587 2724 'tiae
613 2661 719 2723 maius
745 2660 777 2720 in
806 2659 902 2721 nobis
930 2677 1006 2721 esse
1035 2659 1143 2734 debet,
1176 2678 1249 2720 cum
1277 2655 1488 2758 intelligimus
1533 2656 1733 2739 sumptibus,
1754 2660 1826 2722 sine
1847 2658 2031 2741 praesidiis,
2052 2660 2123 2722 sine
2143 2661 2363 2744 prudentibus
2382 2664 2499 2746 guber-

523 2743 611 2807 haud
632 2742 727 2808 dubie
748 2761 874 2823 poenas
895 2739 969 2804 Deo
992 2742 1127 2805 daturos
1150 2760 1318 2818 essaeos,
1346 2762 1400 2824 qur
1420 2761 1489 2804 non
1533 2742 1713 2804 natonbns.
1747 2740 1857 2814 Quare
1881 2762 1954 2806 cum
1975 2744 2018 2806 sit
2040 2764 2124 2826 opus
2141 2745 2315 2828 stipendiis
2333 2759 2366 2809 et
2383 2748 2499 2811 civium

524 2828 690 2903 obediunt,
706 2836 742 2890 ιιι
758 2826 895 2889 maxime
912 2836 1026 2908 putent
1042 2846 1080 2888 se
1098 2827 1345 2908 magistratuum
1360 2826 1489 2888 iracun-
1532 2824 1720 2903 laboribus,
1741 2827 1900 2909 praecipit
1921 2824 2059 2906 Paulus,
2083 2841 2118 2891 ut
2140 2830 2237 2892 etiam
2260 2830 2370 2894 debita
2392 2829 2500 2894 officia

524 2912 609 2976 diam
630 2908 783 2974 elusuros
806 2927 894 2972 esse.
1533 2907 1719 2989 corporalia
1739 2921 1917 2991 praestent,
1940 2913 2060 2976 tributa
2082 2911 2232 2977 videlieet
2255 2927 2287 2976 et
2305 2913 2437 2978 militiae
2453 2913 2499 2978 la·

607 2993 736 3058 Deinde
756 2991 881 3057 Paulus
907 3013 974 3056 non
1000 2991 1107 3057 solum
1135 2996 1177 3057 da
1203 2994 1346 3056 externis
1370 2989 1489 3056 officiis
1534 2995 1656 3057 borern.
1700 2992 1742 3056 Et
1771 2995 1966 3079 gravissime
1994 2996 2035 3058 dc
2063 3016 2172 3080 poena
2201 2997 2314 3075 docet,
2347 3000 2499 3062 divinitus

523 3099 587 3144 seu
608 3079 793 3144 obedientia
819 3090 953 3141 externa
982 3078 1210 3154 concionatur,
1243 3076 1304 3140 sed
1331 3079 1426 3140 etiam
1447 3077 1489 3140 de
1533 3077 1637 3160 puniri
1666 3098 1742 3156 eoS,
1775 3081 1829 3162 qui
1857 3100 1923 3141 non
1954 3082 2195 3164 obtemperant,
2230 3082 2305 3163 quia
2326 3099 2500 3163 peccatum

522 3164 619 3228 anirni
646 3163 765 3228 iudicio
798 3182 839 3224 ac
872 3160 1047 3226 voluntate.
1097 3161 1133 3225 ld
1166 3182 1246 3225 vero
1278 3172 1489 3243 praeceptum
1533 3160 1672 3225 mortale
1697 3164 1758 3240 sit,
1788 3183 1854 3226 non
1879 3164 2013 3227 obedire
2036 3164 2289 3249 magistratibus.
2335 3163 2401 3228 Sed
2425 3186 2500 3230 eum

522 3247 654 3332 plenum
679 3258 731 3311 est
757 3267 832 3310 cum
856 3244 1009 3330 politicae
1037 3257 1105 3310 tura
1126 3243 1334 3310 Christianae
1360 3247 1489 3390 sapien·
1532 3245 1746 3329 Magistratus
1778 3247 1995 3329 praecipiunt,
2027 3258 2063 3312 ut
2093 3249 2213 3312 subditi
2244 3258 2344 3330 agant
2375 3245 2500 3332 aliquid

522 3334 597 3396 tiae.
650 3331 795 3394 Primrun
832 3333 918 3394 enim
953 3332 1091 3395 maxime
1128 3329 1259 3413 expedit
1290 3330 1404 3412 reipub
1418 3332 1489 3392 icae
1534 3341 1648 3395 contra
1670 3330 1821 3395 mandata
1843 3329 1925 3407 Dei,
1953 3333 2073 3396 debent
2094 3331 2214 3397 subditi
2235 3333 2341 3412 potius
2364 3335 2498 3397 obedire

523 3416 622 3479 imbui
653 3416 779 3478 animos
811 3413 1139 3478 honorificentissima
1174 3414 1327 3495 opinione
1359 3415 1401 3476 de
1432 3415 1488 3476 im·
1532 3414 1624 3492 Deo,
1653 3434 1749 3497 quam
1778 3415 1980 3494 hominibus,
2010 3431 2046 3480 ut
2073 3418 2170 3480 docet
2190 3413 2326 3480 historia
2349 3416 2497 3480 Danielis

524 3501 624 3582 pariis
631 3544 642 3576 ‚
670 3499 712 3562 de
731 3495 877 3580 legibus,
904 3499 946 3562 de
967 3518 1079 3563 amore
1100 3499 1240 3581 patriae,
1262 3495 1327 3561 hoe
1349 3509 1418 3575 est,
1447 3498 1488 3562 de
1533 3499 1640 3562 tertio.
1685 3498 1814 3563 Addam
1837 3512 1868 3563 et
1889 3512 2016 3564 sextam
2037 3499 2194 3587 regulam

523 3584 721 3658 obediantia;
749 3585 834 3646 sicut
858 3602 961 3666 saepe
984 3584 1105 3647 docent
1122 3593 1156 3645 et
1171 3580 1333 3664 prophani
1349 3584 1489 3664 scripto·
1617 3582 1692 3647 Non
1721 3597 1772 3649 est
1797 3586 1903 3648 nostri
1930 3586 2082 3662 instituti,
2116 3583 2287 3671 complecti
2315 3588 2501 3653 universam

523 3687 588 3732 rea.
638 3667 707 3740 Sed
736 3668 854 3732 horum
886 3668 1066 3730 sententias
1098 3686 1185 3729 nunc
1217 3666 1341 3730 omitto.
1394 3663 1488 3730 Pauli
1533 3667 1714 3732 doctrinam
1736 3670 1777 3732 de
1799 3671 1897 3733 rebus
1920 3667 2089 3745 civilibus3
2112 3681 2223 3735 extant
2245 3670 2331 3735 euim
2351 3669 2500 3737 Philoso

523 3755 642 3817 dictum
678 3763 803 3816 tantam
842 3752 1103 3826 consideremuS,
1162 3749 1228 3812 uod
1261 3751 1489 3835 gravissimam
1532 3748 1671 3833 phorum
1693 3764 1724 3816 et
1745 3751 2052 3817 iurisconsultorum
2073 3751 2164 3830 libri,
2186 3756 2252 3839 qui,
2274 3759 2423 3839 quamvis
2446 3778 2499 3822 res

523 3840 667 3902 continet
687 3837 884 3908 doctrinam3
911 3835 1000 3898 iubet
1022 3835 1107 3896 enim
1127 3771 1340 3916 Magistratus
1360 3831 1488 3897 honore
1533 3846 1584 3897 est
1616 3834 1757 3913 inlinita,
1795 3848 1902 3900 tamen
1940 3836 2041 3902 multa
2075 3836 2281 3923 collegerunt
2311 3853 2499 3922 praecepta,

522 3919 621 3986 affici.
658 3919 719 3982 Est
741 3931 848 3984 autem
871 3918 978 3981 honos
1000 3937 1065 3980 non
1087 3927 1208 3981 tantum
1232 3928 1367 3980 externa
1387 3918 1489 4001 signi·
1532 3915 1623 3982 utilia
1643 3917 1706 3997 his,
1729 3920 1784 4003 qui
1802 3932 1920 4005 regunt
1936 3921 2154 4004 respublicas.
2186 3921 2259 4009 Ego
2276 3944 2382 4007 pauca
2400 3946 2498 4008 quae-

522 4005 631 4070 ficatio
659 4005 883 4078 reverentiae,
915 4002 976 4064 sed
1003 4002 1112 4064 verius
1141 4002 1238 4064 animi
1270 4001 1424 4064 iudicium
1456 4013 1489 4064 et
1532 4003 1606 4065 dam
1637 4001 1692 4068 hic
1724 4005 1816 4089 attigi
1853 4003 2037 4090 generalia,
2077 4008 2213 4070 maxime
2228 4011 2271 4082 ⁶³)
2312 4012 2499 4072 necessaria

522 4083 690 4165 voluntaS,
712 4084 875 4163 videlicet,
895 4087 1045 4167 primum,
1068 4103 1252 4170 agnoscere
1271 4083 1488 4168 Magistratus
1533 4086 1673 4150 omnium
1706 4091 1924 4154 conscientiis.
1978 4089 2020 4154 Et
2057 4094 2208 4175 quoniam
2241 4089 2281 4154 de
2313 4092 2498 4155 obedientia

522 4195 542 4238 a
569 4171 644 4236 Deo
672 4172 840 4234 ordinatos
868 4189 946 4233 esse
974 4180 1008 4231 et
1033 4168 1141 4234 Deum
1166 4189 1227 4252 per
1255 4188 1315 4231 eos
1342 4169 1489 4255 ingentia
1532 4172 1649 4234 civium
1677 4173 1761 4251 dixi,
1793 4176 1941 4238 adiiciam
1963 4195 2063 4238 unum
2088 4187 2297 4258 praeceptum
2324 4175 2364 4237 de
2387 4173 2497 4240 officio

523 4254 682 4322 beneficia
706 4256 872 4338 impertire
898 4254 1095 4318 hominibus.
1138 4251 1263 4316 Postea
1284 4254 1382 4317 etiam
1404 4253 1488 4317 haec
1531 4256 1789 4340 magistratuum.
1821 4259 1898 4322 Non
1919 4270 1971 4322 est
1991 4259 2115 4322 infinita
2136 4271 2284 4342 potestas
2308 4279 2421 4344 regum
2443 4275 2500 4324 aut

523 4339 681 4406 beneficia
700 4335 893 4423 intelligere,
921 4358 1048 4420 pacem,
1070 4349 1170 4402 totam
1192 4335 1360 4420 politicam
1382 4339 1487 4400 socie-
1531 4340 1720 4422 principum.
1762 4341 1904 4407 Primam
1931 4344 2014 4406 enim
2036 4341 2116 4406 nihil
2149 4345 2266 4408 debent
2299 4356 2413 4408 contra
2447 4347 2497 4409 ius

521 4438 632 4504 tatem,
647 4422 681 4487 le
726 4424 1000 4508 sconiugiorum,
1017 4423 1146 4499 iudicia,
1167 4432 1369 4500 contractus,
1392 4423 1488 4485 disci·
1531 4424 1673 4488 divinum
1695 4437 1726 4489 et
1748 4428 1799 4490 ius
1822 4437 1956 4490 naturae
1979 4429 2132 4491 mandare
2153 4441 2209 4491 aut
2226 4448 2336 4513 agere.
2370 4428 2497 4493 Deinde

542 4509 651 4574 linem.
725 4506 783 4571 ihil
808 4510 893 4572 enim
921 4505 1109 4590 pulchrius,
1136 4503 1214 4568 nihil
1243 4503 1360 4569 melius
1388 4507 1488 4571 habet
1531 4520 1670 4591 peccant
1687 4512 1794 4588 etiam,
1812 4511 1942 4594 quando
1961 4508 2081 4595 aliquid
2099 4513 2256 4595 imperant
2273 4524 2388 4576 contra
2404 4511 2497 4598 leges

520 4533 602 4658 haec
623 4591 806 4677 corporalis
828 4605 955 4668 natura,
978 4613 1077 4676 quam
1096 4588 1264 4673 politicum
1287 4592 1433 4656 ordinem
1454 4602 1487 4654 et
1530 4594 1580 4656 sui
1601 4597 1695 4678 regni
1717 4614 1777 4658 seu
1806 4605 1920 4657 contra
1941 4591 2079 4660 formant
2107 4597 2157 4659 sui
2184 4597 2227 4659 im
2252 4597 2320 4658 orii.
2364 4595 2409 4660 Ut
2431 4619 2498 4660 non

519 4677 585 4742 hos
613 4688 728 4741 coetus
755 4676 920 4741 hominum
948 4677 1085 4752 iustitia,
1117 4675 1279 4738 modestia
1305 4687 1339 4740 et
1368 4677 1487 4740 ceteris
1529 4675 1619 4739 licuit
1631 4678 1760 4755 Achab,
1775 4680 1900 4761 eripere
1911 4681 2037 4743 vineam
2052 4683 2113 4744 civi
2125 4619 2257 4743 Nabotlr
2268 4693 2383 4744 eontra
2395 4682 2497 4762 ipsius

520 4763 695 4826 virtutibus
711 4763 931 4825 consociatos.
960 4760 1086 4824 Deinde
1101 4770 1236 4843 propter
1249 4759 1357 4824 Deum
1375 4761 1486 4824 timere
1529 4759 1739 4845 voluntatem.
1794 4763 1903 4847 Leges
1936 4766 2021 4828 enim
2052 4762 2251 4828 lsraeliticae
2284 4766 2497 4828 distinxerant

520 4866 562 4909 ac
589 4842 725 4928 diligere
745 4843 977 4930 Magistratus,
1005 4857 1037 4908 et
1065 4845 1203 4921 sentire,
1236 4849 1326 4929 quod
1352 4866 1411 4928 pro
1434 4845 1487 4908 his
1530 4847 1687 4924 dominia,
1709 4857 1741 4909 et
1764 4848 1988 4914 concedebant
2008 4847 2193 4914 libertatem
2216 4859 2247 4911 et
2270 4869 2325 4912 res
2346 4853 2497 4931 proprias

523 4927 686 4992 beneficiis
708 4941 741 4991 et
761 4926 834 4994 Deo
860 4941 893 4992 et
913 4930 1157 5012 magistratibus
1180 4930 1409 5014 gratitudinem
1431 4930 1487 4993 de·
1530 4932 1665 4994 civibus.
1709 4930 1757 4994 lta
1779 4929 1888 5015 leges,
1918 4935 2035 5016 quibus
2057 4953 2119 4997 nos
2141 4933 2276 5008 utimur,
2306 4933 2497 4996 discernunt

522 5014 670 5079 beamus.
712 5009 785 5075 lloc
814 5014 911 5076 aniani
937 5015 1088 5077 iudicium
1110 5023 1162 5076 est
1183 5031 1281 5075 verus
1295 5017 1339 5086 ⁶¹)
1366 5013 1486 5089 honos,
1528 5012 1713 5078 libertatem
1735 5028 1769 5077 et
1790 5019 1990 5095 servitutem,
2014 5019 2200 5082 concedunt
2216 5015 2329 5080 liberis
2349 5020 2497 5101 proprie·

521 5097 577 5181 qui
597 5097 734 5161 debetur
754 5098 1008 5179 magistratibus.
1049 5094 1221 5158 Postremo
1243 5098 1413 5160 addendus
1434 5106 1487 5160 est
1530 5109 1628 5162 tatem
1654 5112 1687 5161 et
1714 5099 1855 5165 dominia
1883 5123 1991 5167 rerum
2016 5104 2225 5185 privatarum.
2271 5100 2381 5171 Quare
2404 5102 2496 5165 cives

521 5185 606 5258 et⁶²)
622 5178 678 5246 hic
693 5179 811 5255 honos,
832 5183 961 5263 precari
975 5177 1129 5243 videlicet
1144 5199 1206 5261 pro
1224 5182 1486 5264 magistratibus,
1529 5183 1661 5264 proprie
1683 5196 1758 5246 sunt
1781 5187 1900 5249 domini
1922 5207 2030 5251 rerum
2052 5207 2204 5261 suarura,
2226 5205 2287 5247 nec
2309 5181 2386 5247 licet
2408 5188 2495 5267 prin·

638 5295 656 5322 .-
1530 5267 1657 5348 cipibus
1675 5286 1716 5329 ex
1734 5264 1874 5333 fortunis
1892 5290 2005 5334 eorum
2022 5289 2138 5350 rapere
2155 5289 2215 5350 pro
2233 5266 2376 5344 libidine,
2394 5290 2495 5352 quan·

520 5432 568 5495 ot)
591 5431 740 5498 tenallia
760 5433 799 5479 tt.
818 5433 913 5494 typoth.
931 5443 1031 5483 errore:
1050 5439 1123 5482 veros
1505 5475 1509 5540 Ι

522 5533 568 5597 62)
592 5537 618 5584 et
635 5529 751 5584 excido
768 5532 860 5586 eona
882 5533 920 5581 11.
938 5535 964 5583 et
981 5531 1043 5595 opp.
1505 5545 1508 5597 ς
1529 5533 1575 5596 ιι)
1600 5534 1719 5598 maxime]
1742 5537 1811 5588 editt
1829 5539 1851 5583 t.
1871 5537 1895 5584 a.
1916 5535 2021 5582 ιι-ιι.
2041 5538 2067 5585 et
2083 5535 2153 5598 apa:
2172 5537 2330 5599 nonaeque
