5859 6734
467 668 551 737 rota
1107 671 1221 741 cuth.
1242 672 1347 742 trah.
1369 671 1557 739 SCRIPTA
1572 671 1849 740 montanos
2385 667 2479 740 lm

465 857 594 931 Luceat
611 856 670 924 lux
692 870 806 923 vestra
827 879 939 924 coram
960 858 1158 940 hominibus,
1179 872 1215 926 nt
1238 857 1441 946 glorificetur
1482 857 1641 925 amentor
1662 859 1757 938 fidei,
1784 860 1846 925 sed
1873 858 2033 924 abiiciunt
2053 855 2244 923 mdculnmt
2276 856 2395 925 croco
2417 879 2476 924 rc·

465 941 565 1009 Pater
585 956 698 1009 vester
720 940 885 1009 coelestis.
928 944 972 1009 Et
992 944 1121 1030 quidem
1143 957 1195 1011 est
1216 941 1442 1024 conformitas,
1482 946 1670 1010 missionem
1698 956 1930 1031 peccatorum,
1959 940 2086 1010 scilicet
2112 942 2194 1009 Mihi
2222 964 2362 1030 quoque
2390 965 2473 1030 pro-

466 1048 565 1114 quam
586 1026 687 1095 efficit
708 1031 781 1112 ipse
798 1028 904 1108 Deus,
927 1051 1000 1096 curn
1021 1042 1074 1095 est
1096 1034 1204 1096 omnia
1225 1033 1258 1095 in
1277 1031 1441 1109 omnibns,
1483 1033 1618 1097 missam
1640 1050 1726 1095 esse.

465 1132 560 1178 suam
579 1110 688 1179 lucem
708 1116 742 1178 in
763 1133 827 1178 nos
848 1132 1030 1200 spargens,
1061 1114 1199 1181 ethaeo
1221 1135 1302 1181 vere
1323 1115 1442 1180 dicitur
1568 1113 1777 1181 DlLECllO
1814 1126 1867 1179 est
1903 1114 2093 1179 ohedientia
2133 1113 2318 1179 secundnm
2354 1118 2470 1186 omnia

465 1196 592 1263 Virtus.
619 1200 703 1264 Nam
722 1196 894 1282 disciplina
911 1202 944 1263 in
961 1212 1080 1265 natum
1099 1201 1139 1264 de
1163 1212 1291 1278 cavata,
1314 1201 1441 1264 etiamsi
1482 1211 1659 1285 praecepta
1690 1199 1754 1264 Dei
1787 1220 1863 1264 cum
1893 1197 1960 1266 fide
1994 1210 2027 1263 ct
2059 1197 2180 1263 fiducia
2211 1200 2471 1264 misericordiae

465 1283 640 1348 adiuvatur
661 1284 812 1349 Heroicis
831 1286 991 1362 motibus,
1017 1297 1053 1350 ut
1077 1286 1110 1349 in
1133 1223 1305 1369 Scipione3
1332 1296 1440 1349 tamen
1506 1296 1619 1369 ropter
1645 1284 1860 1349 Mediatorem
1888 1285 2072 1366 promissae
2100 1295 2134 1347 et
2160 1281 2285 1348 laetitia
2309 1284 2347 1348 in
2377 1282 2468 1348 Deo.

466 1378 591 1453 tantum
614 1381 667 1434 εει
679 1372 726 1516 ⁶²)
755 1368 993 1454 qualiscunque
1022 1371 1138 1435 umbra
1167 1371 1294 1435 virtutis
1324 1381 1439 1455 tegens
1515 1391 1569 1435 am
1585 1371 1614 1433 l.
1632 1369 1764 1434 loannis
1782 1369 1814 1432 5.
1833 1375 1900 1448 [vs.
1913 1366 1958 1446 3.]
1981 1370 2117 1433 dicitur:
2150 1366 2241 1433 llaec
2260 1380 2311 1432 est
2329 1366 2467 1434 dilectio

426 1535 428 1540 .
466 1463 634 1518 externam
656 1455 697 1518 de
713 1454 904 1532 ormitatem,
927 1457 1013 1520 sicut
1031 1452 1145 1519 folium
1162 1455 1216 1518 fici
1234 1456 1367 1539 tegebat
1385 1456 1440 1520 de·
1484 1456 1559 1534 Dei,
1581 1455 1736 1520 mandata
1757 1455 1827 1518 eins
1844 1473 1991 1519 servare.
2030 1454 2101 1517 Nec
2122 1452 2199 1518 mihi
2221 1451 2378 1536 displicet
2400 1453 2466 1520 huc

465 1534 664 1603 fonnitatem
685 1539 719 1601 in
737 1537 843 1601 Adam
866 1549 899 1602 et
916 1540 1021 1603 lleva.
1054 1540 1115 1603 Est
1136 1543 1236 1624 igitur
1253 1542 1358 1604 virtus
1380 1560 1441 1603 seu
1483 1541 1726 1605 accommodari
1742 1541 1880 1604 dictum:
1898 1538 1993 1602 Deus
2010 1550 2062 1603 est
2073 1537 2216 1616 dilectio,
2231 1539 2265 1603 id
2282 1551 2349 1616 est,
2368 1538 2465 1604 Deus

466 1620 640 1705 disciplina
670 1621 842 1688 rationalis
917 1625 1065 1689 bernatio
1099 1623 1319 1690 locomotivae
1350 1626 1441 1688 iuxta
1484 1636 1536 1689 est
1558 1644 1684 1689 summe
1706 1622 1846 1711 diligens
1867 1644 1932 1687 nos
1952 1636 2089 1707 propter
2109 1621 2226 1688 Filium
2252 1621 2311 1689 tali
2334 1625 2466 1705 ordine,

466 1707 592 1795 Legem
605 1707 681 1785 Dei,
699 1728 785 1792 quae
802 1712 835 1772 in
886 1711 926 1773 iis
944 1712 1061 1793 magis,
1079 1711 1112 1775 in
1130 1708 1203 1774 aliis
1221 1711 1328 1780 minus
1348 1709 1441 1773 firma
1484 1708 1613 1794 qualem
1626 1713 1671 1784 ὀ7)
1693 1712 1796 1793 ipsius
1818 1711 1979 1793 sapientia
2000 1710 2124 1786 sanxit,
2153 1718 2186 1773 et
2212 1710 2245 1773 in
2266 1711 2370 1794 nebis
2394 1706 2465 1774 effi·

466 1804 527 1858 εει.
573 1793 615 1857 Ut
636 1792 760 1858 firmior
782 1805 834 1857 est
854 1791 939 1858 haec
962 1797 1066 1858 virtus
1089 1796 1121 1858 irr
1144 1794 1316 1878 Scipione,
1343 1814 1441 1879 quarn
1485 1797 1589 1881 circ)
1611 1793 1710 1858 talem
1733 1793 1940 1859 dilectionem
1963 1805 1996 1857 et
2018 1795 2177 1872 ordinem,
2200 1791 2309 1877 qualis
2330 1796 2368 1859 in
2389 1798 2465 1878 ipso

466 1879 500 1942 ln
517 1876 721 1956 Alexandro,
744 1881 805 1941 etsi
826 1880 859 1942 in
878 1891 1018 1961 utroque
1040 1890 1118 1943 sunt
1135 1879 1267 1944 Horoici
1288 1882 1439 1963 impetus.
1484 1890 1546 1943 est.
1591 1881 1658 1946 Sed
1680 1891 1789 1944 tamen
1816 1890 1946 1962 oportet
1972 1879 2115 1943 discerni
2135 1877 2329 1944 Creatorem
2352 1878 2465 1945 Deum

523 1962 740 2028 ‚lUSTlTlA
768 1963 1061 2027 UNlVERSALlS
1095 1974 1145 2027 est
1174 1966 1359 2028 obedientia
1388 1983 1441 2028 se·
1485 1977 1517 2029 ει
1535 1975 1718 2042 creaturam,
1735 1977 1771 2028 ut
1786 1964 1895 2028 Deum
1911 1964 1945 2027 in
1960 1962 2093 2049 Angelo
2110 1961 2312 2028 efficientem
2329 1967 2464 2048 sapien·

467 2048 610 2116 cundum
632 2067 746 2112 omnes
767 2046 873 2132 lech,
896 2050 983 2112 sicut
999 2048 1164 2113 Aristides
1185 2051 1373 2114 nominatur
1395 2051 1441 2113 irr-
1483 2051 1562 2114 tiam
1584 2063 1617 2114 ct
1638 2047 1905 2132 dilectionem⁵⁹),
1928 2068 2013 2133 qnae
2036 2061 2113 2114 sunt
2133 2045 2192 2115 lux
2216 2048 2326 2115 aDeo
2350 2063 2465 2115 creata

465 2143 549 2210 stus.
592 2133 635 2198 Et
668 2154 769 2218 saepe
796 2133 877 2198 hoc·
894 2134 992 2197 modo
1026 2134 1191 2217 scriptura
1222 2133 1255 2197 lo
1282 2136 1366 2199 uitur
1399 2137 1441 2199 de
1485 2146 1518 2199 et
1539 2155 1692 2199 accensa.

464 2218 589 2286 lustitia
611 2217 713 2303 legis,
746 2241 820 2283 cum
848 2216 918 2283 vnlt
949 2217 1088 2304 intelligi
1115 2155 1336 2284 universallem
1364 2222 1441 2284 obe·
1571 2218 1678 2285 SPES
1701 2234 1753 2284 est
1776 2232 1866 2283 certa
1888 2220 2073 2304 expectatio
2094 2220 2182 2284 vitae
2202 2231 2362 2284 aeternae
2390 2241 2465 2303 pro·

465 2301 630 2370 dlmtlam.
1483 2320 1557 2389 pter
1573 2305 1788 2369 hlediatorem
1807 2307 1911 2390 gratis
1930 2304 2059 2367 dandae
2072 2308 2129 2387 ⁶⁰),
2151 2315 2184 2368 et
2201 2315 2254 2369 est
2273 2306 2466 2388 expectatio

550 2386 739 2470 lUSTlTlA
760 2386 1083 2453 PARTlCULARlS
1106 2401 1159 2453 est
1175 2391 1281 2474 virtus
1298 2390 1440 2454 reddens
1484 2391 1695 2477 mitigationis
1719 2386 1940 2454 calamitatum
1958 2390 1991 2452 in
2008 2387 2072 2454 hae
2091 2390 2160 2455 vita
2176 2390 2269 2455 iuxta
2286 2386 2466 2455 consilinm

466 2492 561 2541 suum
583 2476 756 2559 unicuique
769 2476 828 2559 ⁵⁸).
1483 2475 1558 2540 Dei.
1598 2475 1650 2540 Ac
1674 2476 1887 2539 observanda
1908 2484 1961 2537 est
1983 2473 2164 2539 differentia
2184 2476 2270 2539 inter
2292 2472 2413 2539 Fidem
2434 2487 2466 2538 et

550 2557 680 2624 FlDES
696 2570 756 2631 ¹est
781 2559 936 2623 assentiri
958 2558 1047 2623 omni
1069 2560 1172 2624 verbo
1195 2558 1259 2623 Dei
1272 2561 1316 2637 64)
1344 2559 1440 2624 nobis
1484 2560 1594 2645 Spem.
1638 2560 1736 2623 Fides
1758 2559 1926 2646 agnoscit,
1948 2555 2018 2623 vult
2039 2570 2072 2623 et
2093 2560 2211 2644 accipit
2231 2560 2466 2624 remissionem

466 2643 586 2709 tradito
608 2646 695 2709 etin
717 2643 783 2707 hoc
802 2644 1011 2728 promissioni
1028 2646 1155 2729 gratiae
1172 2654 1308 2727 propter
1325 2643 1441 2710 Filium
1484 2658 1518 2710 et
1539 2642 1839 2711 reconciliationem
1865 2645 1899 2708 in
1921 2646 2124 2727 praesentia,
2152 2665 2226 2708 cnm
2255 2645 2362 2709 corda
2383 2645 2467 2709 vivi·

464 2727 529 2793 Dei
545 2732 741 2810 promissae,
759 2749 825 2815 quo
843 2749 985 2794 assensu
998 2729 1254 2812 apprehenditur
1265 2730 1441 2813 promissio
1484 2731 1624 2796 ficantur
1651 2750 1711 2812 per
1738 2727 1854 2795 Filium
1877 2726 1942 2792 Dei
1969 2731 2003 2793 in
2031 2731 2227 2812 pavoribus,
2258 2750 2359 2814 quern
2382 2729 2465 2794 Fide

465 2814 670 2879 remissionis
698 2826 910 2898 peccatorum
939 2826 971 2878 et
999 2812 1297 2890 reconciliationis,
1329 2826 1362 2879 et
1392 2824 1443 2878 est
1483 2817 1659 2880 intuentur.
1686 2815 1772 2898 Spes
1792 2826 1844 2879 est
1854 2812 1942 2879 velle
1959 2811 2102 2879 futuram
2119 2811 2361 2893 liberationem,
2377 2819 2467 2901 qnae

466 2897 587 2964 liducia
604 2903 821 2984 acquiescens
838 2901 871 2962 in
888 2898 963 2964 Deo
980 2912 1116 2983 propter
1133 2899 1359 2978 hlediatorem,
1377 2918 1443 2985 qua
1483 2902 1628 2966 nondum
1650 2901 1762 2978 adest,
1790 2913 1822 2963 ει
1843 2900 2056 2983 acquiescere
2078 2898 2193 2965 oblato
2220 2896 2334 2964 futuro
2363 2901 2465 2965 bono.

466 2986 500 3048 in
522 2984 610 3048 veris
636 2986 817 3067 pavoribus
844 2986 1015 3068 erigimur,
1044 2996 1078 3048 et
1103 2984 1260 3048 sentimus
1283 2985 1383 3048 vitam
1410 2994 1443 3048 et
1483 2987 1559 3051 Non
1576 2986 1662 3050 enirn
1679 2986 1861 3069 acquiescit
1878 2982 2043 3063 voluntas,
2060 2985 2125 3049 nisi
2140 2988 2228 3050 bono
2243 2982 2357 3070 aliquo
2373 3004 2464 3048 mon·

465 3066 621 3134 laetitiam
642 3070 675 3133 in
697 3068 784 3145 Deo,
806 3080 839 3132 et
865 3070 1054 3134 accedimus
1076 3070 1120 3133 ad
1141 3069 1261 3146 Deum,
1291 3080 1323 3132 et
1349 3069 1442 3133 invo·
1484 3083 1592 3136 strato
1618 3090 1679 3134 seu
1700 3071 1866 3153 praesenti
1888 3068 1943 3133 vel
1964 3068 2085 3135 futuro.
2129 3069 2295 3135 Usitatum
2321 3082 2374 3133 εει
2399 3068 2461 3132 has

468 3174 581 3219 camus
608 3173 683 3219 eum
705 3155 817 3238 agnita
843 3154 913 3217 eius
940 3155 1167 3219 misericordia
1195 3166 1228 3216 et
1254 3154 1443 3236 praesentia
1484 3168 1554 3221 tres
1580 3156 1749 3219 nominare
1771 3157 1911 3220 virtutes
1933 3153 2172 3240 Theologicas,
2199 3153 2335 3233 Fidem,
2360 3155 2456 3238 Spem

468 3237 649 3304 clamantes
666 3238 764 3302 Abba
781 3252 875 3321 pater
888 3241 946 3322 ⁶⁵),
968 3240 1053 3304 sicut
1075 3240 1194 3303 dicitur
1217 3236 1367 3319 [Rom-5,
1380 3239 1441 3319 1.]=
1485 3255 1518 3307 et
1540 3238 1770 3306 Dilectionem.
1810 3238 1878 3304 Sed
1900 3250 1976 3303 sunt
2003 3238 2090 3305 aliae
2116 3238 2239 3304 multae
2265 3242 2299 3303 in
2320 3235 2457 3323 singulis

466 3322 637 3389 iustificati
657 3323 724 3388 fide
741 3344 855 3407 pacem
873 3322 1043 3390 habemus.
1080 3323 1159 3387 ltem
1182 3321 1289 3406 [Rom.
1308 3324 1341 3402 9,
1358 3323 1442 3403 33.]:
1483 3326 1706 3402 necessariae,
1752 3345 1814 3390 uae
1835 3336 1945 3388 tamen
1967 3326 2010 3388 ad
2031 3323 2092 3389 has
2113 3323 2230 3389 referri
2251 3334 2406 3409 possunt.

468 3408 595 3486 Omnis,
618 3411 673 3494 qui
696 3409 801 3473 credit
822 3410 855 3471 in
878 3429 964 3486 eum,
986 3428 1052 3472 non
1076 3407 1306 3473 confundetur.
1350 3409 1441 3474 Haeo
1571 3346 1806 3475 Pharsalia
1828 3422 1881 3473 est
1901 3407 1989 3474 velle
2012 3411 2146 3474 obedire
2166 3410 2241 3474 Deo
2264 3410 2299 3473 in
2319 3405 2463 3473 tolerari·

468 3505 519 3559 est
534 3513 616 3560 vera
632 3493 778 3558 delinitio
796 3493 898 3571 Fidei,
916 3496 958 3559 de
976 3514 1042 3577 qua
1052 3491 1176 3558 Paulus
1194 3492 1350 3642 loquitur,
1369 3516 1443 3559 cum
1486 3496 1536 3561 dis
1559 3496 1726 3574 adversis,
1748 3514 1834 3579 quae
1856 3495 1944 3559 iubet
1964 3491 2068 3573 serre,
2091 3506 2123 3560 et
2144 3492 2224 3560 nihil
2245 3513 2308 3577 pro
2332 3504 2385 3557 ter
2406 3495 2463 3558 do·

468 3580 514 3645 ait
537 3576 660 3655 [Galat.
683 3578 720 3658 3,
741 3579 827 3658 24.]:
860 3577 940 3643 Fide
961 3578 1184 3645 iustificamur.
1258 3591 1443 3663 tcompre-
1484 3579 1590 3645 lorem
1611 3577 1725 3645 facere
1747 3590 1862 3643 contra
1883 3581 1954 3644 eius
1976 3582 2141 3657 mandata,
2163 3600 2230 3645 non
2252 3579 2296 3643 de
2320 3598 2401 3644 cere
2421 3580 2463 3642 ab

466 3664 580 3730 heudit
600 3660 725 3729 Paulus
749 3661 846 3729 simul
871 3666 905 3727 in
931 3665 1078 3748 potentia
1105 3664 1271 3751 cogitante
1298 3665 1444 3729 notitiam
1485 3668 1577 3749 ipso,
1605 3686 1674 3730 non
1696 3684 1791 3730 ruere
1818 3665 1851 3728 in
1874 3666 2137 3746 desperationem
2159 3677 2191 3730 et
2213 3665 2325 3730 odium
2346 3666 2463 3747 ipsius,

469 3760 504 3815 ct
517 3764 704 3827 assensum,
722 3751 807 3814 etin
826 3748 994 3814 voluntate
1010 3748 1172 3815 fiduciam.
1202 3748 1379 3815 Sciendum
1391 3762 1444 3815 cst
1485 3772 1553 3817 non
1574 3752 1693 3815 iniuste
1711 3748 1844 3814 laedere
1860 3748 2010 3814 homines
2028 3761 2163 3834 propter
2181 3745 2342 3827 dolorem,
2366 3747 2463 3814 simul

467 3844 576 3901 autem
602 3835 736 3899 notitias
763 3854 840 3899 esse
868 3833 1145 3919 apprehensivas,
1173 3833 1340 3900 Fiduciam
1362 3854 1443 3900 vero
1487 3837 1584 3902 etiam
1609 3838 1643 3900 in
1666 3832 1850 3900 calamitate
1875 3836 2017 3899 retinere
2043 3835 2139 3899 iidem
2169 3847 2202 3899 et
2229 3853 2323 3919 spem
2348 3832 2464 3899 auxilii

467 3921 502 3986 in
520 3919 625 3988 corde
640 3930 671 3983 et
687 3917 856 3985 voluntate
872 3939 951 3983 esse
968 3931 1101 3997 motum,
1119 3940 1184 4005 quo
1203 3921 1443 4004 acquiescimus
1488 3922 1605 3998 divini,
1633 3932 1666 3985 et
1694 3922 1727 3984 in
1754 3918 1819 3984 hac
1844 3919 1911 3984 fide
1938 3930 1972 3985 et
1997 3940 2058 4005 spe
2083 3922 2205 3985 sentire
2225 3920 2292 3985 nri‘
2338 3920 2463 3984 tionem

467 4007 503 4070 ln
524 4003 654 4070 oblecto
676 4002 897 4088 apprehenso.
931 4003 980 4068 lta
997 4017 1129 4068 veteres
1147 4006 1309 4082 dixerunt,
1330 4002 1443 4070 Fidem
1488 4004 1629 4085 doloris,
1658 4006 1744 4082 sicut
1768 4003 1893 4070 Paulus
1922 4006 2025 4089 inquit
2056 4002 2208 4090 [Philipp.
2231 4006 2270 4084 4,
2321 4010 2358 4082 .]:
2394 4002 2463 4068 Pax

470 4107 548 4155 esse
567 4087 720 4156 hirtutem
742 4087 1027 4173 apprehensivam‚
1045 4091 1125 4173 quia
1144 4085 1265 4153 format
1283 4090 1444 4175 imagines
1487 4091 1552 4157 Dei
1579 4092 1741 4177 gubernet
1769 4091 1871 4154 corda
1899 4100 2022 4154 vestra.
2067 4088 2109 4153 Et
2131 4090 2255 4155 lesaias
2277 4088 2348 4169 [aa
2376 4090 2460 4170 15.]=

469 4177 599 4241 intuens
627 4176 791 4240 obiectum
805 4176 865 4259 ⁵⁶).
909 4174 977 4240 Sed
1002 4171 1068 4238 alia
1097 4185 1150 4239 est
1170 4173 1260 4238 Fidei
1287 4174 1444 4254 delinitio,
1487 4177 1523 4241 ln
1545 4173 1676 4241 silentio
1699 4186 1732 4239 ει
1753 4195 1815 4258 spe
1836 4173 1994 4240 fortitudo
2016 4186 2139 4239 vestra.

448 4279 546 4327 ¹cum
567 4260 609 4326 de
631 4259 707 4326 sola
728 4261 843 4325 notitia
864 4258 1023 4325 historiae
1045 4261 1178 4339 dicitnr,
1205 4257 1313 4344 qualis
1335 4271 1386 4324 est
1410 4261 1443 4323 in
1574 4258 1741 4325 GLORlA
1762 4275 1814 4325 εει
1835 4261 2030 4343 approbatio
2052 4260 2273 4325 conscientiae
2301 4269 2396 4324 recte
2418 4260 2473 4330 irs,

364 4363 369 4372 ’
469 4343 593 4431 impiis,
627 4366 712 4430 quae
740 4356 792 4410 est
818 4365 920 4411 nosse
948 4344 1118 4409 historiam
1151 4356 1183 4409 et
1216 4346 1246 4410 ei
1279 4346 1443 4410 assentiri.
1488 4348 1628 4412 dicentis
1644 4357 1678 4410 et
1696 4343 1834 4411 eliorum
1851 4358 1942 4409 recte
1959 4346 2179 4411 iudicantium.
2203 4343 2256 4409 De
2273 4342 2338 4420 hac
2353 4342 2462 4430 gloria

470 4428 563 4495 llaec
583 4450 650 4495 non
673 4442 725 4495 est
747 4432 876 4516 integra
902 4429 1003 4509 fides,
1031 4432 1090 4495 sed
1118 4428 1246 4508 mutila,
1276 4433 1352 4517 quia
1378 4450 1444 4495 non
1488 4434 1606 4498 dicitnr
1625 4432 1657 4495 l.
1680 4428 1757 4495 Gor.
1782 4431 1812 4495 1.
1842 4437 1906 4510 [vs.
1930 4430 1994 4510 la]
2039 4429 2131 4495 llaec
2153 4442 2206 4495 est
2227 4426 2382 4516 gloriatio
2405 4449 2463 4492 no-

470 4517 650 4581 assentitur
690 4517 876 4581 remissioni
894 4516 1024 4581 divinae
1042 4516 1085 4581 ad
1103 4527 1135 4581 te
1152 4517 1337 4600 pertinenti.
1365 4515 1444 4582 Gre-
1489 4529 1570 4597 stra,
1591 4518 1812 4582 testimonium
1834 4516 2058 4582 conscientiae
2077 4526 2224 4581 nostrae
2268 4513 2310 4580 Et
2333 4512 2410 4578 Gal.
2432 4512 2464 4578 ia

471 4601 552 4666 dunt
568 4538 701 4666 Diabrlli
723 4612 756 4666 at
773 4599 870 4668 ludas
892 4602 1143 4684 promissionem
1167 4598 1445 4667 reconciliationis
1489 4607 1554 4687 [νε.
1577 4604 1622 4681 4.]
1663 4599 1756 4751 Opus
1781 4622 1876 4667 suum
1905 4603 2025 4684 probet
2051 4601 2292 4687 unusquisque,
2322 4611 2355 4665 et
2384 4612 2466 4666 tunc

470 4682 545 4750 aliis
565 4684 686 4764 offerri,
705 4687 765 4750 sed
784 4687 940 4751 nonsibi.
967 4687 1044 4750 Non
1060 4688 1159 4771 igitur
1175 4688 1312 4752 credunt
1331 4706 1445 4752 omnes
1490 4688 1628 4777 gloriam
1649 4688 1695 4752 ha
1717 4688 1784 4751 ebit
1805 4687 1892 4770 apud
1914 4705 2008 4765 sese,
2037 4695 2070 4750 et
2096 4706 2164 4750 non
2186 4686 2272 4769 apud
2297 4682 2404 4763 alios,
2433 4685 2465 4747 id

1489 4784 1552 4852 est,
1568 4772 1804 4857 Unusquisque
1821 4781 1911 4835 recte
1928 4770 2028 4836 faciat
2042 4768 2153 4835 ollicla
2165 4770 2351 4834 vocationis
2367 4788 2465 4846 snae,

1490 4860 1578 4943 quod
1600 4855 1791 4933 eumfacit,
1818 4853 1952 4922 habehit
1974 4858 2062 4941 apud
2090 4876 2127 4919 se
2155 4853 2308 4942 gloriam,
2337 4854 2372 4919 id
2402 4865 2468 4930 est,

472 4945 518 5006 dl)
535 4949 622 4996 tamen
640 4947 737 4996 lanium
757 4946 808 5009 esi]
843 4946 915 4997 tdttt
944 4945 1051 4998 16-19.
1070 4946 1179 4993 22-24.
1198 4944 1308 4993 26-29.
1327 4943 1446 5006 iil—³3,

538 5013 593 5066 ilci.
616 5014 637 5061 1.
655 5016 755 5065 tontum
773 5018 822 5076 cst,
838 5014 911 5066 Editt.
931 5014 971 5066 30.
990 5013 1031 5063 34.
1051 5018 1138 5066 tamen
1157 5017 1198 5066 εει
1494 5015 1689 5025 ”·““““““

472 5115 518 5180 ιθ)
538 5114 683 5182 unicuique]
703 5116 777 5168 Edttt.
799 5115 906 5167 16-20.
924 5115 965 5166 23.
985 5117 1036 5179 ιε,
1053 5115 1109 5169 nei.
1131 5116 1154 5164 l.
1175 5116 1198 5163 ι.
1218 5115 1308 5180 cuique
1489 5115 1535 5179 ιι)
1554 5116 1668 5179 qualem]
1687 5115 1760 5169 Edltt
1781 5114 1888 5167 16-19.
1907 5117 1949 5165 23.
1968 5116 2036 5181 quali

472 5219 518 5281 ot)
536 5219 580 5271 Dei
598 5217 676 5271 obest
693 5219 729 5271 ob
746 5218 819 5271 Editt
840 5216 949 5267 16-20.
968 5218 1007 5271 23.
1024 5218 1091 5278 Dei..
1110 5220 1133 5271 l.
1150 5219 1172 5270 2.
1489 5217 1535 5281 ta)
1554 5216 1641 5281 efficit]
1656 5218 1729 5270 Editt.
1752 5217 1861 5268 16-19.
1880 5219 1920 5272 23.
1938 5219 2053 5272 eliciens

472 5318 518 5384 bt)
537 5325 564 5372 et
581 5321 726 5373 accedimus
744 5317 865 5385 adlocum
885 5347 998 5357 -·--
1015 5322 1087 5373 Abba
1104 5325 1186 5384 pater,
1203 5322 1308 5376 circu!
1322 5322 1359 5376 ab
1371 5320 1444 5375 stttt.
1487 5320 1534 5381 59)
1551 5322 1631 5373 iteum
1650 5320 1674 5372 tn
1693 5322 1790 5382 rogero
1808 5320 1962 5374 elicientem
1981 5320 2133 5383 septentiam
2151 5322 2176 5372 ει
2188 5317 2374 5383 dilectionem]
2391 5321 2470 5373 mro.

541 5387 648 5441 16-19.
666 5390 778 5437 22-24.
797 5386 917 5450 ι6-3-ι.,
934 5388 989 5441 Det.
1013 5394 1033 5440 ι.
1557 5387 1588 5436 16
1601 5415 1633 5424 -
1647 5389 1686 5441 19,
1704 5388 1744 5437 23.
1779 5391 1858 5442 {teum
1876 5392 1901 5441 in
1918 5389 2015 5451 rogero
2032 5388 2186 5440 efflorentem
2204 5387 2379 5451 dilectionem,
2397 5394 2425 5442 et
2443 5391 2472 5442 in

472 5488 519 5553 ιθ)
538 5491 597 5554 qula
614 5491 710 5544 format
726 5492 851 5552 imagines
869 5491 970 5543 intuens
988 5489 1136 5555 obiectum]
1150 5491 1222 5545 Βιιιιι.
1245 5490 1275 5539 ιι
1296 5517 1327 5531 -
1347 5489 1385 5544 19.
1403 5490 1444 5542 ιιι.
1556 5458 1654 5519 ⁸⁰3²¹⁰
1671 5458 1823 5519 ⁸⁰⁰⁵⁰¹¹l¹⁸¹¹¹
1841 5461 1868 5510 ‘l
1885 5458 2056 5521 ⁶³¹²⁰ll⁰¹¹⁰m2

539 5560 600 5623 'illa
616 5559 729 5638 imiimi
744 5559 869 5621 maanes
888 5560 993 5612 oblecto.
1488 5557 1536 5624 ιο)
1554 5561 1635 5622 rrrtts
1652 5559 1753 5613 modae
1770 5561 1873 5615 olm
1888 5560 1924 5613 ab
1941 5558 2015 5612 Edttt
2035 5556 2145 5607 16-19.
2165 5556 2205 5607 ιε.
