5859 6734
1089 658 1203 724 rma.
1224 656 1534 726 russonum
1549 637 1826 724 DOGMA'Tlcd.
1917 715 1919 720 .

646 850 786 916 raestari
813 868 882 912 non
908 848 1061 931 potuerit.
1115 845 1211 910 llauc
1232 846 1445 930 abrogandae
1486 863 1550 909 vos
1582 841 1705 908 iudicet
1733 842 1767 904 in
1789 842 1864 904 cibo
1883 854 1939 906 aut
1961 856 2051 925 potu,
2073 857 2130 909 aut
2153 847 2187 910 in
2209 859 2305 930 parte

683 937 708 965 ⁰·
733 951 895 1010 caussam¹
912 932 1058 1014 prodidit
1081 943 1115 996 et
1134 928 1254 994 Petrus
1283 931 1316 994 in
1338 928 1445 1006 Actis,
1488 929 1552 992 diei
1574 923 1663 1002 festi,
1684 937 1741 990 aut
1761 925 1972 1004 Neomenias,
1994 941 2050 992 aut
2071 931 2305 1012 sabbatorum,
2372 960 2404 998 aa

623 1031 658 1086 et
704 1018 857 1082 ieremias
886 1036 961 1080 cum
981 1016 1057 1079 ideo
1077 1035 1200 1080 novum
1220 1023 1353 1097 pactum
1373 1014 1447 1076 iniri
1488 1031 1573 1161 auae
1595 1021 1672 1074 sunt
1692 1009 1828 1074 umbrae
1848 1006 2040 1076 futurorum.
2059 1032 2184 1098 corpus
2198 1026 2307 1083 autem

539 1123 566 1164 rs
625 1105 735 1180 docet,
757 1101 847 1185 quod
868 1112 964 1165 vetus
984 1096 1066 1168 illud
1088 1099 1094 1125 '
1115 1099 1242 1162 irritum
1257 1094 1444 1162 fecerimus.
1517 1095 1622 1160 bristi.
1645 1094 1719 1168 Quo
1740 1095 1773 1158 in
1794 1092 1872 1157 loco
1895 1097 1965 1180 typi
1987 1099 2148 1163 rationem
2170 1120 2306 1166 carassa-

624 1187 738 1272 Atque
759 1205 800 1250 eo
820 1183 897 1248 loco
918 1181 1042 1248 nullam
1062 1180 1148 1266 legis
1165 1193 1292 1266 partem
1314 1183 1446 1265 excipit,
1487 1192 1542 1245 tus
1564 1180 1669 1244 videri
1691 1176 1836 1242 fortasse
1857 1191 1978 1261 potest.
2029 1180 2128 1246 Certe
2149 1185 2182 1248 in
2198 1183 2304 1248 Gala·

625 1283 665 1340 ut
695 1271 778 1335 satis
809 1279 969 1352 appareat
997 1287 1071 1330 eum
1092 1269 1134 1330 de
1155 1277 1225 1331 tota
1246 1266 1322 1351 lege
1342 1264 1445 1350 loqui.
1488 1268 1532 1331 tis
1554 1264 1628 1327 ideo
1652 1265 1855 1328 ceremonias
1873 1267 1989 1342 reiicit,
2013 1266 2103 1349 quod
2124 1287 2191 1332 non
2211 1271 2304 1336 iusti·

625 1355 689 1424 Est
715 1365 825 1418 autem
851 1355 884 1416 iu
908 1352 950 1416 iis
971 1353 1139 1435 antiquata
1159 1361 1295 1428 tautum,
1313 1352 1368 1435 qui
1389 1371 1446 1432 pa·
1489 1350 1599 1413 licent.
1621 1348 1710 1412 ldem
1732 1350 1765 1411 in
1787 1347 1949 1413 Hebraeis
1974 1351 2106 1435 'agitur
2121 1372 2181 1434 per
2201 1365 2306 1420 totam
2329 1380 2384 1438 (59,
2403 1379 2444 1439 b.)

627 1452 683 1506 cto
703 1437 897 1524 posteriori,
917 1434 984 1499 boc
1007 1446 1074 1511 est,
1094 1433 1277 1520 Evangelio
1299 1436 1447 1499 credide·
1488 1431 1685 1517 Epistulam,
1707 1452 1776 1495 nou
1799 1435 2012 1508 ceremonias
2034 1436 2151 1513 modo,
2173 1439 2234 1502 sed
2255 1451 2305 1503 to·
2327 1447 2382 1506 114,
2400 1458 2425 1496 a.

537 1544 568 1583 aa
627 1535 715 1600 runt,
748 1523 898 1605 adeoque
930 1522 965 1584 iu
992 1521 1111 1604 quibus
1148 1519 1290 1603 spiri'tus
1325 1518 1447 1583 Christi
1490 1532 1555 1583 tarn
1574 1517 1683 1603 legem
1704 1518 1778 1580 ideo
1800 1520 1981 1601 antiquari,
2009 1521 2098 1602 quod
2127 1520 2306 1586 iustificare

629 1617 691 1674 est.
712 1603 748 1668 bi
767 1624 908 1688 prorsus
930 1606 972 1668 ab
996 1605 1084 1667 omni
1105 1601 1181 1689 lege
1201 1603 1297 1668 liberi
1318 1615 1405 1668 sunt.
1489 1623 1557 1667 uon
1584 1604 1744 1685 potuerit,
1777 1622 1838 1665 seu
1860 1613 1895 1665 ut
1917 1622 2020 1685 supra
2040 1605 2197 1683 diximus,
2239 1608 2307 1672 uod

672 1689 772 1764 Quod
804 1700 914 1753 autem
947 1686 1143 1772 decalogum
1175 1685 1299 1754 fuebant
1330 1689 1447 1764 sancti,
1491 1688 1627 1770 exprimi
1655 1705 1724 1748 non
1750 1687 1903 1767 potuerit.
1948 1686 2007 1751 Sic
2028 1690 2115 1752 euim
2144 1709 2217 1774 cap.
2296 1734 2305 1751 .

628 1773 749 1838 hocin
766 1794 890 1838 caussa
911 1784 974 1852 est,
997 1785 1029 1837 et
1051 1775 1141 1856 quod
1163 1769 1279 1838 decalo

627 1871 679 1924 ter
698 1859 808 1922 cordis
826 1858 982 1922 iustitiam
996 1877 1063 1922 non
1075 1858 1175 1942 exigit
1186 1793 1448 1934 certallldorum,
1491 1856 1647 1922 ce'dentis
1667 1855 1811 1920 mandati
1838 1866 1975 1938 propter
1995 1855 2213 1922 infirmitatem
2237 1861 2308 1924 eius

491 1964 549 2029 tlt,
568 1975 591 2010 a.
630 1945 838 2026 temporum,
860 1963 981 2020 rerrun,
1013 1962 1230 2026 personarum
1261 1942 1449 2006 discdmina
1491 1953 1524 2005 et
1552 1936 1769 2006 inutilitatem.
1819 1936 1863 2002 Et
1889 1941 1945 2006 ubi
1975 1940 2016 2004 de
2040 1942 2215 2006 sacerdote
2239 1941 2309 2008 late

489 2046 547 2111 (aa,
565 2046 605 2110 a.)
628 2040 663 2093 et
682 2029 817 2110 spiritus
839 2028 912 2111 ipsa
934 2028 1045 2092 cordis
1066 2025 1254 2092 iustificatio
1277 2028 1329 2089 sit.
1372 2026 1449 2089 Non
1492 2025 1659 2100 disseruit,
1675 2021 1743 2086 boc
1761 2024 1942 2092 coustituit.
1985 2025 2062 2088 Ideo
2084 2027 2308 2092 sacerdotium

628 2123 741 2261 potest
773 2131 839 2174 nou
872 2113 1035 2193 praestari
1068 2109 1250 2195 decalogus
1287 2113 1450 2194 abrogata
1490 2111 1675 2210 leviticum
1690 2108 1864 2190 antiquari,
1932 2109 1974 2174 od
1991 2111 2218 2174 remissionem
2228 2129 2306 2193 pec·

545 2300 560 2339 ὁ
629 2193 1451 2364 naturatumattrutinat
1491 2196 1645 2363 attic
1895 2204 2307 2348 varnarius

631 2361 770 2448 calogus
798 2362 904 2428 effuso
932 2365 967 2428 iu
989 2365 1091 2429 corda
1111 2375 1302 2428 sauctorum
1323 2364 1449 2448 spiritu.
1491 2376 1628 2448 rogatae
1647 2358 1732 2445 legis
1755 2380 1909 2428 caussam
1935 2362 1969 2424 iu
1997 2363 2170 2444 scripturis
2191 2364 2308 2446 premi,

631 2447 806 2514 Caeterum
839 2446 1019 2530 spiritualis
1051 2449 1102 2513 sic
1122 2446 1207 2512 liber
1228 2457 1296 2525 est,
1328 2458 1365 2512 ut
1386 2448 1450 2510 nisi
1490 2468 1532 2513 ac
1552 2447 1680 2532 urgeri,
1708 2443 1817 2531 legem
1837 2445 1913 2510 ideo
1935 2446 2109 2530 antiquari,
2130 2447 2219 2531 quod
2240 2467 2309 2510 nou

632 2530 778 2598 adferret
798 2532 871 2615 ipsc
893 2552 1009 2598 secum
1030 2533 1164 2616 spiritus
1190 2551 1252 2615 pro
1274 2552 1337 2597 sua
1356 2542 1450 2597 uatu-
1491 2531 1690 2607 iustificarit,
1724 2549 1785 2594 seu
1805 2529 1895 2614 quod
1912 2531 2049 2677 explrimi
2065 2550 2134 2594 nou
2154 2532 2310 2614 potuerit.

631 2637 671 2682 ra
692 2613 845 2700 decalogi
860 2613 1091 2699 impletionem,
1108 2635 1150 2680 ue
1167 2617 1363 2681 deberemus
1381 2617 1450 2700 qui·
1492 2614 1636 2682 Scholae
1674 2616 1879 2678 ceremonias
1922 2626 1957 2680 to
1983 2626 2042 2678 unt
2068 2613 2182 2692 solas,
2220 2615 2310 2699 quod

633 2702 719 2766 dem.
762 2700 860 2765 Nunc
884 2705 887 2728 ¹
911 2720 986 2764 cum
1006 2697 1114 2765 adfert
1134 2701 1268 2782 spiritus
1291 2700 1451 2766 eiusmodi
1491 2697 1663 2784 Evangelii
1684 2701 1753 2805 typi
1775 2695 1906 2764 fueriru.
1954 2695 2147 2785 Decalogus
2173 2699 2311 2764 'manet
2376 2724 2404 2763 rs

633 2782 847 2860 voluntatem,
865 2805 950 2868 quae
971 2787 1015 2848 sit
1035 2787 1108 2868 ipsa
1128 2783 1280 2871 decalogi
1294 2784 1451 2869 impletio,
1493 2785 1582 2870 quod
1603 2807 1724 2857 tuamor
1745 2802 1813 2847 non
1834 2784 1994 2850 videatur.
2050 2782 2119 2848 Sed
2143 2781 2310 2867 quidhoc

632 2868 669 2934 fit
689 2867 757 2946 lex,
777 2887 847 2931 non
868 2869 957 2953 quod
979 2869 1032 2934 ex'
1056 2883 1141 2948 atur,
1162 2871 1223 2934 sed
1244 2870 1322 2953 quia
1335 2890 1378 2934 ue
1391 2889 1452 2953 po·
1493 2871 1537 2935 ad
1557 2869 1684 2954 gratim
1706 2867 2041 2934 commendationem?
2062 2866 2235 2949 Scriptura
2258 2869 2309 2932 sic

633 2964 699 3018 test
720 2954 851 3036 quidem
867 2974 889 3017 a
911 2955 991 3035 spiri
1060 2955 1258 3020 ‘diversum
1274 2953 1355 3018 fieri.
1495 2957 1536 3021 de
1557 2953 1772 3036 abrogatione
1793 2950 1877 3036 legis
1900 2953 2045 3031 disserit,
2065 2964 2102 3017 ut
2117 2953 2239 3035 ubique
2249 2972 2310 3016 uo·

674 3034 842 3102 ludicialia
874 3049 908 3100 et
948 3040 1154 3103 ceremoniae
1179 3050 1312 3124 praeter
1339 3039 1451 3104 cordis
1494 3040 1602 3105 bisin
1620 3057 1660 3101 ea
1680 3037 1808 3121 gratiae
1828 3034 2072 3118 amplitudinem
2093 3037 2310 3100 commendet.

634 3122 798 3188 iustitiam
825 3133 983 3188 externae
1012 3124 1265 3191 observationes
1286 3135 1379 3201 suut,
1402 3143 1453 3187 re·
1494 3123 1552 3189 Sic
1576 3123 1781 3186 ceremonias
1808 3118 1896 3186 tollit
1919 3132 1956 3185 ut
1985 3117 2213 3188 universam}

634 3207 710 3286 bus,
727 3207 894 3289 personis,
914 3203 1012 3286 locis,
1030 3211 1233 3292 temporibus
1249 3208 1453 3274 circumscri-
1494 3209 1661 3290 adpareat
1682 3203 1856 3270 sublatam.
1888 3204 1946 3272 Sic
1967 3207 2170 3272 carmoniae
2191 3206 2310 3283 reiicit,

632 3301 721 3374 ptae.
766 3290 858 3365 Quas
882 3293 1133 3358 observationes
1151 3295 1228 3379 quia
1248 3312 1316 3358 non
1337 3312 1453 3358 neces·
1493 3303 1529 3358 ut
1556 3292 1714 3374 adpareat
1746 3301 1882 3374 propter
1912 3289 2028 3357 decalo
2144 3291 2310 3375 abrogau-

634 3376 724 3440 sario
747 3393 863 3440 secum
893 3376 1029 3459 spiritus
1060 3375 1187 3457 adfert,
1209 3379 1285 3443 ideo
1313 3398 1381 3444 nou
1402 3387 1455 3442 est
1494 3378 1583 3454 dum,
1603 3375 1760 3458 abrogari
1778 3375 1993 3440 ceremonias.
2111 3393 2310 3439 ecommeu-

634 3479 695 3524 cur
717 3460 856 3524 anobis
878 3458 969 3526 fiant.
1012 3459 1100 3526 Esse
1120 3483 1188 3528 uon
1208 3473 1320 3547 potest
1339 3464 1373 3528 iu
1393 3460 1454 3528 bu·
1495 3463 1585 3528 datio
1606 3462 1734 3546 petiae
1754 3470 1786 3524 et
1803 3457 1878 3526 sola
1895 3470 1928 3526 et
1950 3479 2077 3526 summa
2097 3470 2160 3524 est.
2189 3458 2246 3524 Sic
2258 3479 2310 3524 er·

633 3563 731 3610 mauo
765 3544 889 3610 corde'
911 3546 1046 3628 spiritus
1078 3548 1153 3626 dci,
1185 3548 1263 3632 quin
1295 3548 1456 3630 exprimat
1496 3567 1540 3632 go
1570 3545 1779 3612 ceremoniae
1807 3541 1961 3610 sublatae
1988 3555 2082 3622 suut,
2106 3564 2174 3608 nou
2203 3563 2246 3606 ne
2274 3543 2311 3607 li·

635 3625 752 3696 decalo
833 3671 842 3691 .
891 3628 944 3695 Fit
974 3631 1073 3716 igitur
1103 3633 1294 3698 necessario
1324 3629 1455 3698 decalo-
1496 3643 1570 3710 aut,
1595 3629 1656 3694 sed
1677 3629 1767 3713 quod
1793 3626 1886 3695 nullo
1910 3630 2133 3717 conscientiae
2153 3625 2313 3712 periculo*

699 3758 710 3776 .
752 3649 841 3778 glo
868 3725 979 3796 potest
1010 3716 1147 3817 spiritus
1164 3719 1197 3779 in
1218 3715 1360 3780 humano
1382 3735 1456 3779 cor·
1497 3728 1552 3782 aut
1573 3714 1645 3780 fieri
1671 3726 1728 3779 aut
1749 3714 1853 3778 omitti
1873 3715 2016 3797 possint,
2045 3714 2134 3797 quod
2157 3733 2227 3776 nou
2255 3713 2311 3777 da·
2330 3736 2386 3796 ιιι,
2404 3734 2430 3785 b.

656 3819 688 3878 e,
708 3800 807 3864 etiam
824 3801 897 3862 siue
915 3810 1062 3863 exterms
1078 3797 1144 3863 illis
1156 3802 1455 3865 observationibus.
1496 3811 1609 3864 mneut
1624 3799 1843 3875 iutennissae,
1864 3817 1927 3863 nec
1944 3797 2121 3863 iustificent
2138 3799 2169 3863 si
2179 3795 2312 3862 feceris.

632 3881 710 3947 Nou
732 3883 832 3983 igitur
854 3882 936 3946 fiunt
955 3884 1147 3947 necessario
1167 3881 1332 3949 iudicialis
1352 3894 1386 3947 et
1403 3903 1456 3947 ce·
1496 3883 1588 3948 llaec
1616 3884 1699 3946 satis
1727 3882 1771 3946 sit
1791 3883 1975 3963 indicasse,
1996 3901 2134 3968 quorrun
2151 3884 2313 3947 ratiouera

497 3972 554 4034 ¹¹⁸,
572 3971 596 4022 b·
635 3985 814 4030 remomae.
878 3965 964 4030 lliuc
989 3967 1160 4049 adparet'
1184 3988 1244 4032 cur
1275 3966 1457 4053 decalogus
1497 3988 1540 4034 ex
1558 3964 1750 4032 Galatarum
1770 3964 1933 4050 Epistola,
1962 3978 2054 4034 etex
2074 3968 2236 4034 Hebraeis
2252 3986 2309 4052 pe·

424 4079 437 4102 ι
636 4049 709 4116 fere
729 4051 903 4196 negativas
924 4047 1020 4136 leges
1041 4052 1218 4130 contineat,
1234 4063 1272 4118 ut
1292 4053 1456 4136 siguifice-
1496 4065 1559 4119 tas.
1602 4050 1809 4136 Augustinus
1832 4051 1837 4076 ¹
1859 4051 1980 4117 alicubi
1998 4072 2153 4118 caussam
2169 4056 2310 4136 abroga-
2385 4074 2400 4114 s

637 4147 690 4200 tur
723 4155 768 4198 nu
795 4155 850 4198 um
879 4145 1006 4200 certum
1041 4155 1141 4219 opus,
1174 4138 1461 4222 circumscriptum
1496 4149 1551 4205 tae
1576 4132 1663 4224 legis
1696 4138 1729 4202 iu
1752 4138 1881 4216 uirens,
1914 4134 1996 4202 nihil
2045 4148 2154 4203 raeter
2185 4136 2311 4222 figuras

659 4220 802 4298 ersoum,
822 4218 921 4298 locis,
938 4222 1154 4303 temporibus,
1176 4223 1237 4286 sed
1257 4222 1368 4304 potius
1382 4242 1456 4286 cor·
1497 4233 1683 4288 caussatur.
1770 4223 1916 4303 criptura
1937 4159 2140 4307 ideolegcm
2157 4223 2313 4306 abrogat,

660 4306 668 4323 '
709 4304 864 4368 iustitiam
885 4305 983 4390 exigi.
1026 4303 1187 4390 Reliquae
1207 4304 1303 4394 leges
1320 4325 1456 4372 remex·
1517 4306 1585 4372 uod
1616 4325 1684 4371 non
1713 4306 1868 4373 iustificet
1916 4307 2003 4380 Quid
2024 4308 2123 4390 igitur
2152 4317 2223 4370 erat
2252 4325 2313 4370 cur

635 4400 746 4454 ternas
764 4389 965 4454 distribuunt
982 4410 1023 4454 ac
1045 4390 1246 4473 dispensant.
1279 4391 1348 4457 Sed
1368 4390 1455 4456 bauo
1495 4329 1636 4456 ferretur
1651 4386 1776 4456 lexfut
1792 4393 1982 4458 ostenderet
1999 4402 2182 4474 peccatum,
2200 4409 2261 4455 seu
2275 4403 2314 4455 ut

634 4472 796 4541 libertatis
834 4474 997 4538 rationem
1043 4472 1124 4539 relin
1149 4497 1192 4541 uo
1235 4477 1454 4542 meditandam
1495 4477 1625 4559 peccati
1643 4488 1849 4560 coargueret,
1863 4488 1896 4541 et
1912 4475 2022 4558 palam
2032 4475 2127 4541 fieret
2142 4480 2240 4560 opus*
2258 4496 2313 4540 es·
2381 4499 2408 4538 ιο

635 4558 881 4626 sublimioribus
903 4559 1083 4641 spiritibus.
1111 4496 1184 4644 ἑο
1195 4571 1368 4626 contentus
1381 4581 1455 4624 sum
1496 4580 1535 4624 se
1554 4562 1652 4625 nobis
1673 4559 1899 4625 misericordia
1916 4561 1979 4623 dei.

634 4647 803 4710 monuisse
824 4640 1022 4731 decalogum
1042 4645 1243 4728 antiquatum
1264 4665 1357 4724 esse,
1386 4665 1453 4710 nou
1536 4643 1589 4709 De
1611 4642 1724 4709 formis
1746 4645 1938 4708 iudiciorum
1953 4645 2132 4711 sicsentio.
2148 4644 2216 4709 Eas
2229 4664 2313 4730 quo-

635 4740 671 4792 ut
691 4748 734 4792 nc
755 4729 827 4807 fiat,
853 4729 915 4794 sed
939 4739 976 4794 ut
998 4749 1041 4792 uc
1063 4729 1204 4807 damnet,
1226 4730 1350 4814 siquid
1372 4727 1453 4794 deli·
1495 4749 1560 4814 que
1580 4732 1766 4813 antiquatas
1785 4748 1879 4806 esse,
1901 4732 1990 4812 quod
2012 4741 2168 4796 externae
2195 4731 2313 4793 obser·

549 4834 576 4874 ¹⁰
633 4812 1454 4964 itiatitt{tittttttiiltttttittt
1495 4815 1749 4963 vittati?
1777 4811 1969 4963 ”aditi
1982 4816 2315 4965 dimittitis

637 4982 679 5046 tis
703 4982 885 5046 condonari
904 4993 1088 5067 peccatum.
1195 4945 1206 4977 l
1493 4920 1609 5130 {assit
1653 4917 1870 5047 cantellum
1891 4984 2011 5048 iudicio
2027 4946 2222 5049 (ibristianis
2242 5005 2311 5049 non
2373 5009 2404 5047 rs

677 5065 891 5132 f'eremonias
913 5086 990 5132 esse
1010 5069 1190 5154 abrogatas
1218 5066 1289 5131 fere
1308 5068 1383 5131 ideo
1405 5067 1452 5131 iu·
1506 5069 1582 5145 icet,
1592 5068 1783 5131 sedeanou
1794 5079 1845 5131 est
1855 5070 2068 5154 abrogandae
2078 5069 2165 5154 legis
2177 5087 2309 5134 aarum.

1353 1793 1448 1855 prae·
1492 1779 1556 1850 [vs.
1576 1770 1640 1848 lu]
1664 1771 1829 1834 scribitur·
1851 1768 2056 1854 Reprobatio
2071 1773 2202 1856 quidem
2212 1793 2307 1858 prae-

634 5149 756 5229 dicant,
777 5149 867 5234 quod
882 5152 1017 5215 umbrae
1037 5151 1210 5238 Evangelii
1230 5150 1359 5227 fuerint,
1382 5152 1451 5234 qui·
1492 5152 1577 5216 Nam
1604 5161 1640 5214 ut
1670 5165 1810 5233 peccent
1836 5160 1892 5238 qui
1917 5153 2062 5239 litigant,
2089 5174 2231 5219 necesse
2258 5164 2312 5217 est

543 5253 571 5294 rs
633 5235 697 5298 bus
721 5234 726 5260 '
749 5255 823 5299 cum
845 5253 980 5315 corpus,
1000 5233 1067 5298 boc
1088 5249 1150 5315 est,
1171 5239 1279 5320 ipsum
1298 5234 1450 5319 Evange·
1493 5247 1603 5300 tamen
1624 5232 1718 5319 leges
1740 5247 1774 5300 et
1794 5238 1913 5304 iudicia
1934 5259 2028 5318 esse,
2049 5241 2168 5322 quibus
2190 5237 2310 5304 cober·

633 5315 712 5382 lium
751 5339 839 5383 nunc
868 5328 982 5396 extet,
1013 5317 1094 5385 nilul
1118 5341 1202 5403 opus
1230 5322 1282 5383 sit.
1344 5318 1450 5392 Quam
1493 5331 1629 5383 ceantur
1650 5320 1814 5405 flagitiosi.
1858 5323 1931 5386 Nec
1952 5337 2092 5407 peccant
2113 5326 2168 5409 qui
2189 5324 2313 5391 iudicia

553 5485 556 5490 Ι
636 5421 789 5468 caussam
810 5401 899 5468 baud
920 5404 993 5468 scio
1016 5424 1060 5468 an
1080 5425 1219 5488 usquam
1247 5417 1382 5470 secatus
1405 5406 1449 5470 sit
1493 5415 1667 5484 exercent,
1687 5425 1749 5470 seu
1770 5409 1820 5472 ius
1840 5409 2064 5473 dicunt.¹Nec
2092 5413 2126 5475 iu
2154 5410 2219 5474 boc
2239 5407 2312 5473 lata
2379 5412 2413 5451 ²⁰

634 5485 768 5552 Paulus.
812 5486 849 5550 lu
875 5486 1077 5567 colorata,
1102 5487 1166 5567 lta]
1194 5490 1313 5573 iriquit,
1342 5488 1447 5554 Nemo
1490 5490 1577 5554 blasi
1598 5488 1653 5555 lex
1675 5501 1737 5570 est,
1759 5502 1796 5555 ut
1806 5489 1953 5578 litigandi
1970 5496 2243 5561 materiacivibus
2258 5512 2312 5558 es·
