5859 6734
575 615 638 684 883
1206 617 1316 684 Ρ1111..
1339 616 1441 686 ΜΕΙ..
1462 614 1647 690 SCRIPTA
1668 615 1938 690 DOGldA'llCA.
2521 620 2582 688 est

574 888 759 1035 9119969999
776 886 987 973 ²gravissime
1013 896 1106 950 taxat
1125 883 1277 968 Epistola
1297 887 1340 950 ad
1362 886 1543 952 Hebraeos.
1586 890 1619 953 ln
1653 888 1702 951 ira
1733 886 1854 953 lirroris
1887 888 1981 951 eins?
2013 887 2193 973 indignatio
2222 892 2296 954 eius
2323 888 2444 954 effusa
2468 904 2577 956 estut

644 983 770 1038 tcerte
792 971 922 1036 retineri
945 969 1139 1036 beneficirun
1157 968 1298 1049 Christi,
1321 972 1408 1036 sicut
1429 984 1545 1054 postea
1588 975 1685 1057 ignis,
1717 983 1749 1036 et
1781 983 1896 1056 petrae
1927 970 2107 1037 dissolutae
2127 984 2204 1038 sunt
2230 976 2273 1037 ab
2297 992 2354 1038 eo.
2403 973 2494 1040 item
2517 976 2576 1040 les.

555 1057 667 1134 ‚dicitt
689 1057 765 1121 Non
788 1053 859 1120 vult
882 1052 1071 1121 conculcari
1092 1057 1285 1138 sanguinem
1307 1053 1449 1134 Christi,
1482 1075 1545 1120 nec
1587 1056 1640 1120 66.
1665 1061 1728 1135 [vs.
1751 1058 1796 1135 9.]
1828 1056 1883 1119 Ad
1904 1078 2000 1140 quem
2022 1058 2210 1140 respiciam,
2242 1058 2309 1122 nisi
2338 1059 2388 1121 ed
2423 1056 2575 1124 bumilia-

571 1138 770 1208 contumelia
800 1137 888 1204 affici
917 1140 1072 1221 Spiritum
1104 1140 1239 1225 gratiae.
1283 1139 1355 1203 llae
1388 1141 1545 1225 gravissi·
1589 1154 1656 1206 tum
1685 1152 1717 1205 et
1746 1142 1919 1205 contritmn
1945 1141 2062 1204 siritu
2093 1152 2125 1205 et
2159 1151 2358 1206 trementem
2393 1161 2573 1210 99999999

573 1246 646 1292 999
668 1223 914 1291 adhortationes
935 1226 1054 1290 iubent*
1070 1244 1200 1303 cavere,
1221 1243 1263 1289 ne
1284 1225 1468 1289 amittamus
1490 1226 1546 1287 be·
1588 1226 1701 1290 meos?
1722 1225 1784 1289 las.
1809 1225 1837 1286 l.
1862 1162 2005 1304 [99111]
2033 1224 2184 1288 Desinite
2206 1245 2372 1307 perversa
2381 1229 2431 1310 ⁰⁰)
2452 1249 2571 1315 agere.

574 1309 725 1376 nelioium
757 1307 892 1389 Christi,
921 1308 1038 1393 Neque
1070 1320 1177 1373 tamen
1205 1310 1333 1374 interim
1364 1318 1479 1372 vetant
1498 1306 1546 1372 la·
1588 1308 1675 1374 Psal
1708 1309 1760 1374 37.
1795 1315 1860 1388 [vs.
1893 1310 1940 1388 5.]
1974 1309 2161 1392 iniquitates
2193 1329 2289 1373 meae
2321 1329 2571 1396 supergressae

574 1413 656 1478 psos
677 1396 720 1459 ad
736 1391 899 1459 Christum
922 1393 1037 1458 redire.
1071 1393 1161 1457 llaec
1184 1406 1236 1457 est
1258 1390 1394 1477 simplex
1416 1405 1449 1457 et
1471 1412 1545 1478 ger·
1589 1406 1665 1458 sunt
1687 1408 1785 1478 caput
1811 1414 1928 1458 meum.
1973 1393 2068 1458 ltem:
2101 1392 2227 1456 lnitium
2259 1396 2440 1477 sapientiae
2462 1399 2568 1462 timor

575 1499 671 1544 mana
692 1477 861 1544 sententia.
1588 1477 1730 1542 Domini.
1773 1478 1815 1541 Et
1859 1479 1960 1541 assim
1983 1478 2183 1560 coniungunt
2203 1476 2503 1543 Psalmi'limorern
2528 1498 2563 1545 et

1587 1562 1700 1627 Fidem
1715 1562 1809 1640 [Psi
1855 1563 1960 1640 ,ll.]:
1983 1559 2229 1645 Beneplacitum
2238 1576 2292 1626 est
2303 1561 2450 1650 099999
2463 1583 2567 1648 snper

1588 1648 1736 1712 timentes
1755 1668 1829 1711 eum
1846 1658 1879 1710 et
1895 1665 2057 1729 argaeos,
2075 1650 2276 1730 quisperant
2290 1647 2323 1708 in
2335 1647 2565 1714 misertomdu

864 1731 926 1794 DE
949 1729 1254 1794 CONTRlTlONE.
1587 1733 1670 1795 eius.
1704 1731 1828 1796 Eodem
1839 1733 2002 1814 pertinent
2012 1729 2113 1794 multa
2125 1730 2211 1793 dicta
2223 1728 2318 1795 Pauli
2332 1729 2446 1808 [Rom.
2458 1734 2491 1809 ii,
2504 1732 2562 1812 iil:

845 1890 850 1897 ¹
1587 1814 1693 1878 Vetus
1714 1829 1830 1879 noster
1850 1814 1949 1878 bomo
1972 1814 2068 1878 simul
2091 1813 2267 1878 crucifixus
2292 1826 2357 1890 est,
2383 1827 2423 1878 ut
2433 1813 2561 1882 ababa

659 1899 730 1966 Etsi
751 1897 840 1964 nulla
859 1897 1018 1962 Creatura
1118 1900 1294 1962 nitndinern
1315 1902 1386 1963 irae
1400 1897 1466 1964 Dei
1488 1898 1544 1962 ed·
1588 1912 1640 1963 tur
1661 1919 1782 1983 eorpus
1804 1902 1943 1983 peccati.
2111 1955 2114 1960 .

575 2005 692 2052 versus
753 1996 886 2049 -ocatum
908 1984 989 2047 satis
1012 1980 1090 2047 intel
1105 1984 1196 2068 'gere
1216 1995 1338 2066 potest,
1361 2000 1544 2066 acnepos·
1671 1983 1845 2048 Addantur
1862 1995 1894 2047 et
1915 1982 2075 2066 exempla,
2098 1997 2133 2047 ut
2149 1985 2267 2062 Adam,
2288 1984 2376 2062 Eva,
2402 1988 2499 2051 obiur
2553 1990 2559 2004 '

574 2084 625 2135 set
658 2070 712 2155 qui
734 2089 786 2133 em
808 2088 942 2133 sensum
963 2070 1031 2132 irae
1052 2065 1114 2129 Dei
1136 2065 1298 2150 perferre,
1321 2068 1408 2132 sicut
1429 2067 1545 2132 dicitur
1587 2089 1608 2132 a
1629 2067 1716 2146 Deo,
1743 2067 1865 2146 David,
1900 2068 2093 2152 obiurgatus
2127 2088 2148 2131 a
2180 2066 2330 2146 Nathan,
2364 2069 2516 2135 horrib‘

574 2152 1439 2235 0999.4.[99.24.10999199199999999999
1483 2150 1545 2214 Ta·
1611 2147 1827 2218 erterreliunt.
1859 2150 1960 2216 Dolet
1977 2163 2010 2216 et
2031 2150 2147 2215 mulier
2167 2156 2340 2235 peccatrix
2361 2153 2452 2220 Luc.
2471 2157 2500 2220 7.
2522 2155 2558 2218 lit

574 2259 648 2318 men
680 2236 751 2304 vult
771 2237 864 2303 Deus
886 2239 918 2301 in
939 2233 1092 2300 Ecclesia
1113 2257 1174 2299 sua
1191 2235 1300 2321 aliquo
1322 2237 1419 2301 modo
1442 2255 1544 2322 agno·
1587 2175 1744 2304 19929.
1787 2236 1885 2301 Petro
1907 2239 2047 2301 acerbae
2068 2234 2222 2300 lacrimae
2243 2251 2435 2321 erumpunt.
2479 2240 2559 2303 llaec

574 2325 624 2390 set
654 2325 738 2388 999
760 2341 855 2387 suam
877 2324 1039 2385 adversus
1061 2332 1249 2404 peccatum,
1281 2341 1347 2385 999
1376 2318 1446 2385 vult
1468 2339 1545 2383 con·
1589 2335 1621 2387 et
1648 2320 1765 2386 similia
1796 2323 1981 2385 testimonia
2020 2322 2196 2385 ostendunt
2226 2324 2463 2388 necessarium
2493 2345 2558 2388 esse

574 2405 673 2474 temni
692 2419 877 2492 peccatmn,
900 2426 965 2471 non
989 2403 1057 2470 vult
1079 2406 1179 2470 corda
1202 2426 1278 2470 esse
1299 2402 1407 2469 ferrea
1430 2407 1545 2469 etsine
1588 2406 1730 2491 aliquam
1762 2409 1999 2482 contritionem,
2029 2405 2113 2489 duae
2135 2405 2264 2489 quidem
2286 2410 2392 2470 etiarn
2417 2428 2558 2472 crescere

575 2489 710 2568 dolore,
736 2501 772 2555 ut
794 2490 821 2553 E
844 2489 876 2553 h.
899 2493 930 2554 4.
953 2491 994 2554 de
1015 2492 1121 2573 impiis
1144 2490 1269 2566 dicitur.
1314 2490 1391 2554 ldeo
1415 2507 1545 2572 semper
1588 2491 1697 2567 debet,
1717 2492 1773 2566 ita,
1789 2500 1826 2552 ut
1846 2510 1913 2553 non
1936 2487 2042 2553 solum
2063 2501 2197 2552 externa
2218 2487 2358 2566 delicta,
2387 2494 2557 2557 sedetiam

576 2579 608 2642 in
636 2572 789 2640 Ecclesia
820 2513 882 2640 loc
916 2573 975 2639 tuit
1003 2576 1170 2639 exordium
1204 2576 1412 2638 concionum:
1445 2574 1545 2658 Agite
1588 2577 1771 2639 interiorem
1791 2575 2021 2638 immunditiem
2039 2592 2278 2658 agnoscamus,
2300 2572 2485 2654 videlieet,
2501 2578 2556 2640 Dn-

576 2660 816 2748 poenitentiam.
862 2659 917 2724 Sic
950 2658 1102 2724 Christus
1136 2678 1275 2722 error-sus
1308 2671 1370 2736 est,
1403 2670 1436 2721 et
1468 2667 1545 2721 ante
1588 2661 1776 2723 bitationem
1809 2659 1850 2721 de
1882 2658 1973 2736 Deo,
2017 2659 2256 2735 Securitatem,
2301 2657 2558 2726 Admirationem

629 2765 685 2810 um
705 2743 864 2826 Baptista.
909 2743 965 2807 Sic
987 2739 1129 2812 Paulus,
1144 2744 1244 2826 inquit
1279 2742 1386 2818 11199.
1407 2743 1436 2821 l,
1460 2741 1543 2820 18.]:
1588 2745 1692 2806 nostri
1725 2763 1785 2805 seu
1806 2744 2011 2825 Superbiam,
2044 2742 2297 2826 Despectionem
2322 2742 2480 2823 aliormn,
2501 2745 2558 2810 tta

649 2828 758 2907 alatur
779 2829 827 2892 ira
848 2827 913 2890 Dei
933 2829 975 2891 de
997 2824 1094 2892 coelo
1116 2847 1216 2909 super
1238 2847 1363 2890 omnes.
1397 2825 1453 2889 Sic
1464 2824 1545 2887 Pro·
1587 2825 1806 2903 levolentiam,
1835 2828 2029 2903 Avaritiam,
2060 2826 2223 2891 flammas
2255 2831 2355 2910 pravi
2389 2834 2512 2893 amoris
2532 2844 2557 2893 et

577 2911 696 2997 phetae
729 2912 841 2977 exorsi
873 2924 961 2988 sunt,
995 2911 1057 2976 les.
1094 2912 1122 2973 l.
1157 2916 1219 2986 [rs.
1248 2911 1293 2989 4.]
1342 2909 1415 2973 Vae
1448 2908 1545 2972 Genti
1588 2910 1671 2975 alios
1693 2912 1832 2975 vitiosos
1853 2911 2000 2975 affectus.

577 2998 765 3084 peccatrici.
830 2996 897 3059 199
937 2994 1160 3088 19,Ρ99ι1199
1193 2993 1275 3059 baec
1308 3007 1386 3078 post
1416 2993 1545 3077 lapsum
1643 2997 1742 3059 Nec
1775 3006 1826 3058 est
1857 2997 2055 3079 poenitentia
2087 2999 2118 3058 in
2151 2995 2351 3081 hypocritis,
2386 3003 2443 3083 qui
2476 2998 2558 3064 nullo

577 3085 682 3169 prima
714 3084 830 3146 concio
860 3078 920 3145 fuit
953 3099 1097 3166 arguens
1120 3089 1292 3163 peccatum
1316 3092 1348 3142 et
1371 3076 1544 3143 declarans
1588 3100 1690 3144 sensu
1713 3077 1836 3143 doloris
1853 3092 1908 3144 aut
1930 3101 2089 3162 pavorum
2106 3078 2306 3156 alliciuntur,
2332 3104 2420 3166 quos
2443 3087 2558 3148 des-cri

576 3171 657 3232 999
678 3165 751 3231 091.
1588 3168 1670 3228 bens
1693 3165 1846 3228 ieremias
1870 3164 1914 3241 [6,
1927 3164 1993 3244 15.]
2006 3165 2120 3247 inquit:
2133 3164 2344 3231 Erubescere
2357 3171 2558 3240 nescierunt3

662 3250 835 3317 Postremo
869 3269 983 3314 omnes
1017 3246 1219 3314 calaruitates
1251 3250 1381 3334 generis
1401 3247 1546 3325 humani,
1588 3250 1629 3314 Et
1650 3248 1774 3315 Paulus
1796 3250 1838 3313 ad
1859 3247 2023 3333 Ephesios
2046 3262 2143 3312 vocat
2166 3247 2281 3313 dolore
2305 3263 2464 3314 carentes.

577 3358 688 3414 mors,
712 3335 827 3416 morbi,
860 3334 986 3418 inopia,
1003 3329 1119 3410 fames,
1142 3334 1277 3410 caedes,
1298 3330 1400 3410 bella,
1421 3332 1546 3396 excidia
1672 3334 1716 3398 Ut
1736 3344 1844 3399 autern
1865 3333 1951 3397 hanc
1973 3353 2110 3417 pravam
2132 3336 2345 3398 securitatem
2372 3336 2480 3398 animis
2501 3355 2556 3399 ex·

577 3435 610 3487 et
643 3418 755 3485 clades
788 3416 982 3502 multiplices
1004 3429 1080 3480 sunt
1103 3438 1217 3481 revera
1241 3419 1417 3482 conciones
1435 3418 1477 3479 de
1498 3416 1545 3478 ira
1588 3420 1758 3496 cutiamns,
1776 3438 1877 3501 saepe
1894 3430 1926 3481 et
1947 3416 2082 3481 multum
2105 3418 2192 3481 dicta
2214 3420 2254 3480 de
2277 3418 2496 3495 Contritlone‚
2514 3421 2556 3483 de

577 3505 640 3569 Dei
662 3507 822 3568 adversus
845 3514 1026 3586 peccatum,
1046 3516 1084 3566 ut
1105 3501 1193 3566 Psal.
1216 3502 1268 3567 38.
1293 3507 1358 3580 [vs.
1379 3501 1442 3579 m]
1465 3499 1545 3564 Pro-
1588 3503 1640 3567 lra
1655 3502 1731 3581 Dei,
1750 3504 1791 3566 de
1812 3503 1933 3566 Poenis
1954 3503 2183 3584 praesentibus
2206 3517 2238 3565 et
2259 3508 2433 3582 aeternis.
2455 3523 2558 3568 exem·

578 3602 650 3671 pter
669 3589 868 3672 iniquitatem
889 3587 1026 3669 corripis
1047 3586 1207 3650 homines.
1458 3596 1464 3607 '
1587 3586 1643 3670 pla
1664 3588 1738 3670 ipsa
1758 3607 1949 3670 poenarum,
1972 3585 2174 3651 calamitates
2196 3590 2350 3669 proprias
2375 3603 2407 3652 et
2430 3586 2561 3666 alieuius,

662 3672 832 3737 Postremo
863 3672 1084 3736 testimonium
1112 3670 1253 3735 omnium
1275 3672 1448 3734 maximum
1477 3672 1545 3732 irae
1587 3674 1652 3735 imo
1676 3684 1707 3735 et
1728 3684 1864 3735 mortem
1887 3669 1943 3733 lilii
1964 3670 2028 3734 Dei
2052 3672 2149 3735 nobis
2170 3692 2412 3755 proponamus,
2446 3687 2485 3738 ut
2512 3676 2561 3737 mi-

576 3753 1232 3841 091991,99961““11199999991955)
1266 3753 1336 3818 fieri
1369 3756 1543 3817 victimam.
1588 3757 1707 3820 seriam
1740 3766 1887 3819 nostram
1921 3768 1952 3817 et
1981 3756 2060 3818 iram
2082 3754 2145 3818 Dei
2167 3776 2396 3841 agnoscamus
2419 3771 2452 3821 et
2471 3778 2561 3842 expe·

577 3842 670 3906 Hanc
701 3844 781 3905 iram
816 3851 906 3904 certe
937 3837 1006 3904 vult
1061 3860 1121 3904 eus
1154 3837 1263 3985 911999
1285 3840 1384 3902 modo
1407 3858 1427 3901 a
1447 3838 1544 3901 nobis
1588 3859 1773 3904 vescanrns.
1817 3839 1944 3923 Estque
1975 3841 2143 3904 ministerii
2165 3841 2197 3904 in
2218 3838 2387 3917 Ecclesia,
2411 3845 2502 3926 quod
2522 3845 2561 3906 in

577 3927 726 4013 agnosci,
749 3937 781 3986 et
802 3943 863 3988 999
881 3927 1005 3988 moveri
1026 3923 1129 4005 ipsius
1157 3923 1191 3986 iu
1213 3923 1275 3985 rcio
1298 3935 1331 3985 et
1351 3922 1545 4008 indignatio·
1588 3926 1692 3989 stituit
1710 3923 1876 4000 Christus,
1911 3943 1989 4007 pars
2007 3927 2215 4000 necessaria,
2248 3946 2285 3987 ur·
2332 3946 2396 3989 ere

577 4033 629 4076 99.
650 4010 796 4075 Necesse
820 4023 871 4072 est
894 4009 991 4092 igitur
1013 4010 1045 4070 in
1068 4008 1164 4072 nobis
1188 4008 1336 4071 existere·
1350 4005 1544 4090 aliquam⁶⁹)
1587 4011 1673 4074 sicut
1694 4007 1816 4072 Paulus
1841 4006 1931 4072 clare
1953 4009 2056 4094 inquit
2081 4008 2186 4087 [Rom.
2211 4009 2242 4085 l,
2266 3946 2348 4087 153:
2400 3941 2561 4078 Nullamne

577 4095 813 4159 contritionem.
848 4093 899 4156 Ac
921 4111 1076 4155 vocamus
1098 4089 1351 4167 Contritlonem,
1374 4101 1409 4153 ut
1431 4087 1546 4154 119919-
1588 4091 1716 4157 velatur
1747 4095 1794 4157 99
1815 4091 1879 4157 091
1901 4094 1942 4156 de
1965 4090 2060 4157 coelo
2079 4114 2178 4177 super·
2200 4114 2328 4157 omnem
2352 4097 2562 4181 impietatem.

577 4181 627 4243 sia
647 4179 765 4243 usitate
787 4176 941 4263 loquitur,
962 4196 1107 4260 pavores
1130 4176 1546 4259 conscientiaeagnoscen-
1587 4178 1751 4242 Utendum
1770 4192 1823 4243 est
1845 4188 1952 4242 antem
1970 4198 2054 4241 voce
2075 4176 2177 4263 Legis
2192 4176 2345 4253 moralis,
2373 4193 2414 4244 ut
2433 4195 2564 4260 vocant,

577 4266 619 4328 tis
651 4265 732 4327 iram
759 4261 822 4326 Dei
852 4263 1013 4326 adversus
1046 4274 1162 4324 nostra
1194 4272 1331 4343 peccata
1353 4273 1385 4323 et
1407 4257 1545 4323 dolentis
1587 4264 1628 4325 ad
1661 4260 1747 4326 banc
1779 4263 1948 4326 ministerii
1980 4274 2116 4347 partem.
2160 4262 2222 4325 Est
2244 4266 2327 4325 eninr
2349 4261 2412 4328 lex
2437 4265 2496 4331 illa
2518 4288 2566 4332 ae

600 4360 710 4433 ropter
742 4358 923 4431 peccatum.
968 4346 1061 4409 llanc
1094 4346 1320 4410 contritionem
1366 4346 1546 4427 raecipiunt
1588 4359 1684 4411 terna
1695 4359 1727 4410 et
1747 4345 1957 4411 immutabilis
1971 4348 2135 4411 sententia
2146 4347 2209 4411 Dei
2220 4346 2404 4412 declarans
2417 4352 2566 4416 iramllei

576 4372 660 4498 1999
682 4433 785 4498 dictu:
809 4432 906 4516 Agite
928 4430 1168 4513 poenitentiam.
1212 4429 1254 4492 Et
1275 4430 1317 4492 2.
1359 4449 1408 4495 or.
1426 4430 1457 4492 7.
1482 4435 1544 4504 ivs.
1587 4433 1748 4496 aduersus
1765 4443 1948 4515 peccatum.
1970 4431 2042 4494 Etsi
2061 4434 2144 4495 enim
2157 4432 2249 4496 Deus
2268 4433 2389 4514 recipit
2402 4435 2568 4502 hominem

577 4519 623 4600 9.]
652 4515 843 4582 Contristati
876 4515 957 4580 estis
986 4517 1028 4579 ad
1050 4516 1291 4599 poenitentiam.
1337 4516 1366 4577 l.
1389 4512 1467 4580 Cor.
1493 4513 1543 4576 ll.
1588 4514 1671 4579 coni
1710 4516 1827 4580 'entem
1857 4516 1899 4578 ad
1932 4513 2111 4592 Christum,
2144 4528 2252 4579 tamen
2286 4532 2472 4596 peccatum
2507 4543 2569 4587 non

578 4599 726 4682 [vs.31.]
750 4600 797 4665 .Si
820 4621 881 4665 nos
903 4599 1121 4665 indicaremus
1142 4599 1215 4682 ipsi,
1236 4619 1303 4662 non
1327 4600 1545 4663 iudicaremur
1587 4537 1757 4684 apprulbr.
1802 4600 1878 4663 ldeo
1901 4596 2025 4663 Paulus
2048 4602 2162 4683 inquit:
2198 4600 2261 4663 Per
2282 4598 2400 4685 legem
2425 4610 2570 4693 cognitio

577 4709 597 4748 a
614 4683 766 4763 Domino,
789 4688 820 4751 id
843 4698 904 4764 est,
927 4686 956 4749 si
980 4707 1058 4750 vero
1081 4680 1196 4747 dolore
1218 4680 1436 4761 afficeremur,
1453 4684 1544 4768 agni·
1586 4686 1736 4768 peccati3
1759 4697 1789 4748 ct
1813 4702 1943 4765 semper
1975 4686 2083 4747 sonuit
2117 4686 2149 4747 in
2170 4683 2323 4748 Ecclesia
2356 4687 2444 4756 inde
2466 4713 2572 4780 nsque

577 4784 610 4833 ta
631 4771 680 4833 ira
701 4770 775 4834 Dei.
821 4768 1102 4848 1991919134
1128 4767 1275 4832 Scindite
1298 4769 1544 4844 cordavestra,
1587 4772 1628 4833 ab
1650 4770 1739 4832 initio
1760 4780 1837 4850 post
1858 4765 1999 4849 lapsum,
2022 4780 2057 4831 ut
2088 4767 2170 4832 Gen.
2194 4770 2224 4832 1.
2247 4787 2402 4853 apparet,
2430 4790 2465 4840 et
2485 4781 2574 4843 dein·

576 4867 609 4916 et
641 4875 707 4920 non
741 4857 934 4919 vestimenta
967 4866 1086 4918 vestra.
1149 4852 1262 4916 lerem.
1292 4852 1344 4914 31.
1379 4860 1441 4929 [vs.
1479 4851 1542 4930 199
1587 4874 1677 4937 ceps.

578 4934 754 5022 Postquam
797 4939 967 5002 ostendisti
999 4938 1088 5016 mibi,
1132 4939 1259 5001 ercussi
1287 4934 1393 5002 serunt·
1425 4957 1544 5017 meum,
1671 4938 1723 5000 Ac
1743 4956 1880 5019 prorsus
1904 4934 1999 5015 falsa,
2016 4938 2160 5001 absurda
2183 4953 2214 5002 et
2236 4944 2435 5022 perniciosa
2460 4948 2576 5036 imagi.

577 5019 735 5087 confusus
769 5043 839 5086 sum
874 5034 906 5084 et
940 5023 1064 5088 erubui.
1108 4960 1193 5086 ltah.
1229 5022 1256 5084 l.
1282 5027 1347 5100 [vs.
1369 5022 1416 5101 6.]
1456 5021 1543 5085 Ante
1587 5025 1673 5086 natio
1707 5032 1769 5097 est,
1788 5019 1927 5106 hugar-e
1950 5021 2074 5106 Legem
2096 5020 2174 5085 nihil
2197 5044 2272 5086 esse
2295 5038 2353 5088 rrut
2378 5049 2456 5094 non
2481 5057 2579 5119 prse-

1588 5105 1764 5170 dicandam
1796 5125 1884 5169 esse.
1929 5106 2012 5177 Quia
2041 5107 2113 5168 9199
2136 5109 2325 5189 praedicata
2349 5125 2404 5174 est
2430 5138 2501 5200 per
2523 5144 2579 5206 pa.

1587 5204 1655 5254 tres
1678 5202 1710 5253 et
1728 5191 1843 5254 deinde
1865 5189 2000 5255 terribili
2024 5210 2106 5253 voce
2128 5193 2161 5254 in
2179 5192 2256 5258 Sina
2278 5194 2441 5265 revelate
2467 5216 2503 5270 et
2527 5228 2579 5272 as.

574 805 784 872 securitatem
806 812 839 867 et
860 799 1105 887 indulgentiam.
1149 799 1219 866 llas
1236 800 1445 866 Pharisaicas
1468 805 1545 868 ima·
1587 801 1706 868 faciem
1726 804 1957 890 indignationis
1979 803 2050 868 eius
2073 804 2147 888 quis
2164 805 2285 870 stabit?
2324 804 2421 877 Quts
2446 807 2578 871 resistet

584 5197 651 5205 --.—.
664 5196 700 5204 .-0
713 5195 775 5204 ·.---e

577 5296 623 5356 tt)
641 5294 788 5359 oportuerit]
809 5294 881 5346 Editt.
903 5297 993 5344 l-to.
1014 5299 1052 5344 ι’).
1072 5299 1181 5357 oportuit
1603 5367 1615 5371 ..
1636 5362 1789 5371 „—

575 5397 621 5454 99)
638 5394 748 5452 existere
766 5394 888 5459 abnuam]
908 5397 944 5447 sic
961 5395 1033 5447 editt.
1054 5398 1094 5444 20.
1114 5399 1154 5445 22.
1174 5398 1213 5448 24.
1231 5399 1348 5452 28-32,
1369 5398 1438 5459 corp.
1460 5398 1543 5455 1-8,

643 5462 703 5524 opp.
725 5463 745 5508 t.
764 5463 801 5518 e:
820 5468 920 5514 caterae
938 5462 1026 5515 editt:
1044 5464 1152 5525 nlicnmn
1172 5467 1281 5516 existere
1587 5462 1633 5522 60)
1652 5462 1785 5527 perversa}
1803 5465 1875 5516 Editt.
1898 5468 1918 5512 1.
1937 5465 1961 5513 3.
1980 5475 2101 5527 perverse
