5859 6734
464 664 530 732 919
939 664 963 729 l.
985 663 1088 731 Loci
1109 665 1389 733 THEOLOGlCl:
1409 667 1453 732 D.
1476 666 1636 734 'l'ER'llA
1657 666 1813 736 EORUM
1834 667 1991 736 AETAS.
2412 664 2473 730 Μ

467 865 543 917 tem.
571 849 634 915 llic
656 847 798 916 affirmat
810 850 904 915 Deus
926 850 1045 917 offerre
1066 873 1105 917 se
1127 853 1319 918 beneficium
1343 855 1444 918 omni·
1573 852 1724 917 Ceterum
1757 855 1800 920 de
1829 852 1952 919 eiiectu
1973 851 2143 917 electionis
2176 864 2362 916 terreamus
2390 852 2472 919 haue

467 940 543 1014 bns,
577 937 638 999 sed
673 937 942 1005 contradicentes
974 957 1041 1002 non
1073 940 1235 1022 accipere.
1297 937 1445 1003 Econtra
1487 936 1759 1016 consolationem,
1794 937 1913 1015 Deum,
1949 938 2117 1003 volentem
2138 958 2207 1001 non
2230 937 2351 1020 perire
2373 947 2469 1002 totum

468 1021 662 1087 dulcissime
685 1022 779 1085 dicit:
801 1021 877 1084 Non
899 1032 950 1085 est
970 1021 1126 1101 volentis,
1147 1027 1256 1106 neque
1267 1026 1441 1100 currentis,
1486 1044 1592 1107 genus
1614 1023 1802 1101 humanum,
1824 1042 1955 1107 semper
1975 1035 2110 1106 propter
2131 1020 2238 1086 liliam
2260 1042 2326 1104 per
2349 1024 2470 1086 miseri·

468 1109 528 1172 sed
552 1105 615 1169 Dei
639 1107 842 1183 miserentis,
863 1107 897 1169 id
919 1118 984 1185 est,
1006 1110 1231 1173 misericordia
1253 1122 1305 1173 est
1323 1129 1444 1173 caussa
1487 1110 1632 1172 cordiam
1665 1128 1804 1184 vocare,
1838 1108 1969 1171 trahere
1990 1121 2023 1172 et
2045 1106 2203 1192 colligere
2227 1104 2423 1170 Ecclesiam
2439 1122 2469 1172 et

466 1190 652 1268 electionis,
686 1192 746 1253 sed
777 1189 865 1255 hanc
898 1194 1040 1274 oportuit
1065 1194 1100 1255 in
1121 1194 1223 1258 verbo
1247 1190 1387 1258 revelari
1410 1205 1443 1257 et
1485 1194 1635 1275 recipere
1666 1196 1898 1270 assentientes,
1930 1205 2030 1277 atque
2062 1194 2107 1255 ita
2139 1189 2231 1257 velle
2254 1210 2396 1274 semper
2416 1191 2468 1257 ali

468 1278 604 1340 verbum
628 1278 734 1358 accipi
757 1287 895 1359 oportet.
928 1276 1005 1342 ldeo
1029 1297 1190 1360 expresse
1210 1281 1364 1362 proponit
1373 1280 1443 1342 uni·
1486 1298 1585 1361 quam
1607 1296 1684 1340 esse
1702 1298 1795 1341 suam
1807 1275 2001 1354 Ecclesiam,
2046 1298 2121 1340 uam
2139 1276 2279 1340 adiuvat
2296 1275 2468 1352 etsalvat3

469 1358 645 1437 versalem‚
677 1363 817 1442 repetita
850 1363 964 1425 eadem
987 1366 1151 1428 sententia
1171 1365 1204 1427 in
1227 1375 1368 1447 utroque
1390 1383 1443 1426 ca·
1486 1365 1574 1431 sicut
1595 1360 1750 1425 Christus
1772 1364 1875 1445 inquit
1899 1361 1981 1442 [ioh.
2007 1299 2057 1438 13,
2079 1362 2121 1424 27
2143 1369 2228 1445 sq.]:
2256 1360 2350 1424 Oves
2372 1381 2466 1426 meae

491 1448 552 1510 ite:
577 1445 704 1523 (imnis,
727 1445 781 1528 qui
805 1445 910 1510 credit
931 1448 963 1509 in
986 1445 1100 1523 filium,
1122 1469 1189 1512 non
1211 1445 1442 1513 confundetur.
1484 1467 1603 1513 vocem
1624 1466 1730 1510 meam
1753 1449 1897 1524 audiunt,
1931 1459 1964 1510 et
1987 1467 2049 1530 ego
2071 1448 2147 1511 novi
2170 1464 2245 1522 ωε,
2269 1456 2304 1509 et
2323 1466 2464 1531 sequun-

468 1468 550 1595 luit
571 1531 671 1614 igitur
693 1551 766 1593 cum
789 1532 1018 1596 misericordia
1040 1553 1239 1597 concurrere
1261 1531 1443 1617 apprehen·
1484 1544 1538 1596 tur
1569 1550 1640 1608 me,
1673 1543 1705 1595 et
1726 1534 1825 1596 vitam
1847 1544 2014 1597 aeternam
2032 1534 2074 1595 do
2097 1533 2155 1613 eis,
2179 1543 2214 1594 et
2237 1550 2340 1593 nemo
2360 1533 2464 1614 rapiet

468 1617 592 1680 sionem
614 1617 647 1678 in
670 1617 852 1698 accipiente
873 1617 1136 1698 promissionem.
1485 1638 1544 1681 eas
1565 1616 1608 1679 de
1626 1637 1725 1679 manu
1746 1637 1830 1681 mea.
1864 1616 1957 1681 Haec
1980 1618 2021 1679 de
2039 1616 2156 1680 effectu
2178 1615 2362 1680 electionis
2372 1617 2464 1697 prod·

553 1697 667 1764 Sciant
689 1702 786 1763 etiam
809 1701 947 1763 studiosi
976 1700 1112 1783 phrasin
1134 1701 1329 1767 Hebraicam
1350 1702 1384 1765 in
1405 1699 1442 1764 il-
1485 1712 1538 1765 est
1570 1702 1669 1777 scire,
1702 1712 1738 1764 ut
1771 1712 1953 1765 statuamus
1981 1720 2043 1764 nos
2067 1702 2212 1765 exaudiri
2238 1711 2274 1763 et
2294 1700 2417 1777 iuvari,
2437 1711 2464 1763 et

467 1783 509 1848 lis
531 1786 654 1861 verbis,
676 1784 750 1870 Ego
774 1786 935 1849 indurabo
958 1807 1018 1849 cor
1038 1784 1234 1865 Pharaonis,
1254 1783 1442 1872 significare
1484 1788 1628 1850 sciamus
1666 1783 1849 1850 Ecclesiam
1881 1807 1902 1849 a
1934 1784 2079 1850 Diabolo
2110 1807 2178 1850 non
2210 1803 2322 1867 posse
2356 1783 2464 1848 deleri.

465 1869 734 1953 promissionem:
774 1868 848 1955 Ego
871 1871 978 1933 sinam
1000 1871 1154 1934 indurari.
1198 1870 1244 1935 Ut
1253 1871 1284 1956 ⁹)
1305 1871 1340 1936 in
1362 1891 1442 1964 quo·
1484 1869 1641 1956 Magnum
1675 1882 1844 1935 certamen
1875 1870 2039 1954 significat
2065 1869 2149 1935 haec
2170 1890 2259 1934 vox:
2286 1869 2399 1933 Nemo
2420 1890 2464 1933 ra-

466 1952 590 2015 tidiana
612 1954 824 2036 precatione:
848 1955 898 2017 Ne
920 1974 982 2017 nos
1004 1957 1142 2020 inducas
1163 1957 1196 2018 in
1218 1957 1440 2020 tentationem.
1483 1956 1550 2038 piet
1584 1975 1641 2018 eas
1665 1955 1707 2018 de
1727 1975 1826 2018 manu
1847 1975 1930 2019 mea.
1974 1952 2163 2019 Excitemus
2185 1957 2292 2039 igitur
2314 1952 2417 2018 iidem
2436 1965 2463 2018 a

465 2034 508 2099 Et
522 2049 700 2101 occurrunt
715 2042 754 2115 ¹⁰)
767 2037 917 2122 exempla
938 2042 1073 2123 passim,
1095 2060 1182 2124 quae
1204 2038 1441 2106 testanturhac
1482 2041 1675 2104 invocemus
1707 2037 1824 2104 Filium
1845 2039 1909 2103 Dei
1942 2052 2129 2103 servantem
2161 2059 2249 2105 oves
2273 2059 2373 2118 snas,
2395 2040 2464 2123 quia

465 2120 580 2267 phrasi
603 2121 766 2187 Hebraica
788 2125 981 2207 saepissime
1001 2125 1252 2209 permissionem
1275 2128 1317 2211 ¹¹)
1340 2126 1441 2211 signi·
1483 2120 1580 2189 simul
1601 2126 1697 2189 dicit:
1719 2125 1865 2189 Audiunt
1886 2144 1938 2188 me
1960 2135 1993 2188 et
2013 2136 2046 2189 et
2062 2137 2249 2207 sequuntur
2273 2142 2340 2186 me.

490 2226 567 2270 can.
1226 2257 1229 2262 .

550 2288 676 2376 Magna
698 2289 808 2377 caligo
831 2294 936 2355 estin
959 2295 1074 2357 animis
1097 2293 1274 2373 hominum,
1295 2296 1329 2357 in
1351 2314 1390 2359 co
1416 2296 1441 2356 i-

465 2375 588 2439 tatione
617 2377 658 2440 de
681 2374 767 2452 Deo,
800 2398 841 2440 ac
874 2378 947 2441 sine
973 2374 1048 2441 luce
1070 2380 1180 2442 divina
1200 2379 1351 2444 homines
1372 2316 1440 2462 ple-
1902 2375 2015 2456 ·[XV.]

465 2479 602 2542 rumque
636 2472 691 2524 aut
718 2459 842 2525 habent
874 2459 1055 2545 Epicureas
1095 2465 1344 2547 imaginationes
1382 2474 1440 2527 aut

466 2542 617 2621 Stoicas,
650 2546 682 2608 id
715 2556 777 2622 est,
811 2566 933 2630 magna
965 2567 1046 2630 pars
1074 2549 1269 2632 imaginatur
1289 2548 1440 2612 homines
1751 2542 1812 2609 DE
1833 2542 1987 2609 REGNO
2010 2542 2192 2609 CHRISTI.

464 2649 532 2695 non
565 2630 673 2694 curari
705 2650 726 2693 a
747 2629 832 2695 Deo.
866 2628 944 2703 ,Alii
973 2632 1100 2717 lingunt
1120 2632 1229 2698 Deum
1262 2635 1379 2697 sedere
1407 2635 1441 2696 in

465 2714 561 2782 coelo
580 2726 613 2778 et
634 2716 782 2778 scribere
800 2712 918 2778 fatales
940 2714 1032 2800 leges
1055 2720 1150 2799 quasi
1171 2718 1204 2779 in
1227 2715 1349 2781 tabulis
1361 2715 1438 2780 Par·
1567 2712 1784 2799 Evangelium
1817 2712 1907 2778 clarc
1939 2714 2038 2778 docet
2068 2733 2209 2798 regnum
2232 2712 2366 2778 Christi
2392 2732 2463 2778 esse

466 2821 590 2877 carum,
613 2800 795 2863 secundum
817 2819 900 2884 quas
925 2800 1004 2864 velit
1022 2802 1271 2878 distribuerem)
1303 2804 1441 2865 virtutes
1484 2795 1669 2882 spirituale,
1701 2799 1767 2863 hoc
1801 2810 1867 2877 est,
1901 2797 2068 2863 Christum
2101 2798 2221 2861 sedere
2247 2800 2297 2862 ad
2320 2800 2462 2862 dextram

465 2896 499 2949 et
520 2886 610 2961 vitia,
635 2886 719 2947 sicut
741 2883 845 2947 Stoici
872 2886 913 2948 de
935 2883 1004 2949 fato
1027 2905 1088 2949 suo
1112 2887 1308 2964 sentiebant,
1331 2897 1364 2949 et
1386 2907 1440 2950 co·
1483 2882 1592 2948 Patris
1614 2896 1647 2948 et
1664 2882 1871 2967 interpellare
1892 2904 1953 2965 pro
1975 2885 2072 2947 nobis
2094 2884 2462 2948 etdareremimionem

489 2971 572 3033 itant
594 2971 638 3032 ita
660 2964 752 3031 fatali
767 2973 806 3044 13)
829 2981 920 3034 motu
941 2967 1063 3053 impelli
1079 2968 1229 3033 Paridem
1251 2983 1284 3034 et
1305 2969 1440 3034 similes.
1483 2977 1696 3052 peccatorum
1720 2980 1752 3033 et
1763 2968 1919 3052 Spiritum
1941 2977 2091 3032 sanctum
2103 2965 2294 3046 Ecclesiae,
2314 2967 2381 3032 hoc
2402 2977 2463 3042 est,

465 2992 534 3120 Sed
544 3073 607 3116 nos
630 3053 768 3118 abiectis
790 3049 841 3117 his
865 3054 1088 3119 deliramentis
1110 3052 1272 3119 humanae
1290 3053 1352 3118 cali
1378 3057 1441 3119 inis
1485 3052 1695 3118 credentibus
1717 3054 1749 3116 in
1772 3056 1878 3137 ipsum
1900 3064 1934 3116 et
1954 3054 2183 3116 invocantibus
2207 3052 2323 3118 Deum
2344 3052 2463 3118 fiducia

464 3136 646 3204 referamus
671 3136 789 3201 oculos
812 3149 845 3202 et
867 3151 1009 3204 mentem
1031 3142 1074 3203 ad
1096 3141 1282 3204 testimonia
1304 3141 1345 3204 de
1401 3160 1440 3205 eo
1484 3138 1599 3221 ipsius,
1622 3157 1747 3221 eosque
1766 3136 1985 3215 sanctificare,
2007 3149 2044 3201 ut
2065 3138 2243 3204 resuscitet
2265 3157 2328 3201 eos
2349 3140 2380 3200 in
2401 3155 2462 3198 no-

463 3223 650 3308 proposita3
673 3221 825 3287 Sciamus
847 3223 954 3289 Deum
976 3242 1054 3288 esse
1075 3244 1180 3310 agens
1202 3245 1283 3289 vere
1303 3223 1442 3290 liberum
1485 3224 1620 3286 vissimo
1653 3224 1706 3286 die
1738 3224 1779 3287 ad
1802 3225 1900 3287 vitam
1923 3232 1955 3285 et
1977 3220 2114 3307 gloriam
2136 3232 2313 3285 aeternam.
2356 3219 2399 3282 Et
2419 3229 2458 3282 nt

363 3368 368 3386 ,
465 3320 511 3373 et>
532 3319 657 3372 tantum
691 3304 779 3371 velle
807 3309 913 3386 bona,
934 3328 998 3371 nec
1021 3306 1107 3373 velle
1128 3323 1277 3390 peccata,
1300 3322 1333 3374 et
1353 3311 1442 3394 hanc
1484 3305 1567 3370 haec
1588 3306 1749 3372 beneficia
1771 3327 2024 3392 consequamur,
2047 3306 2234 3369 ordinatum
2254 3303 2459 3369 estministe·

465 3392 669 3457 voluntatem
691 3411 786 3455 suam
808 3394 1015 3475 expressisse
1037 3416 1077 3459 ac
1095 3413 1133 3457 se
1149 3392 1349 3477 patefecisse
1370 3415 1443 3479 per·
1485 3394 1567 3455 n'um
1578 3391 1757 3471 Evangelii,
1778 3414 1839 3476 per
1860 3392 1949 3476 quod
1970 3402 2132 3456 vocantur
2151 3387 2460 3472 hominesadagni·

464 3479 590 3561 spicuis
615 3477 701 3540 etin
728 3477 858 3541 entibus
874 3480 1080 3557 testimoniis,
1092 3481 1347 3543 resuscitatione
1357 3499 1442 3543 mor·
1483 3478 1605 3540 tionem
1628 3475 1760 3541 Christi.
1804 3475 1846 3540 Et
1878 3477 2021 3560 Spiritus
2055 3486 2191 3540 sanctus
2226 3495 2289 3557 per
2309 3473 2462 3558 Evange-

464 3573 595 3627 tuorum
629 3571 661 3624 et
728 3562 787 3639 iis,
823 3573 856 3625 et
889 3560 1046 3647 alligasse
1078 3582 1140 3626 nos
1164 3565 1207 3628 ad
1228 3560 1444 3650 Evangelium
1484 3559 1563 3625 lium
1585 3571 1636 3625 est
1658 3559 1775 3626 efficax
1798 3572 1860 3626 etc.
1890 3561 2020 3625 Interim
2042 3579 2123 3624 vero
2143 3570 2224 3622 ante
2245 3560 2464 3623 novissimum

464 3668 574 3724 suum,
595 3646 630 3709 in
652 3666 718 3729 quo
742 3646 820 3709 dicit
842 3645 994 3711 Christus
1018 3645 1148 3723 {Matth
1172 3648 1229 3725 ll,
1252 3648 1334 3728 284:
1377 3648 1443 3713 Ve·
1485 3647 1571 3711 diem
1591 3643 1744 3711 Ecclesia
1765 3648 1798 3711 in
1819 3648 1941 3709 mundo
1963 3645 2104 3728 patietur
2125 3645 2407 3726 persecutionem,
2433 3651 2465 3705 et

464 3734 532 3797 nite
553 3733 595 3795 ad
617 3749 670 3794 me
692 3750 820 3809 omnes,
842 3734 897 3815 qui
919 3730 1079 3797 laboratis
1092 3745 1123 3797 et
1136 3734 1262 3797 onerati
1275 3734 1367 3812 estis,
1380 3752 1444 3817 ego
1486 3742 1581 3795 erunt
1613 3730 1691 3795 nrah
1723 3734 1819 3796 bonis
1852 3730 1986 3794 admixti
2017 3731 2051 3793 in
2083 3726 2248 3791 Ecclesia.
2294 3727 2395 3792 llaec
2416 3737 2465 3790 cst

467 3816 614 3881 reficiam
648 3836 721 3879 vos.
765 3815 886 3881 Libere
915 3829 947 3881 et
980 3836 1060 3882 vere
1081 3818 1173 3882 iuxta
1193 3819 1444 3901 promissionem
1486 3834 1566 3880 vera
1587 3826 1620 3879 et
1642 3836 1800 3901 germana
1821 3818 1984 3879 sententia
1994 3811 2164 3897 Evangelii
2186 3813 2229 3875 de
2252 3810 2464 3897 regnoChri·

465 3904 584 3985 recipit
606 3897 837 3985 confugientes
859 3902 901 3964 ad
924 3898 1036 3977 filium,
1059 3911 1092 3964 et
1113 3901 1190 3965 sinit
1212 3903 1352 3966 ruerein
1368 3901 1445 3965 hor·
1486 3901 1531 3963 sti
1551 3910 1585 3963 et
1605 3897 1789 3974 Ecclesiae.
1822 3897 1947 3982 Estque
1970 3899 2176 3962 execrandus
2199 3907 2233 3960 et
2255 3897 2464 3962 damnandus

464 3987 606 4049 rendam
628 3986 708 4047 iram
730 3996 945 4068 aspernantes
967 3982 1079 4048 filium.
1487 4004 1581 4049 error
1601 3981 1660 4047 ille
1681 3983 1833 4049 ludoicus
1856 3984 2159 4066 Anabaptistarum,
2181 3983 2237 4065 qui
2260 3981 2464 4067 finguntEc·

553 4067 796 4133 Removeamus
815 4071 914 4154 igitur
935 4090 956 4132 a
977 4064 1082 4132 Paulo
1101 4067 1234 4133 Stoicas
1253 4070 1444 4156 disputatio·
1488 4066 1622 4134 clesiam
1655 4079 1731 4133 ante
1762 4071 1977 4135 novissimum
2010 4069 2095 4131 diem
2127 4064 2275 4150 politiam
2299 4068 2463 4151 quandam

382 4219 388 4231 ,
467 4173 542 4234 nes,
575 4172 660 4239 quae
692 4150 790 4217 fidem
823 4164 856 4216 ct
885 4153 1127 4229 invocationem
1150 4165 1311 4219 evertunt.
1356 4153 1444 4226 Quo·
1485 4152 1683 4218 mundanam
1704 4152 1846 4219 futuram
1868 4173 1956 4231 esse,
1979 4155 2013 4216 in
2030 4172 2096 4235 qua
2107 4161 2245 4234 regnent
2255 4152 2303 4233 pii
2321 4164 2360 4216 et
2371 4152 2464 4217 armis

467 4240 569 4304 modo
591 4238 679 4303 enim
698 4248 810 4322 potest
832 4235 915 4302 Saul
942 4237 1077 4302 credere
1099 4250 1154 4303 aut
1175 4240 1347 4319 invocare,
1370 4260 1444 4308 cum
1487 4234 1619 4301 deleant
1652 4259 1766 4304 omnes
1797 4240 1914 4322 impios
1947 4249 1981 4301 et
2001 4247 2166 4318 occupent
2194 4237 2308 4299 omnia
2331 4235 2465 4322 imperit

469 4325 596 4390 dubitat
638 4323 868 4389 romissionem
889 4325 932 4388 ad
955 4343 992 4388 se
1012 4323 1189 4406 pertinere,
1210 4335 1268 4389 aut
1290 4345 1365 4389 cum
1387 4327 1444 4398 ob·
1487 4333 1551 4387 etc.
1933 4388 1935 4392 ,

468 4411 554 4494 repit
583 4343 643 4473 till
674 4405 789 4473 tabula
808 4405 1016 4473 Parcarum?
1047 4407 1115 4471 lam
1148 4410 1316 4474 decretum
1338 4420 1391 4473 est
1412 4420 1445 4473 te
1572 4401 1774 4491 colligemus
1802 4407 1912 4490 itaque
1942 4404 2128 4469 testimonia
2156 4404 2197 4467 de
2224 4403 2397 4486 spirituaii
2417 4423 2463 4468 re·

468 4493 682 4560 reiicieudum
709 4511 802 4571 esse,
838 4513 904 4558 non
927 4514 965 4558 es
997 4494 1142 4574 scriptus
1163 4496 1197 4557 in
1218 4514 1355 4559 numero
1378 4491 1443 4558 ele·
1485 4509 1552 4577 gno
1574 4510 1641 4553 non
1663 4487 1769 4554 solum
1791 4492 1834 4554 ad
1855 4488 2047 4554 refutandos
2063 4486 2227 4553 fanaticos
2238 4487 2460 4571 spiritns,sed

368 4576 370 4579 ⁴
469 4591 597 4645 ctorum
619 4589 682 4644 etc.
726 4576 901 4642 Adversus
923 4578 986 4641 has
1007 4579 1255 4664 imaginationes
1278 4581 1444 4644 discamus
1486 4578 1582 4640 etiam
1616 4577 1692 4660 quia
1718 4577 1855 4659 prodest
1887 4574 1949 4637 has
1971 4574 2154 4638 sententias
2176 4572 2303 4637 habere
2327 4576 2365 4639 in
2390 4593 2462 4639 con·

469 4660 671 4728 voluntatem
691 4659 756 4727 Dei
780 4683 819 4727 ex
841 4659 1039 4750 Evangelio,
1062 4683 1283 4748 agnoscamus
1305 4665 1443 4748 promis·
1485 4671 1615 4746 spectu,
1637 4671 1673 4724 ut
1694 4678 1757 4722 nos
1775 4656 1989 4724 consolentur
2011 4670 2045 4723 et
2066 4661 2252 4722 exuscitent
2274 4659 2319 4722 ad
2337 4658 2463 4724 exarat·

468 4749 595 4812 sionem
623 4765 705 4830 ,esse
725 4746 958 4828 universalem,
991 4760 1027 4812 ut
1047 4747 1130 4812 fides
1154 4759 1187 4812 et
1203 4750 1367 4815 invocatio
1389 4769 1449 4813 ac··
1486 4746 1531 4808 tia
1553 4743 1746 4830 spiritualia,
1768 4744 1811 4807 ad
1833 4744 1943 4821 fidem,
1967 4745 2009 4808 ad
2033 4745 2225 4821 orationem,
2238 4746 2283 4824 ¹⁴)
2306 4745 2355 4808 ad
2388 4762 2464 4828 poe

469 4833 565 4899 cendi
585 4834 705 4916 possit.
1485 4830 1719 4911 uitandam-¹⁶)
1761 4827 1845 4891 Nam
1877 4848 1971 4893 error
2002 4826 2057 4892 ille
2079 4828 2230 4892 iudaicus
2251 4840 2393 4909 praeter
2414 4847 2464 4894 ce-

1486 4925 1557 4979 tera
1588 4914 1795 5016 incommoda
1814 4913 1880 4977 hoc
1898 4933 2028 5015 quoqpe
2047 4912 2157 5014 habet,
2175 4913 2279 5015 ⁸quod
2301 4915 2465 4978 obscurat

485 5055 515 5118 .,
669 5051 711 5118 a
730 5053 804 5106 a
826 5056 847 5105 1-
866 5054 891 5104 ε·
908 5054 1031 5118 aava
1048 5058 1075 5106 ει
1487 4994 2467 5168 {lassataslasatasamasses

470 5154 1038 5219 10)θ“’“““’ῐ““ῑ]0”ῐῐ’·Η·θωκιιτιῃῃῐ
1487 5179 1539 5232 tes
1571 5176 1695 5231 tanturn
1726 5164 1784 5233 illa
1815 5189 1905 5233 nova
1929 5168 2066 5252 imperia
2087 5164 2331 5234 obliviscuntur
2353 5190 2468 5238 rerum

470 5259 517 5320 11)
532 5254 738 5321 permissionem]
759 5256 834 5320 corp.
854 5257 879 5306 θ.
897 5257 921 5309 t.
938 5257 1133 5320 promissionem

472 5357 516 5423 ii)
535 5357 688 5412 tllstrlbuere
705 5356 814 5412 excidit
830 5357 859 5410 in
875 5356 950 5412 etitt
971 5361 992 5413 l.
1011 5362 1035 5414 8.

469 5457 516 5524 re)
535 5460 571 5513 tu
589 5459 672 5527 rann]
691 5462 815 5514 storeae
833 5458 908 5512 etta
927 5459 999 5513 1-a.
1017 5459 1060 5525 s.;
1085 5460 1160 5513 rua
1177 5461 1201 5513 ⁴.
1218 5458 1242 5509 c.
1262 5460 1286 5511 r.
1306 5461 1345 5511 ra.
1362 5460 1389 5513 tn
1405 5459 1445 5513 ta
1491 5426 1536 5488 ¹⁴)
1552 5423 1712 5490 ΝΜ]
1732 5423 1804 5477 ΕΜ
1822 5425 1847 5473 ²·
1866 5422 1891 5472 ⁹·
1910 5434 1998 5475 ‘³⁰¹‘
2016 5426 2084 5486 ‘W
2101 5422 2297 5483 ⁰“¹¹¹¹¹‘¹⁰¹¹⁸¹”’

537 5528 598 5595 Μὴ
615 5530 717 5582 oeterae
733 5528 822 5584 editt:
838 5526 913 5581 talah
1463 5529 1470 5579 t
1490 5528 1536 5591 lt)
1551 5526 1756 5591 poemenium]
1772 5525 1844 5578 fflttt.
1864 5522 1936 5576 1-8.
1953 5520 1978 5577 6.
1995 5522 2021 5571 t.
2040 5522 2064 5577 9.
2080 5524 2235 5587 patientiam.
