<?xml version="1.0" encoding="UTF-8"?>
<!DOCTYPE html PUBLIC "-//W3C//DTD XHTML 1.0 Transitional//EN"
    "http://www.w3.org/TR/xhtml1/DTD/xhtml1-transitional.dtd">
<html xmlns="http://www.w3.org/1999/xhtml" xml:lang="en" lang="en">
 <head>
  <title>
</title>
<meta http-equiv="Content-Type" content="text/html;charset=utf-8" />
  <meta name='ocr-system' content='tesseract 3.04.00' />
  <meta name='ocr-capabilities' content='ocr_page ocr_carea ocr_par ocr_line ocrx_word'/>
</head>
<body>
  <div class='ocr_page' id='page_1' title='image "./philippimelanth08melagoog_0406.png"; bbox 0 0 5859 6734; ppageno 0'>
   <div class='ocr_carea' id='block_1_1' title="bbox 463 627 2468 709">
    <p class='ocr_par' dir='ltr' id='par_1_1' title="bbox 463 627 2468 709">
     <span class='ocr_line' id='line_1_1' title="bbox 463 627 2468 709; baseline -0.006 -3"><span class='ocrx_word' id='word_1_1' title='bbox 463 639 529 709; x_wconf 75' lang='lat' dir='ltr'><strong>rati</strong></span> <span class='ocrx_word' id='word_1_2' title='bbox 959 645 1030 702; x_wconf 52' lang='lat' dir='ltr'><strong>ess</strong></span> <span class='ocrx_word' id='word_1_3' title='bbox 1057 627 1538 700; x_wconf 67' lang='lat' dir='ltr'><strong>rpliiiatdiiiariiffliit’i&#39;a</strong></span> <span class='ocrx_word' id='word_1_4' title='bbox 1553 631 1833 701; x_wconf 62' lang='lat' dir='ltr'><strong>etiams.</strong></span> <span class='ocrx_word' id='word_1_5' title='bbox 1856 659 1859 666; x_wconf 95' lang='lat'>·</span> <span class='ocrx_word' id='word_1_6' title='bbox 1883 657 1890 670; x_wconf 94' lang='lat'><strong>·</strong></span> <span class='ocrx_word' id='word_1_7' title='bbox 1915 643 1946 698; x_wconf 74' lang='lat' dir='ltr'><strong>m</strong></span> <span class='ocrx_word' id='word_1_8' title='bbox 1975 665 1994 697; x_wconf 49' lang='grc' dir='ltr'><strong>,ε</strong></span> <span class='ocrx_word' id='word_1_9' title='bbox 2402 639 2468 706; x_wconf 70' lang='lat' dir='ltr'><strong>m</strong></span> 
     </span>
    </p>
   </div>
   <div class='ocr_carea' id='block_1_2' title="bbox 416 817 2466 5572">
    <p class='ocr_par' dir='ltr' id='par_1_2' title="bbox 416 817 2466 5572">
     <span class='ocr_line' id='line_1_2' title="bbox 464 817 2464 908; baseline -0.004 -14"><span class='ocrx_word' id='word_1_10' title='bbox 464 837 549 894; x_wconf 69' lang='lat' dir='ltr'><strong>essa?</strong></span> <span class='ocrx_word' id='word_1_11' title='bbox 562 823 621 890; x_wconf 90' lang='lat' dir='ltr'><strong>iilii</strong></span> <span class='ocrx_word' id='word_1_12' title='bbox 639 821 716 890; x_wconf 82' lang='lat' dir='ltr'><strong>nat.</strong></span> <span class='ocrx_word' id='word_1_13' title='bbox 732 857 737 872; x_wconf 89' lang='lat'>·</span> <span class='ocrx_word' id='word_1_14' title='bbox 752 818 1375 898; x_wconf 54' lang='lat' dir='ltr'><strong>&amp;scaramantico-amasenus</strong></span> <span class='ocrx_word' id='word_1_15' title='bbox 1395 833 1442 884; x_wconf 85' lang='lat' dir='ltr'><strong>te-</strong></span> <span class='ocrx_word' id='word_1_16' title='bbox 1485 821 1535 885; x_wconf 83' lang='lat' dir='ltr'><strong>de·</strong></span> <span class='ocrx_word' id='word_1_17' title='bbox 1548 817 1779 886; x_wconf 62' lang='lat' dir='ltr'><strong>macedone</strong></span> <span class='ocrx_word' id='word_1_18' title='bbox 1796 817 2226 906; x_wconf 80' lang='lat' dir='ltr'><strong>loquunturPiriiasopirioo</strong></span> <span class='ocrx_word' id='word_1_19' title='bbox 2241 839 2348 900; x_wconf 83' lang='lat' dir='ltr'><strong>mara,</strong></span> <span class='ocrx_word' id='word_1_20' title='bbox 2361 843 2464 908; x_wconf 82' lang='lat' dir='ltr'><strong>pror-</strong></span> 
     </span>
     <span class='ocr_line' id='line_1_3' title="bbox 465 865 2466 1066; baseline -0.001 -8"><span class='ocrx_word' id='word_1_21' title='bbox 465 921 612 1058; x_wconf 59' lang='lat' dir='ltr'><strong>...q</strong></span> <span class='ocrx_word' id='word_1_22' title='bbox 636 901 1442 1066; x_wconf 53' lang='lat' dir='ltr'><strong>i·⁰⁰‘··⁶mt;1.i⁰³tuta⁵⁰⁰“m⁰⁸</strong></span> <span class='ocrx_word' id='word_1_23' title='bbox 1460 865 1465 1036; x_wconf 84' lang='lat' dir='ltr'><strong>i</strong></span> <span class='ocrx_word' id='word_1_24' title='bbox 1484 913 1604 1054; x_wconf 72' lang='lat' dir='ltr'><strong>arc</strong></span> <span class='ocrx_word' id='word_1_25' title='bbox 1623 901 2466 1056; x_wconf 51' lang='lat' dir='ltr'><strong>remunerarem-*rra*</strong></span> 
     </span>
     <span class='ocr_line' id='line_1_4' title="bbox 416 1001 2465 1160; baseline -0.001 -15"><span class='ocrx_word' id='word_1_26' title='bbox 416 1151 418 1156; x_wconf 69' lang='grc'><strong>,</strong></span> <span class='ocrx_word' id='word_1_27' title='bbox 465 1009 555 1158; x_wconf 69' lang='lat' dir='ltr'><strong>llll,</strong></span> <span class='ocrx_word' id='word_1_28' title='bbox 576 1007 620 1142; x_wconf 70' lang='lat' dir='ltr'><strong>el</strong></span> <span class='ocrx_word' id='word_1_29' title='bbox 642 1009 787 1142; x_wconf 49' lang='lat' dir='ltr'><strong>iiiii</strong></span> <span class='ocrx_word' id='word_1_30' title='bbox 808 1008 927 1152; x_wconf 50' lang='lat' dir='ltr'><strong>ealle</strong></span> <span class='ocrx_word' id='word_1_31' title='bbox 943 1029 1013 1150; x_wconf 69' lang='lat' dir='ltr'><strong>asi,</strong></span> <span class='ocrx_word' id='word_1_32' title='bbox 1030 1005 1093 1136; x_wconf 55' lang='lat' dir='ltr'><strong>loll</strong></span> <span class='ocrx_word' id='word_1_33' title='bbox 1107 1009 1443 1156; x_wconf 62' lang='lat' dir='ltr'><strong>aiapffifoii&#39;l</strong></span> <span class='ocrx_word' id='word_1_34' title='bbox 1460 1043 1465 1160; x_wconf 78' lang='lat' dir='ltr'><strong>i</strong></span> <span class='ocrx_word' id='word_1_35' title='bbox 1485 1001 1841 1159; x_wconf 55' lang='lat' dir='ltr'><strong>,.m&#39;ld’aill</strong></span> <span class='ocrx_word' id='word_1_36' title='bbox 1851 1073 1941 1138; x_wconf 79' lang='lat' dir='ltr'><strong>rau</strong></span> <span class='ocrx_word' id='word_1_37' title='bbox 1954 1005 2465 1150; x_wconf 56' lang='lat' dir='ltr'><strong>rieuleauullnamaa&#39;fe&#39;</strong></span> 
     </span>
     <span class='ocr_line' id='line_1_5' title="bbox 465 1155 2464 1243; baseline -0.002 -13"><span class='ocrx_word' id='word_1_38' title='bbox 465 1163 553 1242; x_wconf 83' lang='lat' dir='ltr'><strong>boli,</strong></span> <span class='ocrx_word' id='word_1_39' title='bbox 572 1175 653 1230; x_wconf 81' lang='lat' dir='ltr'><strong>reus</strong></span> <span class='ocrx_word' id='word_1_40' title='bbox 675 1163 744 1226; x_wconf 86' lang='lat' dir='ltr'><strong>irae</strong></span> <span class='ocrx_word' id='word_1_41' title='bbox 765 1158 884 1225; x_wconf 82' lang='lat' dir='ltr'><strong>Dei-ct</strong></span> <span class='ocrx_word' id='word_1_42' title='bbox 904 1167 1060 1224; x_wconf 77' lang='lat' dir='ltr'><strong>aetarnae</strong></span> <span class='ocrx_word' id='word_1_43' title='bbox 1076 1156 1464 1242; x_wconf 51' lang='lat' dir='ltr'><strong>{tumaci-impellis?</strong></span> <span class='ocrx_word' id='word_1_44' title='bbox 1506 1161 1619 1243; x_wconf 73' lang='lat' dir='ltr'><strong>impter</strong></span> <span class='ocrx_word' id='word_1_45' title='bbox 1639 1178 1722 1222; x_wconf 84' lang='lat' dir='ltr'><strong>suas</strong></span> <span class='ocrx_word' id='word_1_46' title='bbox 1744 1160 1940 1224; x_wconf 71' lang='lat' dir='ltr'><strong>satureum</strong></span> <span class='ocrx_word' id='word_1_47' title='bbox 1961 1155 2110 1223; x_wconf 83' lang='lat' dir='ltr'><strong>afflatum</strong></span> <span class='ocrx_word' id='word_1_48' title='bbox 2132 1160 2288 1237; x_wconf 79' lang='lat' dir='ltr'><strong>divinum,</strong></span> <span class='ocrx_word' id='word_1_49' title='bbox 2308 1159 2392 1226; x_wconf 84' lang='lat' dir='ltr'><strong>nibil</strong></span> <span class='ocrx_word' id='word_1_50' title='bbox 2405 1163 2464 1226; x_wconf 80' lang='lat' dir='ltr'><strong>ad-</strong></span> 
     </span>
     <span class='ocr_line' id='line_1_6' title="bbox 465 1181 2464 1354; baseline -0.003 -40"><span class='ocrx_word' id='word_1_51' title='bbox 465 1263 518 1318; x_wconf 89' lang='lat' dir='ltr'><strong>tur</strong></span> <span class='ocrx_word' id='word_1_52' title='bbox 532 1269 554 1314; x_wconf 93' lang='lat' dir='ltr'><strong>a</strong></span> <span class='ocrx_word' id='word_1_53' title='bbox 565 1243 710 1316; x_wconf 86' lang='lat' dir='ltr'><strong>Dieboic</strong></span> <span class='ocrx_word' id='word_1_54' title='bbox 729 1245 778 1314; x_wconf 87' lang='lat' dir='ltr'><strong>ed·</strong></span> <span class='ocrx_word' id='word_1_55' title='bbox 793 1241 987 1328; x_wconf 75' lang='lat' dir='ltr'><strong>multiplicia</strong></span> <span class='ocrx_word' id='word_1_56' title='bbox 1006 1253 1160 1325; x_wconf 85' lang='lat' dir='ltr'><strong>peecata.</strong></span> <span class='ocrx_word' id='word_1_57' title='bbox 1175 1271 1182 1304; x_wconf 87' lang='lat' dir='ltr'><strong>i</strong></span> <span class='ocrx_word' id='word_1_58' title='bbox 1197 1240 1270 1306; x_wconf 87' lang='lat' dir='ltr'><strong>Hae</strong></span> <span class='ocrx_word' id='word_1_59' title='bbox 1291 1243 1441 1307; x_wconf 84' lang='lat' dir='ltr'><strong>tristiasi·</strong></span> <span class='ocrx_word' id='word_1_60' title='bbox 1459 1249 1470 1354; x_wconf 59' lang='grc' dir='ltr'><strong>,ι</strong></span> <span class='ocrx_word' id='word_1_61' title='bbox 1483 1181 1564 1308; x_wconf 70' lang='lat' dir='ltr'><strong>llam</strong></span> <span class='ocrx_word' id='word_1_62' title='bbox 1586 1244 1627 1307; x_wconf 92' lang='lat' dir='ltr'><strong>de</strong></span> <span class='ocrx_word' id='word_1_63' title='bbox 1648 1243 1843 1318; x_wconf 74' lang='lat' dir='ltr'><strong>Mediccera,</strong></span> <span class='ocrx_word' id='word_1_64' title='bbox 1866 1245 1908 1307; x_wconf 90' lang='lat' dir='ltr'><strong>da</strong></span> <span class='ocrx_word' id='word_1_65' title='bbox 1927 1243 2288 1326; x_wconf 76' lang='lat' dir='ltr'><strong>promian‘onibnaseu</strong></span> <span class='ocrx_word' id='word_1_66' title='bbox 2308 1243 2464 1332; x_wconf 70' lang='lat' dir='ltr'><strong>Evange</strong></span> 
     </span>
     <span class='ocr_line' id='line_1_7' title="bbox 466 1323 2458 1406; baseline -0.003 -6"><span class='ocrx_word' id='word_1_67' title='bbox 466 1353 539 1400; x_wconf 90' lang='lat' dir='ltr'><strong>mae</strong></span> <span class='ocrx_word' id='word_1_68' title='bbox 558 1331 825 1396; x_wconf 89' lang='lat' dir='ltr'><strong>comminationes</strong></span> <span class='ocrx_word' id='word_1_69' title='bbox 845 1326 1028 1394; x_wconf 85' lang='lat' dir='ltr'><strong>hortantur·</strong></span> <span class='ocrx_word' id='word_1_70' title='bbox 1040 1327 1169 1392; x_wconf 83' lang='lat' dir='ltr'><strong>nosad</strong></span> <span class='ocrx_word' id='word_1_71' title='bbox 1190 1323 1371 1392; x_wconf 85' lang='lat' dir='ltr'><strong>frenandos</strong></span> <span class='ocrx_word' id='word_1_72' title='bbox 1393 1329 1444 1392; x_wconf 74' lang='lat' dir='ltr'><strong>vi.</strong></span> <span class='ocrx_word' id='word_1_73' title='bbox 1460 1357 1463 1400; x_wconf 61' lang='grc' dir='ltr'><strong>ς</strong></span> <span class='ocrx_word' id='word_1_74' title='bbox 1482 1326 1544 1393; x_wconf 88' lang='lat' dir='ltr'><strong>lia·</strong></span> <span class='ocrx_word' id='word_1_75' title='bbox 1561 1339 1594 1392; x_wconf 91' lang='lat' dir='ltr'><strong>et</strong></span> <span class='ocrx_word' id='word_1_76' title='bbox 1615 1328 1657 1392; x_wconf 88' lang='lat' dir='ltr'><strong>de</strong></span> <span class='ocrx_word' id='word_1_77' title='bbox 1669 1329 1755 1391; x_wconf 90' lang='lat' dir='ltr'><strong>.·&#39;iide</strong></span> <span class='ocrx_word' id='word_1_78' title='bbox 1788 1335 1848 1391; x_wconf 84' lang='lat' dir='ltr'><strong>seu</strong></span> <span class='ocrx_word' id='word_1_79' title='bbox 1869 1328 1991 1393; x_wconf 83' lang='lat' dir='ltr'><strong>fiducia</strong></span> <span class='ocrx_word' id='word_1_80' title='bbox 2008 1327 2202 1393; x_wconf 87' lang='lat' dir='ltr'><strong>-iiiediatoris</strong></span> <span class='ocrx_word' id='word_1_81' title='bbox 2215 1350 2225 1403; x_wconf 74' lang='grc' dir='ltr'><strong>ς</strong></span> <span class='ocrx_word' id='word_1_82' title='bbox 2240 1401 2242 1406; x_wconf 65' lang='lat'><strong>,</strong></span> <span class='ocrx_word' id='word_1_83' title='bbox 2258 1331 2324 1392; x_wconf 89' lang='lat' dir='ltr'><strong>imo</strong></span> <span class='ocrx_word' id='word_1_84' title='bbox 2344 1331 2458 1395; x_wconf 89' lang='lat' dir='ltr'><strong>iubent</strong></span> 
     </span>
     <span class='ocr_line' id='line_1_8' title="bbox 468 1409 2456 1500; baseline -0.002 -18"><span class='ocrx_word' id='word_1_85' title='bbox 468 1419 574 1482; x_wconf 83' lang='lat' dir='ltr'><strong>tiosos</strong></span> <span class='ocrx_word' id='word_1_86' title='bbox 590 1418 741 1500; x_wconf 84' lang='lat' dir='ltr'><strong>impetus,</strong></span> <span class='ocrx_word' id='word_1_87' title='bbox 764 1434 806 1478; x_wconf 93' lang='lat' dir='ltr'><strong>ne</strong></span> <span class='ocrx_word' id='word_1_88' title='bbox 828 1413 1018 1478; x_wconf 72' lang='lat' dir='ltr'><strong>excidamus</strong></span> <span class='ocrx_word' id='word_1_89' title='bbox 1040 1431 1061 1474; x_wconf 86' lang='lat' dir='ltr'><strong>a</strong></span> <span class='ocrx_word' id='word_1_90' title='bbox 1079 1411 1340 1496; x_wconf 79' lang='lat' dir='ltr'><strong>demta-gratia.</strong></span> <span class='ocrx_word' id='word_1_91' title='bbox 1369 1411 1440 1476; x_wconf 87' lang='lat' dir='ltr'><strong>Nec</strong></span> <span class='ocrx_word' id='word_1_92' title='bbox 1460 1409 1464 1494; x_wconf 77' lang='lat' dir='ltr'><strong>i</strong></span> <span class='ocrx_word' id='word_1_93' title='bbox 1484 1414 1639 1477; x_wconf 78' lang='lat' dir='ltr'><strong>dubitare.</strong></span> <span class='ocrx_word' id='word_1_94' title='bbox 1655 1414 1697 1478; x_wconf 91' lang='lat' dir='ltr'><strong>de</strong></span> <span class='ocrx_word' id='word_1_95' title='bbox 1717 1409 2013 1490; x_wconf 87' lang='lat' dir='ltr'><strong>reconciliatione,</strong></span> <span class='ocrx_word' id='word_1_96' title='bbox 2035 1411 2102 1477; x_wconf 87' lang='lat' dir='ltr'><strong>boc</strong></span> <span class='ocrx_word' id='word_1_97' title='bbox 2124 1426 2186 1490; x_wconf 80' lang='lat' dir='ltr'><strong>est,</strong></span> <span class='ocrx_word' id='word_1_98' title='bbox 2213 1411 2324 1478; x_wconf 80' lang='lat' dir='ltr'><strong>delere</strong></span> <span class='ocrx_word' id='word_1_99' title='bbox 2346 1413 2456 1478; x_wconf 83' lang='lat' dir='ltr'><strong>Eran-</strong></span> 
     </span>
     <span class='ocr_line' id='line_1_9' title="bbox 468 1494 2350 1586; baseline -0.001 -20"><span class='ocrx_word' id='word_1_100' title='bbox 468 1521 551 1586; x_wconf 88' lang='lat' dir='ltr'><strong>opus</strong></span> <span class='ocrx_word' id='word_1_101' title='bbox 580 1511 631 1564; x_wconf 89' lang='lat' dir='ltr'><strong>est</strong></span> <span class='ocrx_word' id='word_1_102' title='bbox 658 1497 723 1564; x_wconf 91' lang='lat' dir='ltr'><strong>iruc</strong></span> <span class='ocrx_word' id='word_1_103' title='bbox 737 1498 870 1568; x_wconf 74' lang='lat' dir='ltr'><strong>&#39;afferre</strong></span> <span class='ocrx_word' id='word_1_104' title='bbox 891 1496 1133 1579; x_wconf 71' lang='lat' dir='ltr'><strong>disputationes</strong></span> <span class='ocrx_word' id='word_1_105' title='bbox 1156 1496 1441 1580; x_wconf 83' lang='lat' dir='ltr'><strong>depraedestina·</strong></span> <span class='ocrx_word' id='word_1_106' title='bbox 1460 1499 1464 1566; x_wconf 95' lang='grc' dir='ltr'>Ι</span> <span class='ocrx_word' id='word_1_107' title='bbox 1484 1495 1605 1584; x_wconf 75' lang='lat' dir='ltr'><strong>gellam</strong></span> <span class='ocrx_word' id='word_1_108' title='bbox 1627 1508 1660 1562; x_wconf 89' lang='lat' dir='ltr'><strong>et</strong></span> <span class='ocrx_word' id='word_1_109' title='bbox 1681 1499 1932 1582; x_wconf 77' lang='lat' dir='ltr'><strong>promissionem</strong></span> <span class='ocrx_word' id='word_1_110' title='bbox 1955 1509 1988 1560; x_wconf 89' lang='lat' dir='ltr'><strong>et</strong></span> <span class='ocrx_word' id='word_1_111' title='bbox 2009 1494 2151 1580; x_wconf 87' lang='lat' dir='ltr'><strong>sepelire</strong></span> <span class='ocrx_word' id='word_1_112' title='bbox 2173 1495 2350 1564; x_wconf 77' lang='lat' dir='ltr'><strong>Christum.</strong></span> 
     </span>
     <span class='ocr_line' id='line_1_10' title="bbox 468 1571 2457 1668; baseline -0.002 -16"><span class='ocrx_word' id='word_1_113' title='bbox 468 1587 567 1664; x_wconf 90' lang='lat' dir='ltr'><strong>tione,</strong></span> <span class='ocrx_word' id='word_1_114' title='bbox 588 1586 649 1649; x_wconf 92' lang='lat' dir='ltr'><strong>sed</strong></span> <span class='ocrx_word' id='word_1_115' title='bbox 670 1585 849 1650; x_wconf 89' lang='lat' dir='ltr'><strong>iudicemus</strong></span> <span class='ocrx_word' id='word_1_116' title='bbox 873 1583 914 1646; x_wconf 92' lang='lat' dir='ltr'><strong>de</strong></span> <span class='ocrx_word' id='word_1_117' title='bbox 937 1578 1107 1648; x_wconf 84' lang='lat' dir='ltr'><strong>voluntate</strong></span> <span class='ocrx_word' id='word_1_118' title='bbox 1118 1580 1183 1646; x_wconf 89' lang='lat' dir='ltr'><strong>Dei</strong></span> <span class='ocrx_word' id='word_1_119' title='bbox 1205 1571 1464 1674; x_wconf 77' lang='lat' dir='ltr'><strong>experspicaci</strong></span> <span class='ocrx_word' id='word_1_120' title='bbox 1492 1591 1518 1634; x_wconf 79' lang='lat'><strong>5··</strong></span> <span class='ocrx_word' id='word_1_121' title='bbox 1543 1589 1549 1620; x_wconf 80' lang='lat'>²</span> <span class='ocrx_word' id='word_1_122' title='bbox 1570 1581 1709 1654; x_wconf 83' lang='lat' dir='ltr'><strong>Quoties</strong></span> <span class='ocrx_word' id='word_1_123' title='bbox 1740 1583 1840 1668; x_wconf 82' lang='lat' dir='ltr'><strong>igitur</strong></span> <span class='ocrx_word' id='word_1_124' title='bbox 1872 1583 1962 1646; x_wconf 86' lang='lat' dir='ltr'><strong>venit</strong></span> <span class='ocrx_word' id='word_1_125' title='bbox 1989 1583 2022 1645; x_wconf 95' lang='lat' dir='ltr'><strong>in</strong></span> <span class='ocrx_word' id='word_1_126' title='bbox 2044 1596 2189 1647; x_wconf 85' lang='lat' dir='ltr'><strong>mentem·</strong></span> <span class='ocrx_word' id='word_1_127' title='bbox 2205 1583 2305 1649; x_wconf 86' lang='lat' dir='ltr'><strong>buius</strong></span> <span class='ocrx_word' id='word_1_128' title='bbox 2326 1596 2457 1649; x_wconf 91' lang='lat' dir='ltr'><strong>contro·</strong></span> 
     </span>
     <span class='ocr_line' id='line_1_11' title="bbox 469 1664 2460 1772; baseline -0.001 -36"><span class='ocrx_word' id='word_1_129' title='bbox 469 1672 570 1736; x_wconf 84' lang='lat' dir='ltr'><strong>verbo</strong></span> <span class='ocrx_word' id='word_1_130' title='bbox 592 1669 667 1735; x_wconf 86' lang='lat' dir='ltr'><strong>Dei.</strong></span> <span class='ocrx_word' id='word_1_131' title='bbox 1255 1695 1260 1748; x_wconf 77' lang='lat'>;</span> <span class='ocrx_word' id='word_1_132' title='bbox 1375 1689 1380 1698; x_wconf 93' lang='lat'>·</span> <span class='ocrx_word' id='word_1_133' title='bbox 1431 1679 1464 1772; x_wconf 62' lang='lat' dir='ltr'><strong>q</strong></span> <span class='ocrx_word' id='word_1_134' title='bbox 1485 1669 1631 1744; x_wconf 79' lang='lat' dir='ltr'><strong>versiae,-</strong></span> <span class='ocrx_word' id='word_1_135' title='bbox 1650 1664 1899 1742; x_wconf 63' lang='lat' dir='ltr'><strong>resecandos</strong></span> <span class='ocrx_word' id='word_1_136' title='bbox 1931 1667 1975 1730; x_wconf 84' lang='lat' dir='ltr'><strong>ad</strong></span> <span class='ocrx_word' id='word_1_137' title='bbox 2007 1667 2097 1731; x_wconf 89' lang='lat' dir='ltr'><strong>hunc</strong></span> <span class='ocrx_word' id='word_1_138' title='bbox 2118 1687 2271 1770; x_wconf 78' lang='lat' dir='ltr'><strong>scopum:</strong></span> <span class='ocrx_word' id='word_1_139' title='bbox 2314 1665 2402 1734; x_wconf 81' lang='lat' dir='ltr'><strong>(lum</strong></span> <span class='ocrx_word' id='word_1_140' title='bbox 2423 1691 2460 1734; x_wconf 86' lang='lat' dir='ltr'><strong>re</strong></span> 
     </span>
     <span class='ocr_line' id='line_1_12' title="bbox 1061 1751 2333 1835; baseline -0.002 -15"><span class='ocrx_word' id='word_1_141' title='bbox 1061 1781 1065 1788; x_wconf 94' lang='lat'><em>·</em></span> <span class='ocrx_word' id='word_1_142' title='bbox 1095 1783 1098 1788; x_wconf 95' lang='lat'>·</span> <span class='ocrx_word' id='word_1_143' title='bbox 1441 1779 1464 1820; x_wconf 82' lang='lat' dir='ltr'><strong>&#39;t</strong></span> <span class='ocrx_word' id='word_1_144' title='bbox 1485 1753 1616 1835; x_wconf 64' lang='lat' dir='ltr'><strong>iperet</strong></span> <span class='ocrx_word' id='word_1_145' title='bbox 1635 1771 1715 1816; x_wconf 81' lang='lat' dir='ltr'><strong>vera</strong></span> <span class='ocrx_word' id='word_1_146' title='bbox 1736 1751 1968 1828; x_wconf 81' lang='lat' dir='ltr'><strong>hocdicatnr,</strong></span> <span class='ocrx_word' id='word_1_147' title='bbox 2001 1754 2333 1818; x_wconf 72' lang='lat' dir='ltr'><strong>necessarirrnesse·</strong></span> 
     </span>
     <span class='ocr_line' id='line_1_13' title="bbox 1359 1831 2314 1952; baseline 0 -50"><span class='ocrx_word' id='word_1_148' title='bbox 1359 1887 1363 1894; x_wconf 89' lang='lat'><strong>.</strong></span> <span class='ocrx_word' id='word_1_149' title='bbox 1460 1831 1631 1952; x_wconf 58' lang='lat' dir='ltr'><strong>itatiarm</strong></span> <span class='ocrx_word' id='word_1_150' title='bbox 1657 1848 1697 1901; x_wconf 83' lang='lat' dir='ltr'><strong>et</strong></span> <span class='ocrx_word' id='word_1_151' title='bbox 1726 1839 2096 1920; x_wconf 69' lang='lat' dir='ltr'><strong>tamenlnospropter</strong></span> <span class='ocrx_word' id='word_1_152' title='bbox 2128 1835 2227 1902; x_wconf 85' lang='lat' dir='ltr'><strong>lilium</strong></span> <span class='ocrx_word' id='word_1_153' title='bbox 2248 1835 2314 1902; x_wconf 87' lang='lat' dir='ltr'><strong>Dei</strong></span> 
     </span>
     <span class='ocr_line' id='line_1_14' title="bbox 557 1919 2459 2005; baseline -0.001 -16"><span class='ocrx_word' id='word_1_154' title='bbox 557 1923 620 1990; x_wconf 84' lang='lat' dir='ltr'><strong>DE</strong></span> <span class='ocrx_word' id='word_1_155' title='bbox 641 1920 928 1988; x_wconf 70' lang='lat' dir='ltr'><strong>decurtastis</strong></span> <span class='ocrx_word' id='word_1_156' title='bbox 949 1919 1350 1987; x_wconf 72' lang='lat' dir='ltr'><strong>anvaassrticacm.</strong></span> <span class='ocrx_word' id='word_1_157' title='bbox 1414 1957 1417 1962; x_wconf 95' lang='lat'>·</span> <span class='ocrx_word' id='word_1_158' title='bbox 1461 1921 1731 2000; x_wconf 83' lang='lat' dir='ltr'><strong>·remissionerrr,·</strong></span> <span class='ocrx_word' id='word_1_159' title='bbox 1745 1919 1878 2005; x_wconf 80' lang='lat' dir='ltr'><strong>plaeere</strong></span> <span class='ocrx_word' id='word_1_160' title='bbox 1900 1931 1935 1986; x_wconf 93' lang='lat' dir='ltr'><strong>et</strong></span> <span class='ocrx_word' id='word_1_161' title='bbox 1955 1922 2120 1997; x_wconf 78' lang='lat' dir='ltr'><strong>exaudiri3</strong></span> <span class='ocrx_word' id='word_1_162' title='bbox 2140 1923 2279 1986; x_wconf 83' lang='lat' dir='ltr'><strong>tribuam</strong></span> <span class='ocrx_word' id='word_1_163' title='bbox 2303 1920 2374 1987; x_wconf 89' lang='lat' dir='ltr'><strong>iilic</strong></span> <span class='ocrx_word' id='word_1_164' title='bbox 2395 1921 2459 1988; x_wconf 82' lang='lat' dir='ltr'><strong>Ilei</strong></span> 
     </span>
     <span class='ocr_line' id='line_1_15' title="bbox 950 1975 2461 2091; baseline 0.001 -20"><span class='ocrx_word' id='word_1_165' title='bbox 950 2041 954 2048; x_wconf 93' lang='lat'><em>·</em></span> <span class='ocrx_word' id='word_1_166' title='bbox 983 2019 987 2030; x_wconf 87' lang='lat'>&#39;</span> <span class='ocrx_word' id='word_1_167' title='bbox 1460 1975 1580 2072; x_wconf 73' lang='lat' dir='ltr'><strong>lsrrrrnr</strong></span> <span class='ocrx_word' id='word_1_168' title='bbox 1612 2005 1784 2083; x_wconf 88' lang='lat' dir='ltr'><strong>honorem,</strong></span> <span class='ocrx_word' id='word_1_169' title='bbox 1817 2019 1850 2071; x_wconf 91' lang='lat' dir='ltr'><strong>et</strong></span> <span class='ocrx_word' id='word_1_170' title='bbox 1877 2005 1942 2070; x_wconf 89' lang='lat' dir='ltr'><strong>hac</strong></span> <span class='ocrx_word' id='word_1_171' title='bbox 1963 2006 2029 2070; x_wconf 90' lang='lat' dir='ltr'><strong>iide</strong></span> <span class='ocrx_word' id='word_1_172' title='bbox 2051 2026 2111 2072; x_wconf 90' lang='lat' dir='ltr'><strong>seu</strong></span> <span class='ocrx_word' id='word_1_173' title='bbox 2134 2005 2253 2071; x_wconf 84' lang='lat' dir='ltr'><strong>fiducia</strong></span> <span class='ocrx_word' id='word_1_174' title='bbox 2273 2009 2461 2091; x_wconf 87' lang='lat' dir='ltr'><strong>promissae</strong></span> 
     </span>
     <span class='ocr_line' id='line_1_16' title="bbox 554 2089 2460 2176; baseline -0.001 -19"><span class='ocrx_word' id='word_1_175' title='bbox 554 2093 659 2160; x_wconf 89' lang='lat' dir='ltr'><strong>Plane</strong></span> <span class='ocrx_word' id='word_1_176' title='bbox 685 2105 719 2156; x_wconf 87' lang='lat' dir='ltr'><strong>et</strong></span> <span class='ocrx_word' id='word_1_177' title='bbox 745 2090 834 2156; x_wconf 79' lang='lat' dir='ltr'><strong>clare</strong></span> <span class='ocrx_word' id='word_1_178' title='bbox 862 2093 1038 2170; x_wconf 78' lang='lat' dir='ltr'><strong>docemus,</strong></span> <span class='ocrx_word' id='word_1_179' title='bbox 1071 2102 1224 2176; x_wconf 83' lang='lat' dir='ltr'><strong>oportere</strong></span> <span class='ocrx_word' id='word_1_180' title='bbox 1252 2091 1286 2155; x_wconf 92' lang='lat' dir='ltr'><strong>in</strong></span> <span class='ocrx_word' id='word_1_181' title='bbox 1307 2091 1441 2156; x_wconf 89' lang='lat' dir='ltr'><strong>homine</strong></span> <span class='ocrx_word' id='word_1_182' title='bbox 1484 2091 1730 2172; x_wconf 85' lang='lat' dir='ltr'><strong>misericordiae</strong></span> <span class='ocrx_word' id='word_1_183' title='bbox 1760 2089 1870 2156; x_wconf 87' lang='lat' dir='ltr'><strong>Deum</strong></span> <span class='ocrx_word' id='word_1_184' title='bbox 1907 2093 2088 2167; x_wconf 83' lang='lat' dir='ltr'><strong>invocabo;</strong></span> <span class='ocrx_word' id='word_1_185' title='bbox 2131 2093 2217 2157; x_wconf 89' lang='lat' dir='ltr'><strong>sient</strong></span> <span class='ocrx_word' id='word_1_186' title='bbox 2250 2091 2375 2158; x_wconf 88' lang='lat' dir='ltr'><strong>dictmn</strong></span> <span class='ocrx_word' id='word_1_187' title='bbox 2410 2107 2460 2157; x_wconf 76' lang='lat' dir='ltr'><strong>est</strong></span> 
     </span>
     <span class='ocr_line' id='line_1_17' title="bbox 471 2173 2460 2260; baseline -0.002 -16"><span class='ocrx_word' id='word_1_188' title='bbox 471 2181 612 2244; x_wconf 88' lang='lat' dir='ltr'><strong>existere</strong></span> <span class='ocrx_word' id='word_1_189' title='bbox 637 2180 784 2248; x_wconf 84' lang='lat' dir='ltr'><strong>notitiam</strong></span> <span class='ocrx_word' id='word_1_190' title='bbox 810 2173 1020 2242; x_wconf 89' lang='lat' dir='ltr'><strong>articulorum</strong></span> <span class='ocrx_word' id='word_1_191' title='bbox 1048 2175 1140 2254; x_wconf 82' lang='lat' dir='ltr'><strong>fidei3</strong></span> <span class='ocrx_word' id='word_1_192' title='bbox 1168 2176 1249 2241; x_wconf 90' lang='lat' dir='ltr'><strong>ltem</strong></span> <span class='ocrx_word' id='word_1_193' title='bbox 1271 2177 1441 2241; x_wconf 77' lang='lat' dir='ltr'><strong>contritio·</strong></span> <span class='ocrx_word' id='word_1_194' title='bbox 1485 2173 1567 2256; x_wconf 87' lang='lat' dir='ltr'><strong>[ioh.</strong></span> <span class='ocrx_word' id='word_1_195' title='bbox 1593 2173 1753 2254; x_wconf 81' lang='lat' dir='ltr'><strong>15,1o.]=</strong></span> <span class='ocrx_word' id='word_1_196' title='bbox 1782 2173 1946 2260; x_wconf 83' lang='lat' dir='ltr'><strong>Quicquid</strong></span> <span class='ocrx_word' id='word_1_197' title='bbox 1966 2175 2126 2259; x_wconf 85' lang='lat' dir='ltr'><strong>petieritis</strong></span> <span class='ocrx_word' id='word_1_198' title='bbox 2147 2173 2282 2242; x_wconf 79' lang='lat' dir='ltr'><strong>Patrem</strong></span> <span class='ocrx_word' id='word_1_199' title='bbox 2304 2177 2340 2242; x_wconf 91' lang='lat' dir='ltr'><strong>in</strong></span> <span class='ocrx_word' id='word_1_200' title='bbox 2357 2179 2460 2242; x_wconf 88' lang='lat' dir='ltr'><strong>nomi-</strong></span> 
     </span>
     <span class='ocr_line' id='line_1_18' title="bbox 469 2257 2458 2346; baseline -0.002 -18"><span class='ocrx_word' id='word_1_201' title='bbox 469 2283 559 2334; x_wconf 87' lang='lat' dir='ltr'><strong>nem,</strong></span> <span class='ocrx_word' id='word_1_202' title='bbox 593 2265 713 2328; x_wconf 86' lang='lat' dir='ltr'><strong>bonum</strong></span> <span class='ocrx_word' id='word_1_203' title='bbox 735 2262 957 2346; x_wconf 85' lang='lat' dir='ltr'><strong>propositum,</strong></span> <span class='ocrx_word' id='word_1_204' title='bbox 992 2281 1032 2325; x_wconf 90' lang='lat' dir='ltr'><strong>ac</strong></span> <span class='ocrx_word' id='word_1_205' title='bbox 1053 2260 1202 2326; x_wconf 88' lang='lat' dir='ltr'><strong>inciroari</strong></span> <span class='ocrx_word' id='word_1_206' title='bbox 1219 2261 1439 2327; x_wconf 86' lang='lat' dir='ltr'><strong>dilectionem.</strong></span> <span class='ocrx_word' id='word_1_207' title='bbox 1483 2281 1526 2326; x_wconf 88' lang='lat' dir='ltr'><strong>ne</strong></span> <span class='ocrx_word' id='word_1_208' title='bbox 1557 2279 1648 2339; x_wconf 88' lang='lat' dir='ltr'><strong>mco,</strong></span> <span class='ocrx_word' id='word_1_209' title='bbox 1680 2261 1804 2340; x_wconf 87' lang='lat' dir='ltr'><strong>idest,</strong></span> <span class='ocrx_word' id='word_1_210' title='bbox 1836 2259 1957 2326; x_wconf 88' lang='lat' dir='ltr'><strong>fiducia</strong></span> <span class='ocrx_word' id='word_1_211' title='bbox 1989 2258 2056 2326; x_wconf 87' lang='lat' dir='ltr'><strong>filii.</strong></span> <span class='ocrx_word' id='word_1_212' title='bbox 2101 2260 2180 2332; x_wconf 87' lang='lat' dir='ltr'><strong>itam</strong></span> <span class='ocrx_word' id='word_1_213' title='bbox 2210 2257 2316 2336; x_wconf 78' lang='lat' dir='ltr'><strong>[Rom.</strong></span> <span class='ocrx_word' id='word_1_214' title='bbox 2340 2261 2373 2339; x_wconf 86' lang='lat'><strong>5,</strong></span> <span class='ocrx_word' id='word_1_215' title='bbox 2395 2261 2458 2344; x_wconf 57' lang='lat'><strong>24:</strong></span> 
     </span>
     <span class='ocr_line' id='line_1_19' title="bbox 469 2341 2461 2429; baseline -0.001 -17"><span class='ocrx_word' id='word_1_216' title='bbox 469 2347 522 2412; x_wconf 85' lang='lat' dir='ltr'><strong>De</strong></span> <span class='ocrx_word' id='word_1_217' title='bbox 547 2345 600 2412; x_wconf 89' lang='lat' dir='ltr'><strong>his</strong></span> <span class='ocrx_word' id='word_1_218' title='bbox 629 2349 783 2413; x_wconf 89' lang='lat' dir='ltr'><strong>dimicant</strong></span> <span class='ocrx_word' id='word_1_219' title='bbox 810 2347 1009 2423; x_wconf 88' lang='lat' dir='ltr'><strong>adversarii,</strong></span> <span class='ocrx_word' id='word_1_220' title='bbox 1043 2366 1130 2429; x_wconf 89' lang='lat' dir='ltr'><strong>quae</strong></span> <span class='ocrx_word' id='word_1_221' title='bbox 1162 2359 1271 2414; x_wconf 69' lang='lat' dir='ltr'><strong>amen</strong></span> <span class='ocrx_word' id='word_1_222' title='bbox 1299 2342 1441 2411; x_wconf 82' lang='lat' dir='ltr'><strong>fatemur</strong></span> <span class='ocrx_word' id='word_1_223' title='bbox 1483 2341 1658 2422; x_wconf 71' lang='lat' dir='ltr'><strong>Perhunc</strong></span> <span class='ocrx_word' id='word_1_224' title='bbox 1679 2344 1838 2422; x_wconf 83' lang='lat' dir='ltr'><strong>habemus</strong></span> <span class='ocrx_word' id='word_1_225' title='bbox 1860 2364 2033 2426; x_wconf 86' lang='lat' dir='ltr'><strong>accessum</strong></span> <span class='ocrx_word' id='word_1_226' title='bbox 2055 2345 2098 2418; x_wconf 91' lang='lat' dir='ltr'><strong>ad</strong></span> <span class='ocrx_word' id='word_1_227' title='bbox 2115 2343 2254 2410; x_wconf 89' lang='lat' dir='ltr'><strong>Patrem.</strong></span> <span class='ocrx_word' id='word_1_228' title='bbox 2282 2343 2329 2410; x_wconf 91' lang='lat' dir='ltr'><strong>Ut</strong></span> <span class='ocrx_word' id='word_1_229' title='bbox 2352 2357 2461 2412; x_wconf 89' lang='lat' dir='ltr'><strong>autern</strong></span> 
     </span>
     <span class='ocr_line' id='line_1_20' title="bbox 469 2425 2460 2516; baseline 0.001 -21"><span class='ocrx_word' id='word_1_230' title='bbox 469 2434 532 2516; x_wconf 86' lang='lat' dir='ltr'><strong>ipsi</strong></span> <span class='ocrx_word' id='word_1_231' title='bbox 562 2433 596 2496; x_wconf 94' lang='lat' dir='ltr'><strong>in</strong></span> <span class='ocrx_word' id='word_1_232' title='bbox 627 2431 759 2496; x_wconf 86' lang='lat' dir='ltr'><strong>ironrine</strong></span> <span class='ocrx_word' id='word_1_233' title='bbox 791 2441 945 2515; x_wconf 89' lang='lat' dir='ltr'><strong>oportere</strong></span> <span class='ocrx_word' id='word_1_234' title='bbox 977 2432 1131 2494; x_wconf 84' lang='lat' dir='ltr'><strong>existere.</strong></span> <span class='ocrx_word' id='word_1_235' title='bbox 1174 2431 1244 2497; x_wconf 88' lang='lat' dir='ltr'><strong>Sed</strong></span> <span class='ocrx_word' id='word_1_236' title='bbox 1275 2431 1439 2508; x_wconf 81' lang='lat' dir='ltr'><strong>addimus,</strong></span> <span class='ocrx_word' id='word_1_237' title='bbox 1484 2429 1623 2496; x_wconf 88' lang='lat' dir='ltr'><strong>studiosi</strong></span> <span class='ocrx_word' id='word_1_238' title='bbox 1655 2431 1720 2496; x_wconf 89' lang='lat' dir='ltr'><strong>sint</strong></span> <span class='ocrx_word' id='word_1_239' title='bbox 1741 2431 1968 2506; x_wconf 81' lang='lat' dir='ltr'><strong>instructiores</strong></span> <span class='ocrx_word' id='word_1_240' title='bbox 1990 2431 2034 2495; x_wconf 88' lang='lat' dir='ltr'><strong>ad</strong></span> <span class='ocrx_word' id='word_1_241' title='bbox 2057 2425 2228 2498; x_wconf 70' lang='lat' dir='ltr'><strong>resumnda</strong></span> <span class='ocrx_word' id='word_1_242' title='bbox 2250 2431 2460 2497; x_wconf 85' lang='lat' dir='ltr'><strong>adversario·</strong></span> 
     </span>
     <span class='ocr_line' id='line_1_21' title="bbox 470 2513 2464 2604; baseline 0.001 -24"><span class='ocrx_word' id='word_1_243' title='bbox 470 2517 631 2602; x_wconf 76' lang='lat' dir='ltr'><strong>oportere</strong></span> <span class='ocrx_word' id='word_1_244' title='bbox 652 2519 815 2581; x_wconf 84' lang='lat' dir='ltr'><strong>accedere</strong></span> <span class='ocrx_word' id='word_1_245' title='bbox 834 2513 951 2593; x_wconf 86' lang='lat' dir='ltr'><strong>fidem,</strong></span> <span class='ocrx_word' id='word_1_246' title='bbox 975 2514 1016 2578; x_wconf 90' lang='lat' dir='ltr'><strong>&#39;id</strong></span> <span class='ocrx_word' id='word_1_247' title='bbox 1038 2527 1108 2593; x_wconf 90' lang='lat' dir='ltr'><strong>est,</strong></span> <span class='ocrx_word' id='word_1_248' title='bbox 1140 2514 1293 2582; x_wconf 90' lang='lat' dir='ltr'><strong>iiduciam</strong></span> <span class='ocrx_word' id='word_1_249' title='bbox 1313 2517 1438 2580; x_wconf 87' lang='lat' dir='ltr'><strong>miseri·</strong></span> <span class='ocrx_word' id='word_1_250' title='bbox 1482 2537 1554 2582; x_wconf 91' lang='lat' dir='ltr'><strong>rum</strong></span> <span class='ocrx_word' id='word_1_251' title='bbox 1576 2517 1786 2604; x_wconf 85' lang='lat' dir='ltr'><strong>argumenta,</strong></span> <span class='ocrx_word' id='word_1_252' title='bbox 1808 2513 1922 2580; x_wconf 90' lang='lat' dir='ltr'><strong>ordine</strong></span> <span class='ocrx_word' id='word_1_253' title='bbox 1942 2515 2120 2602; x_wconf 88' lang='lat' dir='ltr'><strong>praecipua</strong></span> <span class='ocrx_word' id='word_1_254' title='bbox 2142 2517 2326 2582; x_wconf 82' lang='lat' dir='ltr'><strong>recensebo</strong></span> <span class='ocrx_word' id='word_1_255' title='bbox 2351 2530 2384 2580; x_wconf 90' lang='lat' dir='ltr'><strong>et</strong></span> <span class='ocrx_word' id='word_1_256' title='bbox 2406 2535 2464 2582; x_wconf 82' lang='lat' dir='ltr'><strong>cs·</strong></span> 
     </span>
     <span class='ocr_line' id='line_1_22' title="bbox 471 2595 1627 2685; baseline -0.003 -18"><span class='ocrx_word' id='word_1_257' title='bbox 471 2602 614 2680; x_wconf 90' lang='lat' dir='ltr'><strong>cordiae,</strong></span> <span class='ocrx_word' id='word_1_258' title='bbox 636 2602 870 2685; x_wconf 84' lang='lat' dir='ltr'><strong>quodpropter</strong></span> <span class='ocrx_word' id='word_1_259' title='bbox 886 2597 989 2664; x_wconf 88' lang='lat' dir='ltr'><strong>iilirun</strong></span> <span class='ocrx_word' id='word_1_260' title='bbox 1001 2598 1257 2666; x_wconf 88' lang='lat' dir='ltr'><strong>Deiirebeamus</strong></span> <span class='ocrx_word' id='word_1_261' title='bbox 1274 2602 1439 2665; x_wconf 83' lang='lat' dir='ltr'><strong>remissio·</strong></span> <span class='ocrx_word' id='word_1_262' title='bbox 1483 2595 1627 2685; x_wconf 86' lang='lat' dir='ltr'><strong>plicabo.</strong></span> 
     </span>
     <span class='ocr_line' id='line_1_23' title="bbox 470 2683 1439 2770; baseline -0.004 -20"><span class='ocrx_word' id='word_1_263' title='bbox 470 2707 544 2752; x_wconf 89' lang='lat' dir='ltr'><strong>nam</strong></span> <span class='ocrx_word' id='word_1_264' title='bbox 564 2697 794 2770; x_wconf 86' lang='lat' dir='ltr'><strong>peccatorum,</strong></span> <span class='ocrx_word' id='word_1_265' title='bbox 816 2704 885 2748; x_wconf 90' lang='lat' dir='ltr'><strong>non</strong></span> <span class='ocrx_word' id='word_1_266' title='bbox 901 2694 1037 2767; x_wconf 91' lang='lat' dir='ltr'><strong>propter</strong></span> <span class='ocrx_word' id='word_1_267' title='bbox 1052 2683 1114 2749; x_wconf 90' lang='lat' dir='ltr'><strong>has</strong></span> <span class='ocrx_word' id='word_1_268' title='bbox 1132 2697 1266 2749; x_wconf 86' lang='lat' dir='ltr'><strong>nostras</strong></span> <span class='ocrx_word' id='word_1_269' title='bbox 1288 2687 1439 2749; x_wconf 66' lang='lat' dir='ltr'><strong>uirtutes.</strong></span> 
     </span>
     <span class='ocr_line' id='line_1_24' title="bbox 470 2769 2062 2920; baseline -0.003 -85"><span class='ocrx_word' id='word_1_270' title='bbox 470 2770 536 2920; x_wconf 54' lang='lat' dir='ltr'><strong>qpsi</strong></span> <span class='ocrx_word' id='word_1_271' title='bbox 563 2783 700 2836; x_wconf 88' lang='lat' dir='ltr'><strong>econtra</strong></span> <span class='ocrx_word' id='word_1_272' title='bbox 720 2770 849 2846; x_wconf 89' lang='lat' dir='ltr'><strong>dicunt,</strong></span> <span class='ocrx_word' id='word_1_273' title='bbox 881 2769 1092 2833; x_wconf 88' lang='lat' dir='ltr'><strong>dubitandum</strong></span> <span class='ocrx_word' id='word_1_274' title='bbox 1120 2789 1213 2848; x_wconf 89' lang='lat' dir='ltr'><strong>esse,</strong></span> <span class='ocrx_word' id='word_1_275' title='bbox 1247 2781 1280 2833; x_wconf 91' lang='lat' dir='ltr'><strong>et</strong></span> <span class='ocrx_word' id='word_1_276' title='bbox 1301 2769 1440 2834; x_wconf 75' lang='lat' dir='ltr'><strong>adduntr</strong></span> <span class='ocrx_word' id='word_1_277' title='bbox 1663 2843 1665 2848; x_wconf 23' lang='grc' dir='ltr'>Ι</span> <span class='ocrx_word' id='word_1_278' title='bbox 1880 2787 2062 2854; x_wconf 61' lang='lat' dir='ltr'><strong>primum,</strong></span> 
     </span>
     <span class='ocr_line' id='line_1_25' title="bbox 499 2854 2030 2938; baseline -0.001 -18"><span class='ocrx_word' id='word_1_279' title='bbox 499 2875 564 2920; x_wconf 87' lang='lat' dir='ltr'><strong>unc</strong></span> <span class='ocrx_word' id='word_1_280' title='bbox 583 2854 722 2920; x_wconf 82' lang='lat' dir='ltr'><strong>habebis</strong></span> <span class='ocrx_word' id='word_1_281' title='bbox 743 2855 969 2919; x_wconf 86' lang='lat' dir='ltr'><strong>remissionem</strong></span> <span class='ocrx_word' id='word_1_282' title='bbox 982 2865 1206 2935; x_wconf 89' lang='lat' dir='ltr'><strong>peccatorum,</strong></span> <span class='ocrx_word' id='word_1_283' title='bbox 1230 2854 1439 2938; x_wconf 89' lang='lat' dir='ltr'><strong>cumdignus</strong></span> <span class='ocrx_word' id='word_1_284' title='bbox 1728 2929 1730 2938; x_wconf 33' lang='grc' dir='ltr'>Ι</span> <span class='ocrx_word' id='word_1_285' title='bbox 2028 2913 2030 2918; x_wconf 92' lang='grc'>.</span> 
     </span>
     <span class='ocr_line' id='line_1_26' title="bbox 471 2935 2461 3026; baseline 0.002 -21"><span class='ocrx_word' id='word_1_286' title='bbox 471 2941 554 3018; x_wconf 88' lang='lat' dir='ltr'><strong>cris,</strong></span> <span class='ocrx_word' id='word_1_287' title='bbox 576 2938 642 3004; x_wconf 90' lang='lat' dir='ltr'><strong>hoc</strong></span> <span class='ocrx_word' id='word_1_288' title='bbox 664 2950 732 3018; x_wconf 87' lang='lat' dir='ltr'><strong>eat,</strong></span> <span class='ocrx_word' id='word_1_289' title='bbox 751 2949 890 3023; x_wconf 88' lang='lat' dir='ltr'><strong>propter</strong></span> <span class='ocrx_word' id='word_1_290' title='bbox 912 2938 1049 3002; x_wconf 83' lang='lat' dir='ltr'><strong>virtutes</strong></span> <span class='ocrx_word' id='word_1_291' title='bbox 1072 2949 1157 3001; x_wconf 89' lang='lat' dir='ltr'><strong>tuas.</strong></span> <span class='ocrx_word' id='word_1_292' title='bbox 1201 2939 1280 3002; x_wconf 86' lang='lat' dir='ltr'><strong>item</strong></span> <span class='ocrx_word' id='word_1_293' title='bbox 1300 2937 1439 3024; x_wconf 81' lang='lat' dir='ltr'><strong>fingunt,</strong></span> <span class='ocrx_word' id='word_1_294' title='bbox 1570 2937 1695 3004; x_wconf 88' lang='lat' dir='ltr'><strong>iustitia</strong></span> <span class='ocrx_word' id='word_1_295' title='bbox 1716 2935 1880 3026; x_wconf 84' lang='lat' dir='ltr'><strong>significat</strong></span> <span class='ocrx_word' id='word_1_296' title='bbox 1897 2940 2115 3010; x_wconf 84' lang='lat' dir='ltr'><strong>obedientiam</strong></span> <span class='ocrx_word' id='word_1_297' title='bbox 2132 2941 2222 3014; x_wconf 79' lang='lat' dir='ltr'><strong>iuxta</strong></span> <span class='ocrx_word' id='word_1_298' title='bbox 2239 2937 2349 3006; x_wconf 85' lang='lat' dir='ltr'><strong>omnia</strong></span> <span class='ocrx_word' id='word_1_299' title='bbox 2368 2962 2461 3026; x_wconf 78' lang='lat' dir='ltr'><strong>prae</strong></span> 
     </span>
     <span class='ocr_line' id='line_1_27' title="bbox 470 3019 1798 3111; baseline 0.001 -23"><span class='ocrx_word' id='word_1_300' title='bbox 470 3022 619 3090; x_wconf 85' lang='lat' dir='ltr'><strong>homines</strong></span> <span class='ocrx_word' id='word_1_301' title='bbox 641 3021 710 3111; x_wconf 83' lang='lat' dir='ltr'><strong>legi</strong></span> <span class='ocrx_word' id='word_1_302' title='bbox 729 3023 794 3089; x_wconf 88' lang='lat' dir='ltr'><strong>Dei</strong></span> <span class='ocrx_word' id='word_1_303' title='bbox 815 3019 1011 3088; x_wconf 76' lang='lat' dir='ltr'><strong>saascoere</strong></span> <span class='ocrx_word' id='word_1_304' title='bbox 1032 3041 1145 3108; x_wconf 86' lang='lat' dir='ltr'><strong>posse.</strong></span> <span class='ocrx_word' id='word_1_305' title='bbox 1542 3095 1544 3100; x_wconf 57' lang='grc'><strong>,</strong></span> <span class='ocrx_word' id='word_1_306' title='bbox 1641 3034 1747 3110; x_wconf 91' lang='lat' dir='ltr'><strong>cepta.</strong></span> <span class='ocrx_word' id='word_1_307' title='bbox 1796 3059 1798 3066; x_wconf 95' lang='lat'>·</span> 
     </span>
     <span class='ocr_line' id='line_1_28' title="bbox 556 3105 2459 3196; baseline 0.001 -22"><span class='ocrx_word' id='word_1_308' title='bbox 556 3107 625 3174; x_wconf 88' lang='lat' dir='ltr'><strong>Sed</strong></span> <span class='ocrx_word' id='word_1_309' title='bbox 648 3127 726 3174; x_wconf 85' lang='lat' dir='ltr'><strong>curu·</strong></span> <span class='ocrx_word' id='word_1_310' title='bbox 743 3111 863 3186; x_wconf 90' lang='lat' dir='ltr'><strong>omnia,</strong></span> <span class='ocrx_word' id='word_1_311' title='bbox 885 3109 991 3191; x_wconf 89' lang='lat' dir='ltr'><strong>qnaei</strong></span> <span class='ocrx_word' id='word_1_312' title='bbox 1015 3107 1218 3193; x_wconf 68' lang='lat' dir='ltr'><strong>dilargitam,</strong></span> <span class='ocrx_word' id='word_1_313' title='bbox 1241 3109 1440 3173; x_wconf 82' lang='lat' dir='ltr'><strong>retineamus</strong></span> <span class='ocrx_word' id='word_1_314' title='bbox 1571 3105 1686 3188; x_wconf 77' lang='lat' dir='ltr'><strong>mres,</strong></span> <span class='ocrx_word' id='word_1_315' title='bbox 1719 3109 1761 3174; x_wconf 91' lang='lat' dir='ltr'><strong>de</strong></span> <span class='ocrx_word' id='word_1_316' title='bbox 1783 3129 1849 3195; x_wconf 90' lang='lat' dir='ltr'><strong>qua</strong></span> <span class='ocrx_word' id='word_1_317' title='bbox 1870 3107 2025 3190; x_wconf 74' lang='lat' dir='ltr'><strong>didatus,</strong></span> <span class='ocrx_word' id='word_1_318' title='bbox 2057 3130 2124 3174; x_wconf 86' lang='lat' dir='ltr'><strong>non</strong></span> <span class='ocrx_word' id='word_1_319' title='bbox 2147 3123 2198 3176; x_wconf 88' lang='lat' dir='ltr'><strong>est</strong></span> <span class='ocrx_word' id='word_1_320' title='bbox 2220 3111 2351 3196; x_wconf 89' lang='lat' dir='ltr'><strong>proprie</strong></span> <span class='ocrx_word' id='word_1_321' title='bbox 2373 3132 2459 3194; x_wconf 86' lang='lat' dir='ltr'><strong>opus</strong></span> 
     </span>
     <span class='ocr_line' id='line_1_29' title="bbox 471 3129 2146 3280; baseline 0 -21"><span class='ocrx_word' id='word_1_322' title='bbox 471 3207 503 3260; x_wconf 89' lang='lat' dir='ltr'><strong>et</strong></span> <span class='ocrx_word' id='word_1_323' title='bbox 529 3196 604 3259; x_wconf 92' lang='lat' dir='ltr'><strong>insu</strong></span> <span class='ocrx_word' id='word_1_324' title='bbox 645 3193 766 3259; x_wconf 86' lang='lat' dir='ltr'><strong>reddi</strong></span> <span class='ocrx_word' id='word_1_325' title='bbox 792 3191 931 3259; x_wconf 89' lang='lat' dir='ltr'><strong>velimus</strong></span> <span class='ocrx_word' id='word_1_326' title='bbox 959 3129 1056 3258; x_wconf 60' lang='lat' dir='ltr'><strong>iidem</strong></span> <span class='ocrx_word' id='word_1_327' title='bbox 1082 3195 1275 3258; x_wconf 81' lang='lat' dir='ltr'><strong>tribuentem</strong></span> <span class='ocrx_word' id='word_1_328' title='bbox 1304 3191 1439 3258; x_wconf 85' lang='lat' dir='ltr'><strong>Christo</strong></span> <span class='ocrx_word' id='word_1_329' title='bbox 1641 3194 1783 3259; x_wconf 89' lang='lat' dir='ltr'><strong>omnium</strong></span> <span class='ocrx_word' id='word_1_330' title='bbox 1805 3206 2065 3280; x_wconf 90' lang='lat' dir='ltr'><strong>praeceptorum.</strong></span> <span class='ocrx_word' id='word_1_331' title='bbox 2144 3263 2146 3268; x_wconf 70' lang='grc'><strong>,</strong></span> 
     </span>
     <span class='ocr_line' id='line_1_30' title="bbox 471 3274 2077 3365; baseline -0.001 -19"><span class='ocrx_word' id='word_1_332' title='bbox 471 3299 565 3346; x_wconf 85' lang='lat' dir='ltr'><strong>suum</strong></span> <span class='ocrx_word' id='word_1_333' title='bbox 620 3297 770 3358; x_wconf 88' lang='lat' dir='ltr'><strong>onorem,</strong></span> <span class='ocrx_word' id='word_1_334' title='bbox 808 3291 842 3343; x_wconf 90' lang='lat' dir='ltr'><strong>et</strong></span> <span class='ocrx_word' id='word_1_335' title='bbox 875 3289 969 3342; x_wconf 90' lang='lat' dir='ltr'><strong>certa</strong></span> <span class='ocrx_word' id='word_1_336' title='bbox 1001 3274 1227 3343; x_wconf 84' lang='lat' dir='ltr'><strong>consolatione</strong></span> <span class='ocrx_word' id='word_1_337' title='bbox 1260 3279 1441 3364; x_wconf 77' lang='lat' dir='ltr'><strong>erigentem</strong></span> <span class='ocrx_word' id='word_1_338' title='bbox 1571 3275 1661 3365; x_wconf 84' lang='lat' dir='ltr'><strong>Ergo</strong></span> <span class='ocrx_word' id='word_1_339' title='bbox 1683 3299 1748 3342; x_wconf 91' lang='lat' dir='ltr'><strong>non</strong></span> <span class='ocrx_word' id='word_1_340' title='bbox 1771 3278 1986 3346; x_wconf 82' lang='lat' dir='ltr'><strong>iustificamur</strong></span> <span class='ocrx_word' id='word_1_341' title='bbox 2003 3278 2077 3345; x_wconf 87' lang='lat' dir='ltr'><strong>fide.</strong></span> 
     </span>
     <span class='ocr_line' id='line_1_31' title="bbox 470 3359 2095 3479; baseline 0 -53"><span class='ocrx_word' id='word_1_342' title='bbox 470 3361 722 3447; x_wconf 81' lang='lat' dir='ltr'><strong>perterrefactos</strong></span> <span class='ocrx_word' id='word_1_343' title='bbox 744 3373 885 3440; x_wconf 88' lang='lat' dir='ltr'><strong>mentes,</strong></span> <span class='ocrx_word' id='word_1_344' title='bbox 910 3373 1001 3426; x_wconf 88' lang='lat' dir='ltr'><strong>certe</strong></span> <span class='ocrx_word' id='word_1_345' title='bbox 1017 3359 1097 3426; x_wconf 86' lang='lat' dir='ltr'><strong>nihil</strong></span> <span class='ocrx_word' id='word_1_346' title='bbox 1118 3363 1254 3428; x_wconf 90' lang='lat' dir='ltr'><strong>absurdi</strong></span> <span class='ocrx_word' id='word_1_347' title='bbox 1270 3363 1442 3438; x_wconf 73' lang='lat' dir='ltr'><strong>docemus,</strong></span> <span class='ocrx_word' id='word_1_348' title='bbox 1747 3411 1815 3479; x_wconf 59' lang='lat' dir='ltr'><strong>Res</strong></span> <span class='ocrx_word' id='word_1_349' title='bbox 1885 3415 1905 3478; x_wconf 70' lang='lat' dir='ltr'>d</span> <span class='ocrx_word' id='word_1_350' title='bbox 1990 3417 2010 3477; x_wconf 72' lang='lat' dir='ltr'>d</span> <span class='ocrx_word' id='word_1_351' title='bbox 2087 3416 2095 3434; x_wconf 85' lang='lat'><strong><em>.</em></strong></span> 
     </span>
     <span class='ocr_line' id='line_1_32' title="bbox 471 3433 2199 3514; baseline -0.002 -1"><span class='ocrx_word' id='word_1_352' title='bbox 471 3459 504 3513; x_wconf 88' lang='lat' dir='ltr'><strong>et</strong></span> <span class='ocrx_word' id='word_1_353' title='bbox 530 3449 603 3512; x_wconf 87' lang='lat' dir='ltr'><strong>sine</strong></span> <span class='ocrx_word' id='word_1_354' title='bbox 628 3450 717 3514; x_wconf 88' lang='lat' dir='ltr'><strong>iusta</strong></span> <span class='ocrx_word' id='word_1_355' title='bbox 745 3467 865 3514; x_wconf 86' lang='lat' dir='ltr'><strong>caussa</strong></span> <span class='ocrx_word' id='word_1_356' title='bbox 891 3460 958 3511; x_wconf 92' lang='lat' dir='ltr'><strong>tam</strong></span> <span class='ocrx_word' id='word_1_357' title='bbox 980 3449 1113 3512; x_wconf 87' lang='lat' dir='ltr'><strong>rabiosa</strong></span> <span class='ocrx_word' id='word_1_358' title='bbox 1135 3447 1290 3512; x_wconf 56' lang='lat' dir='ltr'><strong>&amp;mnam</strong></span> <span class='ocrx_word' id='word_1_359' title='bbox 1310 3458 1441 3511; x_wconf 88' lang='lat' dir='ltr'><strong>senten-</strong></span> <span class='ocrx_word' id='word_1_360' title='bbox 1816 3434 1882 3500; x_wconf 76' lang='grc' dir='ltr'><strong>Ῑ)οη</strong></span> <span class='ocrx_word' id='word_1_361' title='bbox 1907 3434 1986 3479; x_wconf 71' lang='lat'><strong>⁶⁰⁰</strong></span> <span class='ocrx_word' id='word_1_362' title='bbox 2033 3433 2199 3480; x_wconf 57' lang='lat' dir='ltr'><strong>&#39;&#39;mmm&#39;‘</strong></span> 
     </span>
     <span class='ocr_line' id='line_1_33' title="bbox 470 3529 2459 3619; baseline 0.004 -23"><span class='ocrx_word' id='word_1_363' title='bbox 470 3534 559 3610; x_wconf 88' lang='lat' dir='ltr'><strong>tiam,</strong></span> <span class='ocrx_word' id='word_1_364' title='bbox 581 3553 665 3617; x_wconf 92' lang='lat' dir='ltr'><strong>quae</strong></span> <span class='ocrx_word' id='word_1_365' title='bbox 687 3533 729 3596; x_wconf 90' lang='lat' dir='ltr'><strong>de</strong></span> <span class='ocrx_word' id='word_1_366' title='bbox 749 3530 980 3597; x_wconf 81' lang='lat' dir='ltr'><strong>iustificatione</strong></span> <span class='ocrx_word' id='word_1_367' title='bbox 1001 3529 1208 3597; x_wconf 85' lang='lat' dir='ltr'><strong>inEcclesiis</strong></span> <span class='ocrx_word' id='word_1_368' title='bbox 1224 3533 1348 3597; x_wconf 87' lang='lat' dir='ltr'><strong>nostris</strong></span> <span class='ocrx_word' id='word_1_369' title='bbox 1365 3551 1440 3616; x_wconf 90' lang='lat' dir='ltr'><strong>pro·</strong></span> <span class='ocrx_word' id='word_1_370' title='bbox 1571 3531 1678 3597; x_wconf 85' lang='lat' dir='ltr'><strong>Maior</strong></span> <span class='ocrx_word' id='word_1_371' title='bbox 1694 3544 1748 3598; x_wconf 87' lang='lat' dir='ltr'><strong>est</strong></span> <span class='ocrx_word' id='word_1_372' title='bbox 1769 3543 1859 3612; x_wconf 85' lang='lat' dir='ltr'><strong>vero,</strong></span> <span class='ocrx_word' id='word_1_373' title='bbox 1881 3536 1923 3598; x_wconf 91' lang='lat' dir='ltr'><strong>de</strong></span> <span class='ocrx_word' id='word_1_374' title='bbox 1944 3534 2064 3602; x_wconf 89' lang='lat' dir='ltr'><strong>iustitia</strong></span> <span class='ocrx_word' id='word_1_375' title='bbox 2081 3531 2201 3619; x_wconf 84' lang='lat' dir='ltr'><strong>Legis3</strong></span> <span class='ocrx_word' id='word_1_376' title='bbox 2236 3555 2311 3600; x_wconf 84' lang='lat' dir='ltr'><strong>uum</strong></span> <span class='ocrx_word' id='word_1_377' title='bbox 2337 3535 2459 3604; x_wconf 85' lang='lat' dir='ltr'><strong>iustitia</strong></span> 
     </span>
     <span class='ocr_line' id='line_1_34' title="bbox 470 3614 2460 3705; baseline 0.002 -23"><span class='ocrx_word' id='word_1_378' title='bbox 470 3619 620 3702; x_wconf 89' lang='lat' dir='ltr'><strong>ponitur,</strong></span> <span class='ocrx_word' id='word_1_379' title='bbox 649 3616 845 3702; x_wconf 83' lang='lat' dir='ltr'><strong>qnaehaud</strong></span> <span class='ocrx_word' id='word_1_380' title='bbox 866 3617 964 3682; x_wconf 90' lang='lat' dir='ltr'><strong>dubie</strong></span> <span class='ocrx_word' id='word_1_381' title='bbox 987 3628 1038 3681; x_wconf 87' lang='lat' dir='ltr'><strong>est</strong></span> <span class='ocrx_word' id='word_1_382' title='bbox 1058 3617 1225 3701; x_wconf 87' lang='lat' dir='ltr'><strong>ipsissima</strong></span> <span class='ocrx_word' id='word_1_383' title='bbox 1245 3637 1312 3682; x_wconf 89' lang='lat' dir='ltr'><strong>vox</strong></span> <span class='ocrx_word' id='word_1_384' title='bbox 1332 3614 1442 3681; x_wconf 84' lang='lat' dir='ltr'><strong>Evan-</strong></span> <span class='ocrx_word' id='word_1_385' title='bbox 1486 3615 1588 3705; x_wconf 86' lang='lat' dir='ltr'><strong>Legis</strong></span> <span class='ocrx_word' id='word_1_386' title='bbox 1622 3619 1754 3703; x_wconf 89' lang='lat' dir='ltr'><strong>proprie</strong></span> <span class='ocrx_word' id='word_1_387' title='bbox 1787 3631 1839 3682; x_wconf 91' lang='lat' dir='ltr'><strong>est</strong></span> <span class='ocrx_word' id='word_1_388' title='bbox 1872 3616 2059 3683; x_wconf 91' lang='lat' dir='ltr'><strong>obedientia</strong></span> <span class='ocrx_word' id='word_1_389' title='bbox 2078 3619 2170 3684; x_wconf 77' lang='lat' dir='ltr'><strong>iuxta</strong></span> <span class='ocrx_word' id='word_1_390' title='bbox 2191 3621 2301 3684; x_wconf 90' lang='lat' dir='ltr'><strong>omnia</strong></span> <span class='ocrx_word' id='word_1_391' title='bbox 2323 3642 2460 3704; x_wconf 89' lang='lat' dir='ltr'><strong>praece-</strong></span> 
     </span>
     <span class='ocr_line' id='line_1_35' title="bbox 495 3699 2459 3789; baseline 0.002 -22"><span class='ocrx_word' id='word_1_392' title='bbox 495 3700 548 3767; x_wconf 92' lang='lat' dir='ltr'><strong>elii</strong></span> <span class='ocrx_word' id='word_1_393' title='bbox 571 3713 604 3767; x_wconf 90' lang='lat' dir='ltr'><strong>et</strong></span> <span class='ocrx_word' id='word_1_394' title='bbox 624 3722 810 3768; x_wconf 86' lang='lat' dir='ltr'><strong>consensus</strong></span> <span class='ocrx_word' id='word_1_395' title='bbox 823 3713 1013 3768; x_wconf 90' lang='lat' dir='ltr'><strong>sanctorum</strong></span> <span class='ocrx_word' id='word_1_396' title='bbox 1024 3699 1169 3780; x_wconf 88' lang='lat' dir='ltr'><strong>Petrum,</strong></span> <span class='ocrx_word' id='word_1_397' title='bbox 1188 3700 1440 3787; x_wconf 87' lang='lat' dir='ltr'><strong>Prophetarum,</strong></span> <span class='ocrx_word' id='word_1_398' title='bbox 1485 3714 1561 3785; x_wconf 89' lang='lat' dir='ltr'><strong>pta;</strong></span> <span class='ocrx_word' id='word_1_399' title='bbox 1584 3701 1651 3788; x_wconf 79' lang='lat' dir='ltr'><strong>Sed</strong></span> <span class='ocrx_word' id='word_1_400' title='bbox 1672 3701 1759 3768; x_wconf 88' lang='lat' dir='ltr'><strong>hanc</strong></span> <span class='ocrx_word' id='word_1_401' title='bbox 1780 3703 1886 3786; x_wconf 88' lang='lat' dir='ltr'><strong>ipsam</strong></span> <span class='ocrx_word' id='word_1_402' title='bbox 1908 3703 1951 3774; x_wconf 87' lang='lat' dir='ltr'><strong>ob</strong></span> <span class='ocrx_word' id='word_1_403' title='bbox 1964 3722 2131 3786; x_wconf 85' lang='lat' dir='ltr'><strong>caussam,</strong></span> <span class='ocrx_word' id='word_1_404' title='bbox 2155 3705 2232 3789; x_wconf 81' lang='lat' dir='ltr'><strong>quia</strong></span> <span class='ocrx_word' id='word_1_405' title='bbox 2249 3703 2459 3772; x_wconf 87' lang='lat' dir='ltr'><strong>haeccorru·</strong></span> 
     </span>
     <span class='ocr_line' id='line_1_36' title="bbox 470 3725 2460 3873; baseline 0.002 -21"><span class='ocrx_word' id='word_1_406' title='bbox 470 3725 710 3872; x_wconf 57' lang='lat' dir='ltr'><strong>{posternam</strong></span> <span class='ocrx_word' id='word_1_407' title='bbox 735 3800 769 3853; x_wconf 93' lang='lat' dir='ltr'><strong>et</strong></span> <span class='ocrx_word' id='word_1_408' title='bbox 796 3789 939 3852; x_wconf 91' lang='lat' dir='ltr'><strong>omnium</strong></span> <span class='ocrx_word' id='word_1_409' title='bbox 959 3788 1089 3868; x_wconf 89' lang='lat' dir='ltr'><strong>piorum</strong></span> <span class='ocrx_word' id='word_1_410' title='bbox 1114 3787 1266 3851; x_wconf 88' lang='lat' dir='ltr'><strong>omnibus</strong></span> <span class='ocrx_word' id='word_1_411' title='bbox 1287 3786 1442 3869; x_wconf 90' lang='lat' dir='ltr'><strong>tempori·</strong></span> <span class='ocrx_word' id='word_1_412' title='bbox 1485 3797 1543 3869; x_wconf 91' lang='lat' dir='ltr'><strong>pta</strong></span> <span class='ocrx_word' id='word_1_413' title='bbox 1573 3797 1691 3852; x_wconf 90' lang='lat' dir='ltr'><strong>natura</strong></span> <span class='ocrx_word' id='word_1_414' title='bbox 1721 3806 1789 3850; x_wconf 91' lang='lat' dir='ltr'><strong>nou</strong></span> <span class='ocrx_word' id='word_1_415' title='bbox 1818 3783 1981 3854; x_wconf 82' lang='lat' dir='ltr'><strong>satisfacit</strong></span> <span class='ocrx_word' id='word_1_416' title='bbox 1998 3785 2096 3873; x_wconf 83' lang='lat' dir='ltr'><strong>Legi,</strong></span> <span class='ocrx_word' id='word_1_417' title='bbox 2126 3789 2202 3854; x_wconf 90' lang='lat' dir='ltr'><strong>ideo</strong></span> <span class='ocrx_word' id='word_1_418' title='bbox 2223 3787 2289 3856; x_wconf 86' lang='lat' dir='ltr'><strong>alia</strong></span> <span class='ocrx_word' id='word_1_419' title='bbox 2311 3787 2460 3856; x_wconf 87' lang='lat' dir='ltr'><strong>revelata</strong></span> 
     </span>
     <span class='ocr_line' id='line_1_37' title="bbox 473 3857 2459 3958; baseline 0.003 -22"><span class='ocrx_word' id='word_1_420' title='bbox 473 3873 545 3950; x_wconf 86' lang='lat' dir='ltr'><strong>bus,</strong></span> <span class='ocrx_word' id='word_1_421' title='bbox 568 3873 623 3956; x_wconf 91' lang='lat' dir='ltr'><strong>qui</strong></span> <span class='ocrx_word' id='word_1_422' title='bbox 645 3869 878 3957; x_wconf 87' lang='lat' dir='ltr'><strong>aliquantulum</strong></span> <span class='ocrx_word' id='word_1_423' title='bbox 900 3869 984 3934; x_wconf 88' lang='lat' dir='ltr'><strong>lucis</strong></span> <span class='ocrx_word' id='word_1_424' title='bbox 1005 3868 1200 3934; x_wconf 88' lang='lat' dir='ltr'><strong>habuerunt.</strong></span> <span class='ocrx_word' id='word_1_425' title='bbox 1230 3871 1356 3935; x_wconf 85' lang='lat' dir='ltr'><strong>Omnes</strong></span> <span class='ocrx_word' id='word_1_426' title='bbox 1376 3870 1441 3934; x_wconf 91' lang='lat' dir='ltr'><strong>lroc</strong></span> <span class='ocrx_word' id='word_1_427' title='bbox 1461 3857 1465 3930; x_wconf 83' lang='lat' dir='ltr'><strong>l</strong></span> <span class='ocrx_word' id='word_1_428' title='bbox 1487 3883 1520 3934; x_wconf 90' lang='lat' dir='ltr'><strong>et</strong></span> <span class='ocrx_word' id='word_1_429' title='bbox 1552 3871 1675 3937; x_wconf 90' lang='lat' dir='ltr'><strong>donata</strong></span> <span class='ocrx_word' id='word_1_430' title='bbox 1706 3882 1776 3947; x_wconf 89' lang='lat' dir='ltr'><strong>est,</strong></span> <span class='ocrx_word' id='word_1_431' title='bbox 1809 3891 1893 3955; x_wconf 87' lang='lat' dir='ltr'><strong>quae</strong></span> <span class='ocrx_word' id='word_1_432' title='bbox 1924 3883 1976 3936; x_wconf 88' lang='lat' dir='ltr'><strong>est</strong></span> <span class='ocrx_word' id='word_1_433' title='bbox 1996 3873 2177 3957; x_wconf 87' lang='lat' dir='ltr'><strong>acceptatio</strong></span> <span class='ocrx_word' id='word_1_434' title='bbox 2199 3887 2336 3958; x_wconf 91' lang='lat' dir='ltr'><strong>propter</strong></span> <span class='ocrx_word' id='word_1_435' title='bbox 2358 3874 2459 3941; x_wconf 85' lang='lat' dir='ltr'><strong>filiurn</strong></span> 
     </span>
     <span class='ocr_line' id='line_1_38' title="bbox 471 3951 2460 4042; baseline 0.002 -22"><span class='ocrx_word' id='word_1_436' title='bbox 471 3957 668 4034; x_wconf 88' lang='lat' dir='ltr'><strong>sentiebant,</strong></span> <span class='ocrx_word' id='word_1_437' title='bbox 691 3966 846 4038; x_wconf 89' lang='lat' dir='ltr'><strong>oportere</strong></span> <span class='ocrx_word' id='word_1_438' title='bbox 866 3957 1009 4020; x_wconf 86' lang='lat' dir='ltr'><strong>existere</strong></span> <span class='ocrx_word' id='word_1_439' title='bbox 1030 3956 1064 4023; x_wconf 88' lang='lat' dir='ltr'><strong>in</strong></span> <span class='ocrx_word' id='word_1_440' title='bbox 1084 3956 1182 4018; x_wconf 84' lang='lat' dir='ltr'><strong>nobis</strong></span> <span class='ocrx_word' id='word_1_441' title='bbox 1198 3955 1441 4039; x_wconf 86' lang='lat' dir='ltr'><strong>poenitentiam,</strong></span> <span class='ocrx_word' id='word_1_442' title='bbox 1486 3951 1561 4034; x_wconf 87' lang='lat' dir='ltr'><strong>Dei,</strong></span> <span class='ocrx_word' id='word_1_443' title='bbox 1583 3975 1680 4040; x_wconf 91' lang='lat' dir='ltr'><strong>quam</strong></span> <span class='ocrx_word' id='word_1_444' title='bbox 1701 3956 1850 4042; x_wconf 89' lang='lat' dir='ltr'><strong>seqnitur</strong></span> <span class='ocrx_word' id='word_1_445' title='bbox 1872 3957 2004 4021; x_wconf 90' lang='lat' dir='ltr'><strong>donatio</strong></span> <span class='ocrx_word' id='word_1_446' title='bbox 2028 3957 2167 4041; x_wconf 88' lang='lat' dir='ltr'><strong>Spiritus</strong></span> <span class='ocrx_word' id='word_1_447' title='bbox 2195 3960 2314 4024; x_wconf 82' lang='lat' dir='ltr'><strong>sancti.</strong></span> <span class='ocrx_word' id='word_1_448' title='bbox 2357 3959 2460 4026; x_wconf 83' lang='lat' dir='ltr'><strong>Aliud</strong></span> 
     </span>
     <span class='ocr_line' id='line_1_39' title="bbox 473 4037 2457 4142; baseline 0.003 -38"><span class='ocrx_word' id='word_1_449' title='bbox 473 4049 506 4104; x_wconf 94' lang='lat' dir='ltr'><strong>et</strong></span> <span class='ocrx_word' id='word_1_450' title='bbox 528 4041 652 4105; x_wconf 83' lang='lat' dir='ltr'><strong>debere</strong></span> <span class='ocrx_word' id='word_1_451' title='bbox 671 4041 765 4125; x_wconf 90' lang='lat' dir='ltr'><strong>sequi</strong></span> <span class='ocrx_word' id='word_1_452' title='bbox 794 4043 881 4106; x_wconf 94' lang='lat' dir='ltr'><strong>bona</strong></span> <span class='ocrx_word' id='word_1_453' title='bbox 909 4061 929 4104; x_wconf 92' lang='lat' dir='ltr'><strong>o</strong></span> <span class='ocrx_word' id='word_1_454' title='bbox 953 4058 1026 4116; x_wconf 88' lang='lat' dir='ltr'><strong>era,</strong></span> <span class='ocrx_word' id='word_1_455' title='bbox 1052 4039 1112 4102; x_wconf 88' lang='lat' dir='ltr'><strong>aad</strong></span> <span class='ocrx_word' id='word_1_456' title='bbox 1137 4051 1248 4104; x_wconf 73' lang='lat' dir='ltr'><strong>tamer</strong></span> <span class='ocrx_word' id='word_1_457' title='bbox 1276 4041 1442 4103; x_wconf 87' lang='lat' dir='ltr'><strong>remissio·</strong></span> <span class='ocrx_word' id='word_1_458' title='bbox 1486 4040 1585 4142; x_wconf 87' lang='lat' dir='ltr'><strong>igitur</strong></span> <span class='ocrx_word' id='word_1_459' title='bbox 1616 4039 1736 4106; x_wconf 89' lang='lat' dir='ltr'><strong>iustitia</strong></span> <span class='ocrx_word' id='word_1_460' title='bbox 1759 4037 1925 4127; x_wconf 83' lang='lat' dir='ltr'><strong>significat</strong></span> <span class='ocrx_word' id='word_1_461' title='bbox 1946 4043 1979 4106; x_wconf 93' lang='lat' dir='ltr'><strong>in</strong></span> <span class='ocrx_word' id='word_1_462' title='bbox 2002 4044 2137 4122; x_wconf 81' lang='lat' dir='ltr'><strong>maior-e,</strong></span> <span class='ocrx_word' id='word_1_463' title='bbox 2158 4039 2249 4108; x_wconf 93' lang='lat' dir='ltr'><strong>aliud</strong></span> <span class='ocrx_word' id='word_1_464' title='bbox 2269 4043 2303 4106; x_wconf 92' lang='lat' dir='ltr'><strong>in</strong></span> <span class='ocrx_word' id='word_1_465' title='bbox 2327 4043 2457 4110; x_wconf 88' lang='lat' dir='ltr'><strong>conclu·</strong></span> 
     </span>
     <span class='ocr_line' id='line_1_40' title="bbox 472 4122 2458 4209; baseline 0.004 -22"><span class='ocrx_word' id='word_1_466' title='bbox 472 4143 547 4190; x_wconf 88' lang='lat' dir='ltr'><strong>nam</strong></span> <span class='ocrx_word' id='word_1_467' title='bbox 568 4125 684 4189; x_wconf 89' lang='lat' dir='ltr'><strong>donari</strong></span> <span class='ocrx_word' id='word_1_468' title='bbox 704 4137 841 4209; x_wconf 92' lang='lat' dir='ltr'><strong>propter</strong></span> <span class='ocrx_word' id='word_1_469' title='bbox 860 4123 917 4188; x_wconf 86' lang='lat' dir='ltr'><strong>iile</strong></span> <span class='ocrx_word' id='word_1_470' title='bbox 940 4125 1100 4200; x_wconf 80' lang='lat' dir='ltr'><strong>intorem,</strong></span> <span class='ocrx_word' id='word_1_471' title='bbox 1125 4143 1192 4187; x_wconf 91' lang='lat' dir='ltr'><strong>non</strong></span> <span class='ocrx_word' id='word_1_472' title='bbox 1218 4135 1356 4208; x_wconf 91' lang='lat' dir='ltr'><strong>propter</strong></span> <span class='ocrx_word' id='word_1_473' title='bbox 1382 4144 1441 4188; x_wconf 90' lang='lat' dir='ltr'><strong>no·</strong></span> <span class='ocrx_word' id='word_1_474' title='bbox 1487 4145 1590 4189; x_wconf 76' lang='lat' dir='ltr'><strong>¹arone.</strong></span> <span class='ocrx_word' id='word_1_475' title='bbox 1635 4123 1716 4189; x_wconf 83' lang='lat' dir='ltr'><strong>Cum</strong></span> <span class='ocrx_word' id='word_1_476' title='bbox 1739 4122 1863 4190; x_wconf 77' lang='lat' dir='ltr'><strong>Paulus</strong></span> <span class='ocrx_word' id='word_1_477' title='bbox 1897 4127 1976 4191; x_wconf 94' lang='lat' dir='ltr'><strong>dicit</strong></span> <span class='ocrx_word' id='word_1_478' title='bbox 1998 4125 2120 4203; x_wconf 85' lang='lat' dir='ltr'><strong>[Galat.</strong></span> <span class='ocrx_word' id='word_1_479' title='bbox 2142 4128 2175 4206; x_wconf 73' lang='lat'><strong>2,</strong></span> <span class='ocrx_word' id='word_1_480' title='bbox 2200 4127 2277 4207; x_wconf 61' lang='lat'><strong>164,</strong></span> <span class='ocrx_word' id='word_1_481' title='bbox 2309 4127 2393 4195; x_wconf 86' lang='lat' dir='ltr'><strong>Fide</strong></span> <span class='ocrx_word' id='word_1_482' title='bbox 2412 4129 2458 4194; x_wconf 87' lang='lat' dir='ltr'><strong>iu·</strong></span> 
     </span>
     <span class='ocr_line' id='line_1_41' title="bbox 471 4205 2458 4296; baseline 0.003 -24"><span class='ocrx_word' id='word_1_483' title='bbox 471 4221 574 4273; x_wconf 87' lang='lat' dir='ltr'><strong>stram</strong></span> <span class='ocrx_word' id='word_1_484' title='bbox 597 4210 803 4294; x_wconf 82' lang='lat' dir='ltr'><strong>dignitatem,</strong></span> <span class='ocrx_word' id='word_1_485' title='bbox 829 4221 862 4274; x_wconf 92' lang='lat' dir='ltr'><strong>et</strong></span> <span class='ocrx_word' id='word_1_486' title='bbox 883 4231 922 4274; x_wconf 88' lang='lat' dir='ltr'><strong>se</strong></span> <span class='ocrx_word' id='word_1_487' title='bbox 966 4207 1078 4274; x_wconf 90' lang='lat' dir='ltr'><strong>lacere</strong></span> <span class='ocrx_word' id='word_1_488' title='bbox 1099 4208 1173 4274; x_wconf 89' lang='lat' dir='ltr'><strong>Deo</strong></span> <span class='ocrx_word' id='word_1_489' title='bbox 1194 4219 1330 4294; x_wconf 88' lang='lat' dir='ltr'><strong>propter</strong></span> <span class='ocrx_word' id='word_1_490' title='bbox 1351 4205 1441 4272; x_wconf 90' lang='lat' dir='ltr'><strong>illum</strong></span> <span class='ocrx_word' id='word_1_491' title='bbox 1486 4208 1677 4288; x_wconf 87' lang='lat' dir='ltr'><strong>stificamur‚</strong></span> <span class='ocrx_word' id='word_1_492' title='bbox 1699 4207 1864 4296; x_wconf 81' lang='lat' dir='ltr'><strong>intelligit,</strong></span> <span class='ocrx_word' id='word_1_493' title='bbox 1891 4210 1956 4275; x_wconf 88' lang='lat' dir='ltr'><strong>fide</strong></span> <span class='ocrx_word' id='word_1_494' title='bbox 1979 4213 2211 4295; x_wconf 89' lang='lat' dir='ltr'><strong>consequimur</strong></span> <span class='ocrx_word' id='word_1_495' title='bbox 2231 4213 2458 4280; x_wconf 87' lang='lat' dir='ltr'><strong>remissionem</strong></span> 
     </span>
     <span class='ocr_line' id='line_1_42' title="bbox 469 4291 2461 4380; baseline 0.002 -22"><span class='ocrx_word' id='word_1_496' title='bbox 469 4291 695 4370; x_wconf 68' lang='lat' dir='ltr'><strong>Memorem,</strong></span> <span class='ocrx_word' id='word_1_497' title='bbox 715 4307 749 4360; x_wconf 92' lang='lat' dir='ltr'><strong>et</strong></span> <span class='ocrx_word' id='word_1_498' title='bbox 769 4294 833 4360; x_wconf 90' lang='lat' dir='ltr'><strong>hac</strong></span> <span class='ocrx_word' id='word_1_499' title='bbox 854 4294 932 4372; x_wconf 87' lang='lat' dir='ltr'><strong>lide,</strong></span> <span class='ocrx_word' id='word_1_500' title='bbox 977 4315 1018 4358; x_wconf 91' lang='lat' dir='ltr'><strong>oc</strong></span> <span class='ocrx_word' id='word_1_501' title='bbox 1036 4305 1102 4372; x_wconf 87' lang='lat' dir='ltr'><strong>est,</strong></span> <span class='ocrx_word' id='word_1_502' title='bbox 1124 4293 1441 4360; x_wconf 85' lang='lat' dir='ltr'><strong>fiduciamisericor-</strong></span> <span class='ocrx_word' id='word_1_503' title='bbox 1484 4304 1708 4379; x_wconf 85' lang='lat' dir='ltr'><strong>peccatorum,</strong></span> <span class='ocrx_word' id='word_1_504' title='bbox 1730 4315 1790 4358; x_wconf 89' lang='lat' dir='ltr'><strong>sen</strong></span> <span class='ocrx_word' id='word_1_505' title='bbox 1812 4297 2069 4378; x_wconf 85' lang='lat' dir='ltr'><strong>acceptationem</strong></span> <span class='ocrx_word' id='word_1_506' title='bbox 2087 4317 2148 4380; x_wconf 89' lang='lat' dir='ltr'><strong>pro</strong></span> <span class='ocrx_word' id='word_1_507' title='bbox 2185 4313 2221 4360; x_wconf 90' lang='lat' dir='ltr'><strong>er</strong></span> <span class='ocrx_word' id='word_1_508' title='bbox 2242 4296 2461 4364; x_wconf 86' lang='lat' dir='ltr'><strong>iiiediatoreur</strong></span> 
     </span>
     <span class='ocr_line' id='line_1_43' title="bbox 471 4375 2461 4526; baseline 0.003 -82"><span class='ocrx_word' id='word_1_509' title='bbox 471 4379 546 4444; x_wconf 88' lang='lat' dir='ltr'><strong>diae</strong></span> <span class='ocrx_word' id='word_1_510' title='bbox 566 4377 674 4446; x_wconf 83' lang='lat' dir='ltr'><strong>Deum</strong></span> <span class='ocrx_word' id='word_1_511' title='bbox 697 4382 911 4459; x_wconf 80' lang='lat' dir='ltr'><strong>invocabant,</strong></span> <span class='ocrx_word' id='word_1_512' title='bbox 939 4399 1006 4442; x_wconf 84' lang='lat' dir='ltr'><strong>non</strong></span> <span class='ocrx_word' id='word_1_513' title='bbox 1025 4375 1213 4465; x_wconf 76' lang='lat' dir='ltr'><strong>fugiebant,</strong></span> <span class='ocrx_word' id='word_1_514' title='bbox 1236 4399 1303 4442; x_wconf 93' lang='lat' dir='ltr'><strong>non</strong></span> <span class='ocrx_word' id='word_1_515' title='bbox 1323 4375 1450 4442; x_wconf 57' lang='lat' dir='ltr'><strong>frernen·</strong></span> <span class='ocrx_word' id='word_1_516' title='bbox 1485 4379 1601 4463; x_wconf 87' lang='lat' dir='ltr'><strong>gratis,</strong></span> <span class='ocrx_word' id='word_1_517' title='bbox 1629 4389 1664 4442; x_wconf 91' lang='lat' dir='ltr'><strong>ut</strong></span> <span class='ocrx_word' id='word_1_518' title='bbox 1684 4378 1778 4443; x_wconf 89' lang='lat' dir='ltr'><strong>Rom.</strong></span> <span class='ocrx_word' id='word_1_519' title='bbox 1801 4380 1832 4442; x_wconf 88' lang='grc'><strong>4.</strong></span> <span class='ocrx_word' id='word_1_520' title='bbox 1856 4385 1919 4456; x_wconf 87' lang='lat' dir='ltr'><strong>[vs.</strong></span> <span class='ocrx_word' id='word_1_521' title='bbox 1941 4379 1989 4526; x_wconf 63' lang='lat' dir='ltr'><strong>bq</strong></span> <span class='ocrx_word' id='word_1_522' title='bbox 2011 4382 2129 4464; x_wconf 88' lang='lat' dir='ltr'><strong>inquit:</strong></span> <span class='ocrx_word' id='word_1_523' title='bbox 2189 4383 2261 4445; x_wconf 90' lang='lat' dir='ltr'><strong>ides</strong></span> <span class='ocrx_word' id='word_1_524' title='bbox 2282 4383 2461 4467; x_wconf 88' lang='lat' dir='ltr'><strong>imputatur</strong></span> 
     </span>
     <span class='ocr_line' id='line_1_44' title="bbox 472 4460 2460 4550; baseline 0.003 -22"><span class='ocrx_word' id='word_1_525' title='bbox 472 4465 550 4530; x_wconf 91' lang='lat' dir='ltr'><strong>bant</strong></span> <span class='ocrx_word' id='word_1_526' title='bbox 573 4465 739 4532; x_wconf 84' lang='lat' dir='ltr'><strong>adversus</strong></span> <span class='ocrx_word' id='word_1_527' title='bbox 761 4464 880 4529; x_wconf 86' lang='lat' dir='ltr'><strong>Deum.</strong></span> <span class='ocrx_word' id='word_1_528' title='bbox 924 4465 1002 4530; x_wconf 91' lang='lat' dir='ltr'><strong>ldeo</strong></span> <span class='ocrx_word' id='word_1_529' title='bbox 1029 4465 1129 4529; x_wconf 83' lang='lat' dir='ltr'><strong>toties</strong></span> <span class='ocrx_word' id='word_1_530' title='bbox 1150 4461 1296 4529; x_wconf 87' lang='lat' dir='ltr'><strong>inculcat</strong></span> <span class='ocrx_word' id='word_1_531' title='bbox 1316 4460 1441 4528; x_wconf 88' lang='lat' dir='ltr'><strong>Paulus</strong></span> <span class='ocrx_word' id='word_1_532' title='bbox 1486 4464 1515 4528; x_wconf 91' lang='lat' dir='ltr'><strong>ei</strong></span> <span class='ocrx_word' id='word_1_533' title='bbox 1538 4464 1578 4526; x_wconf 89' lang='lat' dir='ltr'><strong>ad</strong></span> <span class='ocrx_word' id='word_1_534' title='bbox 1600 4464 1765 4528; x_wconf 89' lang='lat' dir='ltr'><strong>iustitiam.</strong></span> <span class='ocrx_word' id='word_1_535' title='bbox 1799 4461 1931 4529; x_wconf 83' lang='lat' dir='ltr'><strong>Haece</strong></span> <span class='ocrx_word' id='word_1_536' title='bbox 1990 4466 2089 4530; x_wconf 89' lang='lat' dir='ltr'><strong>icetio</strong></span> <span class='ocrx_word' id='word_1_537' title='bbox 2110 4469 2285 4550; x_wconf 81' lang='lat' dir='ltr'><strong>perspicue</strong></span> <span class='ocrx_word' id='word_1_538' title='bbox 2302 4469 2460 4544; x_wconf 84' lang='lat' dir='ltr'><strong>ostendit,</strong></span> 
     </span>
     <span class='ocr_line' id='line_1_45' title="bbox 470 4545 2460 4634; baseline -0.001 -20"><span class='ocrx_word' id='word_1_539' title='bbox 470 4549 663 4632; x_wconf 82' lang='lat' dir='ltr'><strong>particulam</strong></span> <span class='ocrx_word' id='word_1_540' title='bbox 691 4549 863 4616; x_wconf 79' lang='lat' dir='ltr'><strong>GRATIS.</strong></span> <span class='ocrx_word' id='word_1_541' title='bbox 885 4549 985 4614; x_wconf 89' lang='lat' dir='ltr'><strong>··ltem</strong></span> <span class='ocrx_word' id='word_1_542' title='bbox 1012 4549 1131 4613; x_wconf 88' lang='lat' dir='ltr'><strong>Petrus</strong></span> <span class='ocrx_word' id='word_1_543' title='bbox 1157 4549 1261 4633; x_wconf 87' lang='lat' dir='ltr'><strong>inquit</strong></span> <span class='ocrx_word' id='word_1_544' title='bbox 1289 4547 1365 4612; x_wconf 84' lang='lat' dir='ltr'><strong>Act.</strong></span> <span class='ocrx_word' id='word_1_545' title='bbox 1390 4547 1440 4612; x_wconf 83' lang='lat' dir='ltr'><strong>lii.</strong></span> <span class='ocrx_word' id='word_1_546' title='bbox 1485 4545 1550 4612; x_wconf 91' lang='lat' dir='ltr'><strong>lroc</strong></span> <span class='ocrx_word' id='word_1_547' title='bbox 1572 4559 1766 4634; x_wconf 87' lang='lat' dir='ltr'><strong>argumento</strong></span> <span class='ocrx_word' id='word_1_548' title='bbox 1787 4567 1853 4611; x_wconf 91' lang='lat' dir='ltr'><strong>non</strong></span> <span class='ocrx_word' id='word_1_549' title='bbox 1875 4545 1930 4613; x_wconf 91' lang='lat' dir='ltr'><strong>lab</strong></span> <span class='ocrx_word' id='word_1_550' title='bbox 1986 4551 2068 4614; x_wconf 86' lang='lat' dir='ltr'><strong>ctari</strong></span> <span class='ocrx_word' id='word_1_551' title='bbox 2090 4554 2460 4617; x_wconf 82' lang='lat' dir='ltr'><strong>nostramsentcmiara.</strong></span> 
     </span>
     <span class='ocr_line' id='line_1_46' title="bbox 472 4630 2461 4722; baseline 0.003 -25"><span class='ocrx_word' id='word_1_552' title='bbox 472 4640 536 4711; x_wconf 85' lang='lat' dir='ltr'><strong>[vs.</strong></span> <span class='ocrx_word' id='word_1_553' title='bbox 553 4633 619 4714; x_wconf 70' lang='lat' dir='ltr'><strong>aa]</strong></span> <span class='ocrx_word' id='word_1_554' title='bbox 641 4635 727 4701; x_wconf 88' lang='lat' dir='ltr'><strong>llnic</strong></span> <span class='ocrx_word' id='word_1_555' title='bbox 748 4655 863 4700; x_wconf 89' lang='lat' dir='ltr'><strong>omnes</strong></span> <span class='ocrx_word' id='word_1_556' title='bbox 885 4631 1072 4718; x_wconf 85' lang='lat' dir='ltr'><strong>Prophetae</strong></span> <span class='ocrx_word' id='word_1_557' title='bbox 1093 4635 1312 4698; x_wconf 89' lang='lat' dir='ltr'><strong>testimonium</strong></span> <span class='ocrx_word' id='word_1_558' title='bbox 1332 4631 1441 4717; x_wconf 90' lang='lat' dir='ltr'><strong>perhi·</strong></span> <span class='ocrx_word' id='word_1_559' title='bbox 1485 4632 1610 4697; x_wconf 79' lang='lat' dir='ltr'><strong>Fontes</strong></span> <span class='ocrx_word' id='word_1_560' title='bbox 1643 4645 1753 4699; x_wconf 90' lang='lat' dir='ltr'><strong>autern</strong></span> <span class='ocrx_word' id='word_1_561' title='bbox 1782 4630 1956 4717; x_wconf 80' lang='lat' dir='ltr'><strong>diligenter</strong></span> <span class='ocrx_word' id='word_1_562' title='bbox 1988 4637 2245 4701; x_wconf 83' lang='lat' dir='ltr'><strong>consideremus.</strong></span> <span class='ocrx_word' id='word_1_563' title='bbox 2295 4634 2461 4722; x_wconf 87' lang='lat' dir='ltr'><strong>Pleraque</strong></span> 
     </span>
     <span class='ocr_line' id='line_1_47' title="bbox 472 4718 2461 4806; baseline 0.002 -24"><span class='ocrx_word' id='word_1_564' title='bbox 472 4719 567 4796; x_wconf 87' lang='lat' dir='ltr'><strong>bant,</strong></span> <span class='ocrx_word' id='word_1_565' title='bbox 596 4722 750 4806; x_wconf 70' lang='lat' dir='ltr'><strong>aecipme</strong></span> <span class='ocrx_word' id='word_1_566' title='bbox 770 4720 1230 4802; x_wconf 77' lang='lat' dir='ltr'><strong>remissionem-peccatorum</strong></span> <span class='ocrx_word' id='word_1_567' title='bbox 1245 4737 1308 4802; x_wconf 89' lang='lat' dir='ltr'><strong>per</strong></span> <span class='ocrx_word' id='word_1_568' title='bbox 1321 4737 1441 4782; x_wconf 84' lang='lat' dir='ltr'><strong>nornen</strong></span> <span class='ocrx_word' id='word_1_569' title='bbox 1486 4729 1680 4804; x_wconf 88' lang='lat' dir='ltr'><strong>argumenta</strong></span> <span class='ocrx_word' id='word_1_570' title='bbox 1700 4718 1899 4783; x_wconf 86' lang='lat' dir='ltr'><strong>adversariis</strong></span> <span class='ocrx_word' id='word_1_571' title='bbox 1921 4732 2102 4785; x_wconf 88' lang='lat' dir='ltr'><strong>nascuntur</strong></span> <span class='ocrx_word' id='word_1_572' title='bbox 2119 4741 2159 4785; x_wconf 90' lang='lat' dir='ltr'><strong>ex</strong></span> <span class='ocrx_word' id='word_1_573' title='bbox 2180 4723 2298 4787; x_wconf 89' lang='lat' dir='ltr'><strong>indicio</strong></span> <span class='ocrx_word' id='word_1_574' title='bbox 2321 4723 2461 4787; x_wconf 88' lang='lat' dir='ltr'><strong>rationis</strong></span> 
     </span>
     <span class='ocr_line' id='line_1_48' title="bbox 472 4801 2461 4887; baseline 0.001 -19"><span class='ocrx_word' id='word_1_575' title='bbox 472 4802 544 4868; x_wconf 78' lang='lat' dir='ltr'><strong>cus</strong></span> <span class='ocrx_word' id='word_1_576' title='bbox 572 4823 703 4884; x_wconf 90' lang='lat' dir='ltr'><strong>omnes,</strong></span> <span class='ocrx_word' id='word_1_577' title='bbox 751 4807 785 4870; x_wconf 93' lang='lat' dir='ltr'><strong>ui</strong></span> <span class='ocrx_word' id='word_1_578' title='bbox 814 4807 953 4870; x_wconf 88' lang='lat' dir='ltr'><strong>credunt</strong></span> <span class='ocrx_word' id='word_1_579' title='bbox 978 4805 1013 4866; x_wconf 95' lang='lat' dir='ltr'><strong>in</strong></span> <span class='ocrx_word' id='word_1_580' title='bbox 1040 4823 1125 4868; x_wconf 87' lang='lat' dir='ltr'><strong>eum.</strong></span> <span class='ocrx_word' id='word_1_581' title='bbox 1166 4801 1230 4866; x_wconf 86' lang='lat' dir='ltr'><strong>llic</strong></span> <span class='ocrx_word' id='word_1_582' title='bbox 1256 4821 1441 4868; x_wconf 87' lang='lat' dir='ltr'><strong>consensus</strong></span> <span class='ocrx_word' id='word_1_583' title='bbox 1486 4821 1545 4867; x_wconf 87' lang='lat' dir='ltr'><strong>serr</strong></span> <span class='ocrx_word' id='word_1_584' title='bbox 1578 4802 1628 4867; x_wconf 88' lang='lat' dir='ltr'><strong>Le</strong></span> <span class='ocrx_word' id='word_1_585' title='bbox 1664 4823 1680 4864; x_wconf 91' lang='lat' dir='ltr'><strong>s</strong></span> <span class='ocrx_word' id='word_1_586' title='bbox 1714 4803 1756 4866; x_wconf 91' lang='lat' dir='ltr'><strong>de</strong></span> <span class='ocrx_word' id='word_1_587' title='bbox 1788 4801 1976 4887; x_wconf 87' lang='lat' dir='ltr'><strong>disciplina,</strong></span> <span class='ocrx_word' id='word_1_588' title='bbox 2008 4807 2041 4869; x_wconf 92' lang='lat' dir='ltr'><strong>in</strong></span> <span class='ocrx_word' id='word_1_589' title='bbox 2074 4803 2160 4871; x_wconf 89' lang='lat' dir='ltr'><strong>hanc</strong></span> <span class='ocrx_word' id='word_1_590' title='bbox 2193 4809 2335 4871; x_wconf 88' lang='lat' dir='ltr'><strong>omniurn</strong></span> <span class='ocrx_word' id='word_1_591' title='bbox 2370 4803 2461 4872; x_wconf 89' lang='lat' dir='ltr'><strong>oculi</strong></span> 
     </span>
     <span class='ocr_line' id='line_1_49' title="bbox 471 4826 2461 4990; baseline 0.002 -38"><span class='ocrx_word' id='word_1_592' title='bbox 471 4898 522 4952; x_wconf 83' lang='lat' dir='ltr'><strong>cst</strong></span> <span class='ocrx_word' id='word_1_593' title='bbox 542 4906 656 4952; x_wconf 89' lang='lat' dir='ltr'><strong>verum</strong></span> <span class='ocrx_word' id='word_1_594' title='bbox 667 4826 842 4955; x_wconf 81' lang='lat' dir='ltr'><strong>Ecclesiae</strong></span> <span class='ocrx_word' id='word_1_595' title='bbox 863 4887 1096 4965; x_wconf 85' lang='lat' dir='ltr'><strong>testimonium,</strong></span> <span class='ocrx_word' id='word_1_596' title='bbox 1114 4889 1303 4952; x_wconf 74' lang='lat' dir='ltr'><strong>&#39;etdmnirm</strong></span> <span class='ocrx_word' id='word_1_597' title='bbox 1313 4888 1442 4971; x_wconf 86' lang='lat' dir='ltr'><strong>piorum</strong></span> <span class='ocrx_word' id='word_1_598' title='bbox 1485 4890 1625 4953; x_wconf 85' lang='lat' dir='ltr'><strong>sunt&#39;de</strong></span> <span class='ocrx_word' id='word_1_599' title='bbox 1669 4888 1696 4961; x_wconf 91' lang='lat' dir='ltr'><strong>i;</strong></span> <span class='ocrx_word' id='word_1_600' title='bbox 1719 4888 2073 4990; x_wconf 84' lang='lat' dir='ltr'><strong>sicntinquitPaulus</strong></span> <span class='ocrx_word' id='word_1_601' title='bbox 2096 4889 2205 4972; x_wconf 80' lang='lat' dir='ltr'><strong>[Rom.</strong></span> <span class='ocrx_word' id='word_1_602' title='bbox 2227 4891 2365 4971; x_wconf 79' lang='lat'><strong>9,31.1=</strong></span> <span class='ocrx_word' id='word_1_603' title='bbox 2400 4891 2461 4956; x_wconf 90' lang='lat' dir='ltr'><strong>Se·</strong></span> 
     </span>
     <span class='ocr_line' id='line_1_50' title="bbox 471 4971 2460 5062; baseline 0.002 -27"><span class='ocrx_word' id='word_1_604' title='bbox 471 4973 671 5056; x_wconf 74' lang='lat' dir='ltr'><strong>experiemm</strong></span> <span class='ocrx_word' id='word_1_605' title='bbox 697 4972 898 5061; x_wconf 78' lang='lat' dir='ltr'><strong>suffragatur</strong></span> <span class='ocrx_word' id='word_1_606' title='bbox 924 4971 1001 5038; x_wconf 83' lang='lat' dir='ltr'><strong>huie</strong></span> <span class='ocrx_word' id='word_1_607' title='bbox 1021 4972 1215 5039; x_wconf 74' lang='lat' dir='ltr'><strong>swtautiae.</strong></span> <span class='ocrx_word' id='word_1_608' title='bbox 1259 4972 1334 5036; x_wconf 87' lang='lat' dir='ltr'><strong>Non</strong></span> <span class='ocrx_word' id='word_1_609' title='bbox 1353 4973 1443 5034; x_wconf 86' lang='lat' dir='ltr'><strong>euim</strong></span> <span class='ocrx_word' id='word_1_610' title='bbox 1487 4983 1614 5037; x_wconf 87' lang='lat' dir='ltr'><strong>ctarrtes</strong></span> <span class='ocrx_word' id='word_1_611' title='bbox 1626 4971 1750 5055; x_wconf 81' lang='lat' dir='ltr'><strong>Legem</strong></span> <span class='ocrx_word' id='word_1_612' title='bbox 1771 4973 1914 5038; x_wconf 78' lang='lat' dir='ltr'><strong>institiae</strong></span> <span class='ocrx_word' id='word_1_613' title='bbox 1935 4977 1977 5040; x_wconf 88' lang='lat' dir='ltr'><strong>ad</strong></span> <span class='ocrx_word' id='word_1_614' title='bbox 1999 4977 2151 5041; x_wconf 86' lang='lat' dir='ltr'><strong>iustitiam</strong></span> <span class='ocrx_word' id='word_1_615' title='bbox 2171 4997 2238 5041; x_wconf 89' lang='lat' dir='ltr'><strong>non</strong></span> <span class='ocrx_word' id='word_1_616' title='bbox 2260 4977 2460 5062; x_wconf 85' lang='lat' dir='ltr'><strong>perveniunt</strong></span> 
     </span>
     <span class='ocr_line' id='line_1_51' title="bbox 470 5055 2461 5147; baseline 0.002 -25"><span class='ocrx_word' id='word_1_617' title='bbox 470 5061 613 5140; x_wconf 78' lang='lat' dir='ltr'><strong>posairnt</strong></span> <span class='ocrx_word' id='word_1_618' title='bbox 631 5058 714 5122; x_wconf 80' lang='lat' dir='ltr'><strong>aine</strong></span> <span class='ocrx_word' id='word_1_619' title='bbox 738 5055 802 5126; x_wconf 85' lang='lat' dir='ltr'><strong>bac</strong></span> <span class='ocrx_word' id='word_1_620' title='bbox 828 5057 1059 5126; x_wconf 80' lang='lat' dir='ltr'><strong>consolatione</strong></span> <span class='ocrx_word' id='word_1_621' title='bbox 1079 5058 1294 5142; x_wconf 84' lang='lat' dir='ltr'><strong>acqrriescere</strong></span> <span class='ocrx_word' id='word_1_622' title='bbox 1312 5067 1441 5122; x_wconf 83' lang='lat' dir='ltr'><strong>mentes</strong></span> <span class='ocrx_word' id='word_1_623' title='bbox 1486 5076 1549 5122; x_wconf 88' lang='lat' dir='ltr'><strong>nec</strong></span> <span class='ocrx_word' id='word_1_624' title='bbox 1572 5056 1762 5120; x_wconf 88' lang='lat' dir='ltr'><strong>discernunt</strong></span> <span class='ocrx_word' id='word_1_625' title='bbox 1783 5057 1907 5143; x_wconf 89' lang='lat' dir='ltr'><strong>Legem</strong></span> <span class='ocrx_word' id='word_1_626' title='bbox 1929 5074 1962 5124; x_wconf 90' lang='lat' dir='ltr'><strong>et</strong></span> <span class='ocrx_word' id='word_1_627' title='bbox 1984 5059 2210 5147; x_wconf 86' lang='lat' dir='ltr'><strong>Evangelium‚</strong></span> <span class='ocrx_word' id='word_1_628' title='bbox 2234 5082 2295 5128; x_wconf 92' lang='lat' dir='ltr'><strong>nec</strong></span> <span class='ocrx_word' id='word_1_629' title='bbox 2311 5063 2461 5126; x_wconf 88' lang='lat' dir='ltr'><strong>animad-</strong></span> 
     </span>
     <span class='ocr_line' id='line_1_52' title="bbox 471 5139 2461 5229; baseline 0.002 -23"><span class='ocrx_word' id='word_1_630' title='bbox 471 5143 825 5208; x_wconf 69' lang='lat' dir='ltr'><strong>h=verstaontritione</strong></span> <span class='ocrx_word' id='word_1_631' title='bbox 842 5144 1016 5209; x_wconf 71' lang='lat' dir='ltr'><strong>cantuaria</strong></span> <span class='ocrx_word' id='word_1_632' title='bbox 1038 5143 1230 5207; x_wconf 84' lang='lat' dir='ltr'><strong>terroribus.</strong></span> <span class='ocrx_word' id='word_1_633' title='bbox 1263 5141 1354 5206; x_wconf 75' lang='lat' dir='ltr'><strong>ilaec</strong></span> <span class='ocrx_word' id='word_1_634' title='bbox 1368 5161 1443 5206; x_wconf 77' lang='lat' dir='ltr'><strong>crus</strong></span> <span class='ocrx_word' id='word_1_635' title='bbox 1486 5151 1616 5205; x_wconf 85' lang='lat' dir='ltr'><strong>vertum</strong></span> <span class='ocrx_word' id='word_1_636' title='bbox 1638 5139 1854 5228; x_wconf 86' lang='lat' dir='ltr'><strong>Evangeiinm</strong></span> <span class='ocrx_word' id='word_1_637' title='bbox 1876 5145 1910 5208; x_wconf 95' lang='lat' dir='ltr'><strong>in</strong></span> <span class='ocrx_word' id='word_1_638' title='bbox 1935 5145 2000 5209; x_wconf 89' lang='lat' dir='ltr'><strong>hac</strong></span> <span class='ocrx_word' id='word_1_639' title='bbox 2021 5147 2217 5229; x_wconf 87' lang='lat' dir='ltr'><strong>quaestione</strong></span> <span class='ocrx_word' id='word_1_640' title='bbox 2237 5166 2304 5210; x_wconf 87' lang='lat' dir='ltr'><strong>non</strong></span> <span class='ocrx_word' id='word_1_641' title='bbox 2326 5145 2369 5210; x_wconf 92' lang='lat' dir='ltr'><strong>de</strong></span> <span class='ocrx_word' id='word_1_642' title='bbox 2389 5147 2461 5209; x_wconf 92' lang='lat' dir='ltr'><strong>vita</strong></span> 
     </span>
     <span class='ocr_line' id='line_1_53' title="bbox 472 5221 2459 5310; baseline 0.001 -18"><span class='ocrx_word' id='word_1_643' title='bbox 472 5227 754 5305; x_wconf 69' lang='lat' dir='ltr'><strong>sbti-sertisshra,</strong></span> <span class='ocrx_word' id='word_1_644' title='bbox 774 5246 987 5294; x_wconf 82' lang='lat' dir='ltr'><strong>nemo-sanus</strong></span> <span class='ocrx_word' id='word_1_645' title='bbox 1001 5224 1204 5296; x_wconf 76' lang='lat' dir='ltr'><strong>inEeclesia</strong></span> <span class='ocrx_word' id='word_1_646' title='bbox 1218 5227 1443 5292; x_wconf 83' lang='lat' dir='ltr'><strong>contradicere</strong></span> <span class='ocrx_word' id='word_1_647' title='bbox 1529 5221 1620 5290; x_wconf 88' lang='lat' dir='ltr'><strong>iitica</strong></span> <span class='ocrx_word' id='word_1_648' title='bbox 1651 5223 1753 5310; x_wconf 90' lang='lat' dir='ltr'><strong>loqui,</strong></span> <span class='ocrx_word' id='word_1_649' title='bbox 1785 5229 1844 5291; x_wconf 90' lang='lat' dir='ltr'><strong>sed</strong></span> <span class='ocrx_word' id='word_1_650' title='bbox 1875 5229 1918 5294; x_wconf 90' lang='lat' dir='ltr'><strong>de</strong></span> <span class='ocrx_word' id='word_1_651' title='bbox 1950 5228 2214 5295; x_wconf 85' lang='lat' dir='ltr'><strong>reconciliatione</strong></span> <span class='ocrx_word' id='word_1_652' title='bbox 2235 5249 2347 5296; x_wconf 85' lang='lat' dir='ltr'><strong>coram</strong></span> <span class='ocrx_word' id='word_1_653' title='bbox 2369 5227 2459 5294; x_wconf 87' lang='lat' dir='ltr'><strong>Deo.</strong></span> 
     </span>
     <span class='ocr_line' id='line_1_54' title="bbox 515 5312 2460 5384; baseline 0.007 -18"><span class='ocrx_word' id='word_1_654' title='bbox 515 5323 590 5376; x_wconf 69' lang='lat' dir='ltr'><strong>test,</strong></span> <span class='ocrx_word' id='word_1_655' title='bbox 1516 5330 1578 5374; x_wconf 90' lang='lat' dir='ltr'><strong>aec</strong></span> <span class='ocrx_word' id='word_1_656' title='bbox 1605 5331 1728 5375; x_wconf 91' lang='lat' dir='ltr'><strong>arcana</strong></span> <span class='ocrx_word' id='word_1_657' title='bbox 1744 5312 1962 5384; x_wconf 88' lang='lat' dir='ltr'><strong>discernenda</strong></span> <span class='ocrx_word' id='word_1_658' title='bbox 1982 5327 2058 5378; x_wconf 89' lang='lat' dir='ltr'><strong>sunt</strong></span> <span class='ocrx_word' id='word_1_659' title='bbox 2080 5337 2101 5380; x_wconf 92' lang='lat' dir='ltr'><strong>a</strong></span> <span class='ocrx_word' id='word_1_660' title='bbox 2122 5313 2210 5381; x_wconf 90' lang='lat' dir='ltr'><strong>civili</strong></span> <span class='ocrx_word' id='word_1_661' title='bbox 2233 5315 2460 5380; x_wconf 88' lang='lat' dir='ltr'><strong>conversatio·</strong></span> 
     </span>
     <span class='ocr_line' id='line_1_55' title="bbox 558 5392 2458 5485; baseline 0.001 -25"><span class='ocrx_word' id='word_1_662' title='bbox 558 5395 626 5460; x_wconf 89' lang='lat' dir='ltr'><strong>Sed</strong></span> <span class='ocrx_word' id='word_1_663' title='bbox 653 5397 742 5480; x_wconf 89' lang='lat' dir='ltr'><strong>quod</strong></span> <span class='ocrx_word' id='word_1_664' title='bbox 769 5394 865 5461; x_wconf 90' lang='lat' dir='ltr'><strong>aliter</strong></span> <span class='ocrx_word' id='word_1_665' title='bbox 888 5395 1043 5462; x_wconf 87' lang='lat' dir='ltr'><strong>Monachi</strong></span> <span class='ocrx_word' id='word_1_666' title='bbox 1072 5400 1139 5462; x_wconf 90' lang='lat' dir='ltr'><strong>scri</strong></span> <span class='ocrx_word' id='word_1_667' title='bbox 1164 5408 1296 5474; x_wconf 80' lang='lat' dir='ltr'><strong>serunt,</strong></span> <span class='ocrx_word' id='word_1_668' title='bbox 1325 5415 1365 5460; x_wconf 91' lang='lat' dir='ltr'><strong>eo</strong></span> <span class='ocrx_word' id='word_1_669' title='bbox 1393 5394 1441 5473; x_wconf 89' lang='lat' dir='ltr'><strong>iit,</strong></span> <span class='ocrx_word' id='word_1_670' title='bbox 1484 5413 1537 5458; x_wconf 90' lang='lat' dir='ltr'><strong>ne.</strong></span> <span class='ocrx_word' id='word_1_671' title='bbox 1559 5392 1650 5481; x_wconf 84' lang='lat' dir='ltr'><strong>Ergo</strong></span> <span class='ocrx_word' id='word_1_672' title='bbox 1671 5396 1735 5460; x_wconf 87' lang='lat' dir='ltr'><strong>has</strong></span> <span class='ocrx_word' id='word_1_673' title='bbox 1757 5394 1915 5483; x_wconf 75' lang='lat' dir='ltr'><strong>caligines</strong></span> <span class='ocrx_word' id='word_1_674' title='bbox 1937 5409 1970 5462; x_wconf 88' lang='lat' dir='ltr'><strong>et</strong></span> <span class='ocrx_word' id='word_1_675' title='bbox 1992 5399 2097 5465; x_wconf 88' lang='lat' dir='ltr'><strong>nubes</strong></span> <span class='ocrx_word' id='word_1_676' title='bbox 2120 5399 2284 5485; x_wconf 89' lang='lat' dir='ltr'><strong>depellant</strong></span> <span class='ocrx_word' id='word_1_677' title='bbox 2305 5399 2458 5476; x_wconf 81' lang='lat' dir='ltr'><strong>studiosi,</strong></span> 
     </span>
     <span class='ocr_line' id='line_1_56' title="bbox 472 5418 2457 5572; baseline 0.002 -28"><span class='ocrx_word' id='word_1_678' title='bbox 472 5481 549 5563; x_wconf 86' lang='lat' dir='ltr'><strong>quia</strong></span> <span class='ocrx_word' id='word_1_679' title='bbox 575 5500 643 5546; x_wconf 90' lang='lat' dir='ltr'><strong>non</strong></span> <span class='ocrx_word' id='word_1_680' title='bbox 672 5482 900 5547; x_wconf 89' lang='lat' dir='ltr'><strong>discernebant</strong></span> <span class='ocrx_word' id='word_1_681' title='bbox 928 5481 1053 5567; x_wconf 81' lang='lat' dir='ltr'><strong>Legem</strong></span> <span class='ocrx_word' id='word_1_682' title='bbox 1082 5491 1116 5545; x_wconf 88' lang='lat' dir='ltr'><strong>at</strong></span> <span class='ocrx_word' id='word_1_683' title='bbox 1140 5418 1447 5566; x_wconf 45' lang='lat' dir='ltr'><strong>llvangeiiumset·</strong></span> <span class='ocrx_word' id='word_1_684' title='bbox 1484 5477 1638 5545; x_wconf 89' lang='lat' dir='ltr'><strong>videlicet</strong></span> <span class='ocrx_word' id='word_1_685' title='bbox 1659 5476 1885 5554; x_wconf 79' lang='lat' dir='ltr'><strong>confusionem</strong></span> <span class='ocrx_word' id='word_1_686' title='bbox 1905 5483 2007 5568; x_wconf 85' lang='lat' dir='ltr'><strong>Legis</strong></span> <span class='ocrx_word' id='word_1_687' title='bbox 2031 5497 2063 5548; x_wconf 90' lang='lat' dir='ltr'><strong>et</strong></span> <span class='ocrx_word' id='word_1_688' title='bbox 2079 5483 2262 5572; x_wconf 83' lang='lat' dir='ltr'><strong>Evangelii,</strong></span> <span class='ocrx_word' id='word_1_689' title='bbox 2286 5499 2317 5549; x_wconf 88' lang='lat' dir='ltr'><strong>et</strong></span> <span class='ocrx_word' id='word_1_690' title='bbox 2340 5481 2457 5548; x_wconf 81' lang='lat' dir='ltr'><strong>eoniu-</strong></span> 
     </span>
    </p>
   </div>
   <div class='ocr_carea' id='block_1_3' title="bbox 0 0 2941 6724">
    <p class='ocr_par' dir='ltr' id='par_1_3' title="bbox 0 0 2941 6724">
     <span class='ocr_line' id='line_1_57' title="bbox 0 0 2941 6724; baseline 0 0"><span class='ocrx_word' id='word_1_691' title='bbox 0 0 2941 6724; x_wconf 95' lang='lat' dir='ltr'><strong> </strong></span> 
     </span>
    </p>
   </div>
  </div>
 </body>
</html>
