5859 6734
522 756 587 824 tut
1045 787 1047 791 ·
1142 750 1256 818 Ptin..
1277 749 1383 818 nint..
1404 748 1590 817 sonim
1614 746 1890 817 nostramet.
2448 755 2514 820 504

522 939 706 1008 vudatica
717 939 763 1020 ⁵⁴)
785 937 975 1023 superstitio
995 934 1183 1083 perniciosa
1204 948 1238 1000 et
1254 937 1413 1003 seditiosa
1434 949 1497 1016 est,
1538 937 1615 1022 gina
1646 934 1719 1001 325.
1763 941 1815 999 reat
1842 936 1858 998 ὃ
1885 936 1957 1009 λαὸς
1978 938 2154 1019 elpram),
2175 940 2454 1019 centumplicatur
2467 944 2513 1020 ⁸⁸)

524 1043 611 1112 qnae
629 1022 733 1107 angit
753 1022 921 1087 ministros
937 1020 1007 1085 Ecc
1021 1021 1165 1084 esiamm
1185 1020 1230 1086 a'tl
1243 1021 1496 1100 mendicitatem,
1538 1020 1635 1095 αᾶτοῖς
1672 1024 1723 1083 real
1752 1023 2010 1105 ἐπισφραγίςονιος
2032 1022 2084 1082 τοῦ
2110 1022 2161 1098 τῆς
2192 1024 2358 1100 natatui:
2382 1023 2513 1103 Ἀλεξαν-

524 1117 680 1258 οι-ἰιΐίι3
698 1108 746 1170 eis
767 1103 871 1171 licere
891 1108 1058 1190 proprium
1080 1115 1205 1168 tenere.
1538 1104 1639 1191 ὀρείας
1660 1104 1829 1167 tamaium.

681 1201 776 1255 tanus
805 1192 872 1255 dixi
900 1191 941 1254 de
966 1190 1098 1272 proprio
1127 1184 1239 1254 cilicio
1260 1209 1321 1254 sen
1341 1192 1497 1256 mandato
1623 1190 1722 1272 Apud
1744 1187 1944 1274 cyprianum
1971 1189 2008 1252 iit
2036 1191 2153 1252 crebra
2178 1191 2298 1254 mentio
2322 1189 2418 1255 huius
2441 1214 2512 1257 mo·

524 1278 698 1362 potestatis
718 1271 984 1340 Ecclesiasticae.
1038 1273 1136 1338 Nunc
1163 1273 1292 1359 reliqua
1318 1286 1371 1339 est
1419 1296 1497 1340 uae·
1537 1276 1594 1339 ris.
1602 1276 1649 1357 ⁶⁹)
1683 1272 1729 1337 Ut
1749 1271 1890 1357 epistola
1918 1273 1949 1337 3.
1979 1275 2021 1337 ad
2043 1272 2248 1339 Cornelium:
2271 1273 2411 1348 Quando
2434 1277 2512 1361 Epi·

524 1363 603 1442 stlo,
623 1379 709 1445 qnae
732 1360 892 1424 debeatur
904 1358 1062 1422 ministris
1083 1355 1310 1424 Ecclesiarum
1339 1296 1496 1423 obelien·
1538 1378 1663 1444 scopus
1690 1358 1724 1421 in
1749 1357 1861 1421 locunt
1888 1356 2031 1422 deiirncti
2054 1358 2269 1436 substituitur,
2294 1361 2425 1442 qnando
2450 1382 2512 1442 po·

525 1447 580 1514 tia·
613 1445 709 1508 liam:
730 1442 785 1506 An
805 1442 904 1508 liceat
923 1441 1099 1525 Episcopis
1122 1444 1267 1509 condere
1283 1444 1496 1509 traditiones?
1560 1442 1606 1508 uli
1637 1444 1782 1508 universi
1816 1441 1972 1527 suffragio
2007 1439 2167 1527 deligitur.
2228 1442 2271 1505 Et
2302 1443 2443 1525 epistola
2476 1447 2509 1508 4.

610 1526 754 1592 Primum
774 1528 817 1591 de
837 1528 1024 1592 obedientia
1046 1531 1244 1611 respondeo.
1277 1525 1370 1594 Sicut
1390 1531 1495 1595 verbo
1537 1467 1604 1592 iro
1628 1538 1678 1591 ter
1698 1527 1787 1612 quod
1808 1524 1902 1610 plebs
1925 1530 2111 1611 obsequens
2131 1528 2318 1610 praeceptis
2335 1528 2509 1593 dominicis

526 1613 601 1692 Dei,
620 1613 668 1676 ita
688 1611 845 1675 ministris
867 1612 1060 1677 docentibus
1081 1615 1219 1679 verbum
1240 1613 1322 1692 Dei,
1343 1616 1432 1698 quod
1453 1614 1497 1678 ad
1538 1625 1573 1678 et
1627 1633 1700 1677 eum
1721 1622 1883 1690 metuens,
1904 1633 1925 1676 a
1945 1622 2120 1696 peccatore
2140 1611 2330 1694 praeposito
2352 1631 2510 1695 separare

525 1695 738 1764 mbriaierium
759 1699 886 1773 attinet,
908 1697 1047 1761 debetur
1069 1698 1264 1762 obedientia.
1292 1697 1386 1763 Sicut
1402 1719 1497 1782 prae-
1524 1718 1577 1778 se
1604 1699 1720 1774 debet,
1752 1716 1816 1760 nec
1834 1716 1876 1780 se
1898 1698 1941 1760 ad
1962 1694 2117 1780 sacrdegi
2139 1696 2324 1759 sacerdotis
2346 1696 2511 1760 sacriiida

528 1781 605 1866 cipit
630 1781 794 1863 scriptura
823 1780 916 1859 [Luc.
940 1781 998 1859 10,
1022 1780 1103 1861 lul:
1136 1782 1201 1855 Qui
1220 1803 1284 1847 vos
1305 1783 1412 1863 audit,
1444 1802 1498 1848 me
1538 1783 1692 1859 miscere,
1711 1781 1842 1865 quando
1864 1783 1937 1865 ipsa
1959 1783 2099 1845 maxime
2121 1780 2221 1844 habet
2237 1790 2434 1863 potestatem
2457 1780 2512 1845 vel

526 1866 628 1935 audit.
670 1865 751 1929 ltenr
773 1863 906 1944 [Matth.
927 1866 981 1943 23,
1004 1865 1067 1945 3.]:
1089 1865 1253 1952 Quicquid
1275 1868 1425 1945 dixerint,
1449 1866 1498 1931 ia·
1539 1865 1682 1953 eligendi
1703 1866 1822 1950 dignos
1844 1867 2049 1942 sacerdotes,
2071 1862 2126 1929 vel
2148 1867 2302 1949 indignos
2325 1867 2510 1929 recusandi

528 1953 613 2018 otte.
646 1950 727 2016 ltam
756 1949 800 2028 [l.
827 1949 916 2014 Patr.
937 1952 970 2029 2,
1001 1950 1051 2014 13.
1080 1951 1164 2030 18.]t
1198 1951 1338 2016 Obedite
1358 1972 1499 2036 praepo·
1538 1950 1582 2016 Et
1613 1952 1787 2033 deinceps:
1830 1947 1972 2034 Propter
2003 1953 2093 2034 qnod
2124 1948 2297 2034 diligenter
2329 1949 2371 2011 da
2402 1950 2513 2013 divina

527 2037 599 2102 sitis
621 2036 753 2100 vestris.
784 2033 869 2098 Nam
890 2034 955 2099 hae
977 2037 1160 2100 sententiae
1179 2034 1358 2121 loquuntur
1380 2039 1422 2101 de
1442 2038 1499 2100 mi·
1538 2036 1712 2101 traditione
1744 2045 1777 2098 et
1809 2033 2006 2119 Apostolica
2044 2036 2277 2099 observatione
2309 2035 2511 2098 servandum

528 2121 674 2196 nisterio,
692 2129 726 2184 et
741 2119 911 2202 reqnimnt
926 2121 1145 2185 obedientiam
1161 2119 1306 2186 debitam
1317 2122 1380 2203 ipsi
1389 2120 1499 2184 Evan·
1541 2131 1594 2185 est
1637 2131 1671 2185 et
1713 2120 1905 2195 tenendum,
1956 2121 2045 2203 quod
2083 2120 2171 2202 apud
2205 2137 2268 2181 nos
2309 2138 2441 2201 quoque
2478 2130 2513 2182 et

528 2201 627 2291 gello,
658 2222 725 2267 non
758 2205 962 2270 constituunt
994 2216 1103 2269 autern
1134 2225 1275 2290 regnum
1307 2207 1498 2285 doctoribus
1540 2203 1611 2271 iere
1642 2206 1676 2269 in
1708 2205 1859 2269 omnibus
1891 2205 2070 2286 provinciis
2102 2214 2249 2280 tenetur,
2279 2214 2318 2267 ιιι
2348 2203 2392 2264 ad
2412 2204 2512 2286 ,ordi-

527 2301 622 2354 extra
652 2285 878 2374 Evangelium.
932 2288 1080 2354 Debetur
1113 2291 1161 2353 eis
1190 2291 1289 2354 etiam
1313 2291 1500 2355 obedientia
1540 2291 1694 2355 nationes
1732 2290 1794 2352 rite
1832 2286 2066 2366 celebrandas,
2098 2288 2141 2351 ad
2173 2307 2247 2351 eam
2277 2284 2424 2369 plebem,
2456 2290 2511 2351 oui

526 2375 561 2440 iii
580 2373 815 2452 iurisdictione,
837 2393 936 2456 quam
955 2372 1080 2438 habent
1100 2375 1190 2438 iuxta
1206 2372 1435 2460 Evangelium,
1451 2376 1500 2440 vi·
1540 2374 1748 2458 praepositus
1790 2374 1974 2450 ordinatur,
2010 2373 2166 2456 Episcopi
2200 2373 2346 2436 eiusdem
2378 2373 2513 2452 provin·

526 2456 649 2524 delicet
674 2458 709 2520 in
736 2458 925 2543 cognitione
947 2458 1133 2536 criminum,
1160 2461 1195 2523 in
1215 2461 1387 2524 audiendis
1409 2458 1500 2523 testi·
1543 2460 1615 2526 ciac
1660 2460 1798 2540 proximi
1841 2459 1962 2542 quique
2005 2458 2217 2530 conveniantt
2259 2466 2293 2520 et
2324 2454 2511 2538 Episcopus

527 2545 603 2619 bns,
622 2544 658 2605 in
678 2538 825 2626 legitima
845 2542 1180 2607 excommunicatione
1201 2554 1264 2608 etc.
1294 2543 1362 2609 Sed
1384 2544 1426 2607 de
1448 2563 1501 2607 ca-
1541 2541 1706 2628 deligatur
1737 2539 1836 2626 plebe
1873 2553 2067 2624 praesente,
2110 2561 2196 2625 quae
2227 2537 2431 2626 singolorrmr
2464 2542 2513 2603 vi·

528 2625 682 2690 montis
704 2626 784 2709 qnid
804 2628 1008 2691 sentiendum
1029 2629 1084 2704 sit,
1094 2639 1212 2709 postea
1223 2630 1340 2692 dicam.
1368 2627 1501 2693 liabent
1541 2640 1611 2691 tarn
1641 2624 1834 2711 plenissime
1865 2629 1977 2701 novit3
2008 2627 2098 2710 quod
2124 2638 2157 2688 et
2182 2626 2270 2709 apud
2297 2643 2361 2689 vos
2387 2623 2513 2689 iactum

528 2712 614 2775 enirn
635 2711 844 2774 autoritatem
864 2712 1038 2776 ordinandi
1056 2714 1271 2790 ceremonias,
1287 2712 1353 2776 hoc
1370 2713 1447 2791 line,
1462 2723 1501 2776 ιιι
1541 2710 1688 2777 ridemus
1716 2713 1750 2776 in
1778 2710 1891 2775 Sabini
1920 2709 2072 2795 collegae
2098 2711 2205 2774 nostri
2226 2711 2447 2785 ordinatione,
2476 2720 2512 2772 ut

528 2796 644 2860 ordine
676 2805 834 2879 gerantur
866 2815 922 2860 res
953 2798 987 2859 in
1019 2793 1152 2878 publico
1185 2795 1357 2861 Ecclesiae
1391 2807 1499 2861 coetu.
1541 2797 1583 2860 de
1603 2797 1780 2860 universae
1809 2793 2021 2858 fraternitatis
2043 2794 2220 2880 suffragio,
2247 2807 2281 2858 et
2308 2795 2349 2857 de
2374 2793 2513 2877 Episco-

528 2877 622 2944 Sicat
641 2876 765 2960 Paulus
788 2879 831 2956 [l.
855 2877 932 2943 Cor.
955 2881 1013 2956 ll,
1040 2880 1148 2965 iisq]
1170 2882 1310 2960 ordinat,
1330 2893 1368 2946 nt
1388 2879 1500 2945 mulie-
1538 2900 1673 2965 porum,
1694 2880 1750 2963 qni
1770 2879 1804 2943 in
1847 2881 2012 2944 raesentia
2030 2891 2270 2957 convenerant,
2297 2880 2415 2943 iudicio
2437 2878 2513 2962 Epi·

528 3044 1500 3115 ...
1539 2964 1750 3112 800ΨΨ
1771 2966 1794 3027 <¹
1827 2964 2209 3042 Ψ

529 3145 622 3204 certa
648 3145 761 3202 essent
788 3070 927 3198 doiiandi
948 3144 1107 3219 tempora.
1151 3134 1218 3199 Sed
1239 3132 1303 3199 bae
1324 3096 1500 3199 ordinitio-
1544 3132 1659 3199 vicinis
1689 3067 1858 3197 orllinllsatos
1886 3153 1980 3210 esse,
2013 3143 2046 3196 et
2061 3067 2258 3196 ’noinanili
2283 3134 2326 3196 ab
2355 3130 2512 3193 Ostiensi.

528 3241 590 3288 nes
617 3241 685 3286 non
711 3220 833 3285 debent
860 3219 1090 3301 superstitiose
1116 3217 1270 3325 intelligit
1318 3240 1386 3285 non
1415 3220 1500 3284 enim
1543 3219 1586 3283 Et
1607 3220 1648 3282 de
1669 3216 1782 3302 populi
1803 3216 1967 3303 suffragiis
1989 3218 2105 3282 scribit
2124 3218 2159 3281 in
2180 3217 2272 3299 epist.
2296 3215 2368 3278 110.
2410 3213 2512 3289 Veni,

527 3316 605 3372 aunt
625 3305 769 3370 institiae
784 3306 830 3380 66)
853 3321 914 3367 seu
936 3301 1044 3367 cultus
1066 3305 1247 3369 necessarii
1267 3305 1312 3369 ad
1331 3305 1499 3380 iustitiam,
1545 3315 1578 3368 et
1606 3303 1772 3386 quomodo
1801 3300 1904 3367 voluit
1926 3303 2104 3378 Dominus,
2129 3302 2254 3366 adiuvit
2280 3320 2342 3364 nos
2364 3318 2425 3383 pro
2447 3318 2513 3361 sua

529 3391 689 3454 sadsunt
709 3407 747 3451 re
767 3389 843 3469 ipsa
862 3405 919 3451 res
937 3386 1110 3472 α’διάφοραι,
1128 3409 1214 3473 quae
1236 3399 1329 3453 extra
1350 3386 1501 3452 scandali
1544 3388 1785 3464 misericordia,
1814 3399 1850 3451 ut
1878 3408 1953 3452 cnm
1980 3407 2062 3470 pace
2088 3384 2287 3469 Episcopum
2313 3386 2512 3468 acciperent,

530 3485 644 3622 35η
665 3471 769 3535 omitti
788 3484 929 3553 possunt
949 3473 1020 3536 sine
1040 3484 1192 3555 peccato.
1235 3473 1349 3558 ltaque
1365 3471 1419 3536 his
1435 3485 1501 3536 tra·
1545 3491 1642 3556 qnam
1659 3473 1751 3554 prior
1772 3471 2045 3555 designaveratE
2069 3472 2206 3556 iscopus
2228 3466 2513 3548 eorum,volunta-

563 3557 707 3622 tionibus
748 3557 886 3619 debetur
924 3557 1126 3635 obedientia,
1174 3557 1265 3642 quod
1302 3559 1346 3622 ad
1385 3577 1501 3622 casnm
1541 3569 1607 3621 tenr
1628 3557 1713 3620 enirn
1732 3558 1963 3639 praecedentis
1973 3557 2019 3638 ⁰⁰)
2066 3557 2192 3639 piscopi
2211 3555 2263 3618 sui
2283 3552 2423 3620 libenter
2444 3573 2512 3616 am·

531 3637 680 3708 scandali
702 3640 831 3715 attinet;
854 3651 947 3705 extra
969 3660 1082 3706 casum
1104 3640 1256 3706 scandali
1276 3643 1501 3706 conscientiae
1541 3639 1630 3725 plexi
1652 3650 1738 3704 suut.
1783 3640 1892 3704 Minna
1914 3651 2022 3704 tamen
2038 3638 2160 3723 aliquid
2177 3636 2300 3704 iactrrm
2322 3651 2404 3716 erat,
2425 3636 2514 3701 unde

531 3735 608 3792 aunt
633 3723 774 3801 liberae,
801 3744 865 3790 neo
891 3722 1015 3791 habent
1034 3723 1192 3809 Episcopi
1218 3727 1271 3791 ius
1292 3727 1400 3810 magis
1423 3745 1501 3790 one·
1542 3723 1691 3790 nonnulli
1713 3726 2002 3800 contristabantur,
2031 3725 2108 3807 qnia
2129 3722 2231 3789 frater
2253 3723 2399 3788 Severus
2443 3735 2514 3787 nta-

531 3810 625 3876 randi
657 3810 879 3874 conscientias
913 3811 982 3875 suis
1014 3811 1259 3885 nadidonibus3
1298 3811 1386 3875 sicut
1416 3807 1502 3872 inira
1547 3823 1639 3875 verat
1672 3805 1843 3886 sufficere,
1875 3821 1910 3873 ut
1933 3828 2163 3873 successorem
2185 3829 2280 3874 snum
2302 3810 2391 3891 apud
2452 3809 2514 3870 en‘-

532 3895 688 3961 dlcemus.
1543 3914 1603 3957 cos
1636 3893 1836 3976 designaret,
1867 3893 1954 3977 apud
1986 3889 2140 3978 populum
2173 3894 2250 3957 inde
2282 3913 2349 3957 non
2381 3890 2513 3956 locutus

616 3979 670 4044 De
686 3979 870 4043 Vocatione
891 3997 952 4044 seu
967 3979 1182 4043 ordinatione
1202 3979 1364 4062 quaedam
1381 3978 1502 4042 adden·
1544 3989 1606 4043 est.
1648 3975 1729 4040 Erat
1757 3977 1833 4041 inde
1854 3977 2038 4062 aliquorum
2060 3975 2220 4042 nonnulla
2241 3978 2380 4041 tristitia
2425 3974 2512 4047 Quid

534 4069 577 4131 da
596 4074 684 4129 sunt.
728 4060 851 4126 Paulus
872 4063 1031 4146 praecipit
1054 4063 1127 4126 Tito
1151 4063 1198 4143 [l,
1219 4061 1285 4141 5.]‚
1312 4073 1349 4126 ut
1369 4063 1403 4125 in
1424 4062 1503 4126 vici-
1543 4060 1661 4145 plura?
1690 4061 1764 4126 Deo
1795 4059 1928 4145 placuit,
1960 4063 2089 4126 tristitia
2120 4059 2234 4146 iugata
2262 4075 2327 4140 est,
2356 4060 2513 4143 gandium

532 4151 585 4214 nis
612 4145 697 4211 locis
726 4147 904 4211 constituat
931 4145 1165 4232 Presbyteros.
1207 4146 1308 4211 Extat
1336 4146 1434 4232 igitur
1456 4156 1503 4210 te-
1544 4149 1723 4223 successit,
1753 4148 1923 4212 ordinatus
1952 4159 2015 4211 est·
2029 4146 2233 4231 Episcopus,
2261 4166 2355 4230 quern
2375 4162 2512 4228 praece-

534 4233 721 4298 stimonium
749 4231 948 4313 scripturae,
974 4233 1062 4315 quod
1083 4230 1244 4296 Pastores
1269 4232 1336 4295 sint
1364 4232 1503 4294 ordinati
1544 4234 1627 4296 dans
1648 4231 1835 4316 Episcopus
1862 4233 2056 4317 designavit.
2100 4231 2191 4317 Ego,
2211 4251 2253 4296 ne
2275 4230 2375 4315 aliqui
2395 4230 2438 4294 de
2459 4249 2513 4292 me

534 4338 555 4382 a
576 4317 692 4382 vicinis
712 4314 927 4392 Pastoribus,
947 4313 1013 4379 hoc
1035 4327 1097 4393 est,
1117 4314 1275 4399 praefecti
1298 4314 1370 4379 aliis
1387 4313 1502 4380 Eccle-
1544 4329 1733 4400 querantur,
1753 4313 1955 4381 voluntatem
1976 4335 2092 4394 meam,
2114 4338 2212 4400 qnam
2229 4317 2328 4380 credo
2345 4312 2408 4378 Dei
2425 4333 2514 4390 asse,

534 4401 605 4466 siis.
654 4397 723 4466 Sed
747 4397 900 4463 Ecclesia
924 4402 1110 4464 mandatum
1137 4400 1255 4478 habet,
1283 4421 1326 4465 ne
1353 4402 1504 4466 admittat
1543 4404 1577 4464 in
1604 4402 1747 4467 omnium
1775 4411 1923 4465 vestrum
1945 4402 2090 4464 notitiam
2112 4399 2257 4484 profero,
2279 4400 2514 4485 Presbyterum

534 4487 578 4550 int
601 4486 652 4549 'os
683 4485 855 4561 doctores,
885 4483 946 4547 sed
977 4496 1114 4568 quaerat
1144 4486 1268 4561 bonos;
1299 4487 1389 4549 iuxta
1421 4483 1504 4549 illud
1543 4486 1697 4550 Eradium
1724 4484 1802 4552 mibi
1824 4505 2054 4550 successorem
2076 4485 2163 4549 volo.
2208 4482 2383 4570 Apopnlo
2404 4480 2512 4547 accla-

536 4505 665 4647 [nlius
694 4568 732 4645 7,
762 4567 844 4647 lii.]=
878 4566 1004 4633 Cavete
1032 4589 1053 4631 a
1072 4569 1379 4653 pseudoprophetis.
1423 4570 1502 4635 ldeo
1543 4582 1665 4635 matum
1688 4582 1756 4648 est,
1790 4568 1865 4646 liat,
1887 4567 1955 4634 fiat.
1998 4569 2060 4633 llic
2082 4567 2171 4634 clare
2194 4580 2333 4636 testatur
2354 4568 2386 4632 A
2474 4570 2513 4630 ti·

535 4652 578 4716 ad
599 4648 792 4716 electionem
808 4652 1030 4716 ministromm
1050 4654 1194 4717 accessit
1215 4657 1318 4719 veteri
1335 4675 1428 4720 more
1445 4675 1502 4719 au·
1542 4675 1606 4720 nus
1626 4655 1791 4741 suffragiis
1811 4651 1923 4737 populi
1944 4653 2131 4740 Episcopos
2153 4668 2285 4719 creatos
2303 4674 2389 4718 esse
2438 4655 2512 4717 darn

536 4736 651 4800 toritas
671 4732 854 4814 Ecclesiae,
874 4736 939 4801 hoc
961 4745 1023 4814 est,
1044 4756 1175 4815 eornm,
1207 4739 1326 4822 quibas
1347 4738 1503 4805 Ecclesra
1545 4738 1695 4825 exempla
1715 4741 1748 4803 in
1765 4737 1911 4803 historiis
1933 4740 2122 4817 ostendant,
2144 4753 2179 4805 nt
2199 4742 2233 4804 in
2256 4741 2322 4803 vita
2343 4738 2511 4802 Ambrosii

536 4835 609 4884 earn
629 4839 699 4884 rem
720 4820 950 4884 commisisset.
983 4819 1149 4886 Historiae
1170 4833 1204 4886 et
1225 4824 1358 4888 decreta
1379 4835 1503 4889 testan-

536 4915 591 4967 tur
611 4901 702 4967 bunc
721 4899 826 4967 faisse
850 4923 992 4969 morem:
1035 4902 1183 4989 Populus
1205 4904 1365 5009 eligebat,
1385 4920 1503 4991 postea

537 4987 682 5052 amassit
708 4988 865 5052 autoritas
893 4989 991 5052 vicini
1011 4987 1184 5072 Episcopi,
1213 5012 1269 5075 an
1298 4994 1503 5076 approbabat
1544 5029 1591 5093 5⁷)
1609 5028 1731 5095 scaro]
1751 5028 1794 5081 bd
1819 5029 1857 5082 η
1873 5022 1960 5096 ἥρωα

538 5067 688 5136 electum.
708 5069 822 5134 Verba
850 5081 925 5134 sunt
947 5070 1032 5137 haec
1052 5075 1087 5136 in
1107 5074 1240 5138 decreto
1260 5075 1406 5141 Nicenae
1425 5095 1504 5162 syn·
1713 5063 1720 5087 '
1961 5064 1967 5089 '

538 5154 609 5231 odi,
642 5153 730 5238 quod
757 5165 845 5217 extat
865 5155 897 5218 in
919 5156 1079 5238 tripartita
1099 5157 1237 5222 historia
1257 5158 1314 5224 lib,
1337 5160 1425 5237 gae)
1447 5182 1503 5243 pa,
1544 5129 1591 5194 ⁵⁸)
1609 5128 2186 5264 ffiffg‘q’tqfiffilfstmffioe&
2215 5133 2245 5179 11
2266 5131 2358 5180 -1³·
2387 5133 2413 5184 et
2432 5130 2513 5193 otas

537 5307 737 5320 “········
1543 5297 1590 5362 50)
1608 5297 1697 5362 morial
1717 5298 1754 5350 sic
1770 5299 1844 5352 nuta
1862 5301 1887 5350 t.
1905 5301 1999 5350 t-a.
2019 5301 2143 5350 11-14.
2162 5305 2189 5353 et
2206 5299 2279 5366 opp.;
2297 5299 2340 5352 Ed
2359 5301 2382 5347 l.
2400 5303 2452 5362 ιη).
2470 5310 2512 5350 er·

539 5391 586 5450 ar>
608 5387 754 5451 tanda]
771 5389 809 5440 ne
824 5388 897 5441 ana
915 5391 941 5442 r.
958 5391 983 5441 a.
1002 5390 1109 5444 rr-rt.
1126 5397 1152 5445 a
1169 5395 1245 5457 oppa
1263 5395 1336 5449 arra
1357 5399 1378 5448 r.
1390 5399 1414 5449 a.
1426 5399 1501 5449 r-s.
1612 5375 1655 5417 ¹²²
1673 5367 1760 5418 '²¹⁰¹‘ss

605 5459 630 5508 ⁰·
646 5456 789 5509 Vultltttloe
1544 5467 1591 5530 00)
1609 5477 1706 5529 eorum,
1724 5468 1877 5522 voluntatem
1895 5469 1962 5523 enirn
1978 5466 2166 5532 praecedentis]
2183 5468 2258 5522 Ειιιιι.
2279 5470 2300 5515 t.
2321 5470 2344 5516 a.
2365 5470 2393 5519 tt
2418 5492 2450 5503 -
2470 5468 2511 5517 14.

538 5524 585 5650 23
602 5522 724 5656 tssnqaffil
738 5522 898 5644 Silentii
915 5523 989 5586 butt-2
1007 5524 1099 5614 iutittr
1611 5537 1658 5663 pp·
1655 5534 1736 5655 opp&
1737 5548 1866 5656 1ηἱςιιηιιι.
1888 5537 1940 5626 Ηυξ
1956 5535 2023 5588 eain
2041 5534 2078 5586 ets
2097 5546 2153 5588 ann
2171 5534 2332 5640 tammaret,
2350 5535 2512 5587 volantum
