5859 6734
861 712 993 783 π

868 898 2316 982 assptritmnmotmpemommoese.
2400 897 2570 961 Nam
2625 892 2809 959 multi

1761 712 1808 774 1.
1853 710 2058 777 Loci
2097 708 2648 777 THEOLOGmk
2691 708 2770 777 C.
2811 707 3237 777 SECUNDA
3276 706 3591 773 EORUM
3632 707 3946 777 AETAS.

3858 518 3873 531 a
3900 530 3905 535 .

3790 530 3941 575 ...ἐκ

3065 892 3297 959 Placet
3350 892 3505 957 mihi
3562 906 3629 959 et
3680 894 3813 959 hoe
3876 897 4346 976 testimonium,
4410 898 4735 963 Actorum
4774 901 4837 963 2.

867 985 1222 1051 σπῶσι-ωε
1264 985 1331 1045 in
1373 978 1686 1049 Ecclesia·
1721 978 1892 1047 vafri
1923 979 2252 1059 homos,
2299 982 2411 1064 qui
2455 980 2809 1043 contende-
2898 986 3023 1057 [vs.
3062 978 3163 1041 17.
3187 984 3235 1057 2]
3287 976 3635 1044 Effundam
3687 981 3773 1044 de
3825 981 4057 1064 spiritu
4119 1002 4266 1046 meo
4332 1001 4533 1065 super
4586 1002 4842 1047 omnem

869 1080 1022 1135 runt
1063 1066 1381 1152 Spiritum
1423 1076 1726 1131 sanetum
1763 1084 1902 1131 non
1943 1084 2102 1131 esse
2127 1084 2517 1149 personam,
2561 1064 2682 1127 sed
2725 1064 2810 1127 si-

2899 1082 3187 1129 carnem.
3256 1062 3451 1137 Quod
3496 1062 3669 1127 enim
3708 1065 3939 1149 inquit,
3980 1062 4345 1147 Effundam,
4386 1078 4669 1131 testatur
4692 1088 4841 1131 eum

867 1152 1188 1241 gnificat-c
1225 1162 1476 1215 tantum
1517 1150 1940 1235 aginnum
1981 1160 2272 1215 creatam
2307 1148 2380 1214 in
2420 1147 2813 1224 hominibus,
2896 1148 3227 1229 spiritum,
3268 1148 3379 1231 qui
3430 1147 3833 1226 sanctificat,
3887 1150 4211 1214 exuscitat
4260 1152 4447 1233 pios,
4498 1170 4637 1213 uon
4688 1168 4842 1217 csse

1379 1232 1648 1297 nificare

874 1334 1036 1399 tem,
1091 1338 1212 1385 scu
1375 1329 1626 1383 tantem
1779 1338 1820 1383 e
1871 1318 2004 1385 alia
2041 1336 2366 1402 person&
2437 1316 2574 1382 Sed
2627 1314 2815 1383 Chri-

873 1418 1016 1471 stus
1079 1404 1398 1469 discernit
1458 1420 1824 1485 personas,
1881 1424 2030 1469 cam
2071 1404 2164 1467 ait
2205 1399 2466 1483 [umh.
2501 1401 2610 1480 28,
2647 1401 2814 1481 19.]=

873 1490 1298 1573 Baptizantes
1361 1490 1428 1551 in
1489 1488 1756 1553 nomine
1808 1486 2028 1553 Patris
2087 1498 2155 1553 at
2207 1484 2356 1551 Filii
2409 1498 2478 1551 et
2532 1485 2584 1550 S
2627 1487 2814 1551 iritus

873 1575 1110 1639 sancti.
1193 1572 1269 1639 Si
1311 1572 1482 1637 enim
1525 1570 1808 1657 Spiritum
1851 1582 2124 1639 sanctus
2167 1580 2356 1645 esset
2405 1573 2550 1655 ipse
2651 1582 2816 1648 ater,

873 1661 1090 1723 otiose
1131 1668 1461 1740 repeteret
1491 1656 1775 1721 Patrem.
1840 1654 2024 1736 Item,
2065 1654 2168 1719 Ba
2380 1657 2397 1675 ⁸
2441 1658 2510 1721 in
2549 1657 2815 1721 nomine

875 1740 1094 1806 Patris
1149 1754 1214 1805 et
1257 1738 1404 1804 Filii
1462 1752 1528 1803 et
1570 1740 1620 1805 S
1665 1743 1855 1805 iritus
1899 1742 2150 1817 sancti,
2205 1752 2310 1804 est
2351 1738 2580 1817 fateri,
2637 1740 2815 1825 quod

875 1826 1078 1890 Pater
1126 1835 1193 1889 et
1233 1822 1438 1888 Filius
1494 1834 1561 1887 et
1603 1760 1886 1913 §pinitus
1943 1834 2218 1891 sanctus
2271 1822 2566 1901 salvent,
2619 1844 2815 1925 exau-

877 1910 1058 1973 diant
1113 1920 1239 1973 etc.
1325 1909 1554 1992 Itaque
1608 1924 1758 1973 cum
1809 1928 1932 1993 par
1974 1908 2192 1975 honos
2247 1908 2572 1973 tribuatur
2613 1907 2817 1985 Patri,

875 1990 1043 2057 Filio
1095 2004 1162 2057 et
1217 1992 1486 2075 Spiritui
1541 2004 1776 2057 sancto
1793 2034 1816 2071 ‚
1873 1994 2172 2077 sequitur
2204 2003 2270 2055 et
2313 1992 2623 2076 Spiritum
2664 2012 2816 2057 san·

879 2088 1054 2141 ctum
1094 2076 1203 2140 hic
1243 2074 1522 2160 intelligi
1563 2074 1812 2154 Deum,
1868 2089 1936 2140 et
1985 2097 2120 2140 non
2164 2077 2584 2160 agitationem
2639 2096 2818 2140 crea-

873 2174 1032 2309 ⁸tii-1¹21,
1066 2161 1192 2225 sed
1211 2178 1568 2245 pascuam
1599 2158 1987 2239 salvantem,
2023 2163 2196 2226 sicut
2217 2172 2284 2225 et
2304 2159 2504 2225 Pater
2525 2169 2592 2224 et
2611 2157 2817 2225 Filius

979 2256 1159 2309 vant.
1993 2272 1998 2277 ·
2089 2276 2114 2291 ·-
2357 2278 2366 2284 ·

1043 2328 1269 2394 laneae
1319 2330 1516 2393 tertio
1575 2330 2034 2394 discernuntur
2173 2348 2414 2393 rsonae
2459 2331 2626 2393 satis
2667 2348 2818 2413 per·

877 2412 1128 2495 spicue.
1215 2410 1414 2477 Pater
1456 2414 1662 2496 inquit
1698 2420 1826 2493 [vs.
1849 2414 2017 2491 221:
2127 2414 2194 2477 io
2235 2424 2338 2477 est
2379 2412 2590 2477 Filius
2629 2432 2818 2478 meus

875 2494 1182 2561 dilectus-
1231 2494 1390 2569 ‚Est
1431 2496 1640 2579 -igitur
1685 2494 1814 2561 alia
1863 2516 2154 2581 persona
2187 2496 2443 2573 Patris,
2485 2494 2616 2561 alia
2647 2496 2816 2563 Filii.

879 2578 1248 2645 Descendit
1287 2590 1506 2645 autem
1549 2578 1831 2667 Spiritus
1875 2592 2150 2645 sanctus
2175 2582 2264 2651 :in
2305 2583 2530 2665 specie
2573 2578 2818 2646 colum-

873 2666 1028 2730 -bae-
1117 2662 1254 2727 lam
1295 2664 1356 2727 si
1395 2664 1684 2747 Spiritus
1725 2676 2002 2729 sanctus
2045 2676 2232 2731 esset·
2259 2666 2530 2750 agitatio
2571 2667 2638 2731 in
2681 2667 2818 2731 ani-

879 2749 1682 2897 mfflqmtggtnpingm
1721 2833 1868 2915 ipse
1909 2750 2144 2911 ἕζεαι,
2195 2854 2332 2899 non
2403 2751 2818 2900 menz}

931 2917 1194 2999 piritum
1234 2926 1554 2981 sanctum.
1639 2915 1856 3000 Inquit
1909 2929 2158 2983 autent
2213 2918 2431 3002 Super
2578 2938 2682 2983 em
2721 2922 2818 2985 vi-

881 3002 1060 3063 deris
1103 2997 1414 3081 Spiritum
1453 3011 1758 3067 sanctum
1800 3012 1928 3065 etc.
1983 3000 2068 3064 Et
2110 3014 2374 3067 constat
2415 3002 2468 3065 F
2521 3006 2536 3021 ⁸
2693 3004 2820 3069 dici

871 1247 1306 1303 ffltoertos

879 3081 1120 3163 Patris,
1159 3102 1296 3147 non
1335 3085 1788 3149 autemmoti
1821 3085 1874 3151 S
1919 3087 1935 3104 ⁶
1995 3097 2124 3151 tus.
2203 3086 2340 3151 Imo
2375 3084 2860 3153 Cliristnusaitzx

1907 3180 2050 3234 atre
2081 3170 2506 3235 discernitur:
2538 3170 2642 3235 Ro
2691 3174 2820 3241 abo
2857 3196 2858 3202 ¹

875 3164 984 3231 De
1021 3184 1172 3231 meo
1213 3169 1356 3232 aod
1403 3169 1514 3233 iet.
1577 3165 1738 3234 Item
1785 3190 1828 3233 a

879 3249 1140 3317 Patrem
1183 3264 1250 3316 et
1541 3251 1950 3337 paracletum
1990 3254 2172 3318 dabit
2211 3256 2426 3320 vobis.
2510 3254 2622 3319 Et·
2753 3257 2822 3319 in

880 3334 1278 3415 Pentecoste
1299 3347 1576 3420 apparet
1607 3334 1926 3418 peculiari
1961 3338 2187 3420 specie
2217 3336 2820 3421 linguarum-,Meo

881 3420 1120 3487 fficio
1151 3424 1396 3505 magua
1435 3422 1542 3484 vis
1585 3431 1688 3484 est
1739 3420 1936 3485 huius
1979 3423 2364 3505 argumenti.
2421 3420 2620 3485 Certe
2649 3424 2824 3487 enim

881 3496 1082 3569 hiel*
1109 3505 1262 3587 pios
1299 3522 1584 3567 necesse
1625 3514 1764 3580 est,
1804 3504 1984 3586 quod
2023 3504 2090 3567 in
2131 3502 2250 3567 illa
2287 3505 2434 3587 ipsa
2475 3503 2824 3571 columbae

879 3599 1015 3653 aut-
1447 3590 1671 3668 specie
1723 3604 1886 3651 vere
1939 3584 2138 3650 fuerit
2201 3586 2230 3609 '²
2340 3590 2468 3655 ‘tus
2523 3602 2819 3668 sanctus,

881 3680 1198 3816 2³:¹²3..
1209 3668 2314 3838 ’ἓὲξξι“ῗὲξξέ’ξῗξέοξξ“ἓξιξωῖ
2345 3692 2642 3823 metum
2665 3672 2821 3843 5:¹3·

885 3834 1134 3899 cedens
1179 3840 1370 3913 ex⁶¹')
1413 3835 1616 3901 Patre
1657 3849 1724 3903 et
1765 3835 1952 3902 Filio.

1051 3918 1190 3983 Iob.
1223 3920 1326 3983 14.
1373 3926 1504 3999 [vs.
1530 3922 1630 3987 16.
1643 3930 1688 4001 ε]
1731 3921 2012 4007 Rogabo
2031 3922 2318 4005 Patrem,
2359 3938 2430 3991 et
2471 3922 2668 3991 alium
2690 3928 2818 3991 Pa-

883 4000 1198 4067 racletum
1239 4004 1420 4069 dabit
1460 4006 1676 4069 vobis.
1763 4004 1850 4069 Et
1888 4004 2087 4089 paulo
2129 4022 2284 4093 post
2329 4014 2456 4087 [vs.
2477 4009 2648 4090 ⁶16.=]
2694 4010 2817 4075 Pa-

885 4085 1172 4153 racletus
1215 4086 1498 4173 Spiritus
1542 4102 1840 4169 sanctus,
1973 4110 2078 4155 em
2117 4096 2328 4158 mittet
2349 4092 2552 4160 Pater
2587 4097 2660 4159 in
2699 4116 2817 4159 no·

885 4171 1054 4235 mine
1115 4190 1302 4251 meo,
1363 4170 1476 4238 ille
1551 4194 1678 4239 vos
1742 4176 1911 4239 doce
1955 4178 2006 4239 it
2071 4178 2307 4243 omnia.
2395 4176 2468 4243 Si
2533 4179 2815 4261 Spiritus

885 4264 1160 4318 sanctus
1351 4256 1602 4323 ilicaret
1647 4271 1936 4323 creatam
1969 4262 2414 4345 agitationem,
2458 4275 2638 4328 esset
2669 4266 2818 4347 ipsa

887 4337 1202 4403 doctrina.
1330 4341 1393 4403 ‘c
1431 4355 1652 4407 autem
1675 4342 1980 4410 Christus
2023 4357 2220 4411 vocat
2265 4365 2414 4413 emn
2456 4349 2815 4414 doctorem.

888 4418 1192 4500 nocebit,
1225 4424 1452 4509 inquit.
1539 4427 1756 4493 Vocat
1797 4442 1862 4493 et
1905 4430 2292 4516 παράκλητον.
2379 4430 2540 4496 Item
2579 4433 2817 4518 inquit:

747 4570 752 4575 .
889 4503 1096 4577 Que-
1130 4508 1384 4588 audiet,
1457 4507 1780 4595 loquetur.
1869 4514 2054 4579 Haec
2115 4535 2236 4598 pro
2283 4518 2380 4580 rie
2446 4530 2819 4601 competunt

885 4608 1229 4757 monae.
1294 4592 1380 4657 Et
1421 4597 1600 4679 quod
1641 4599 1750 4681 ait,
1771 4597 1992 4663 Alium
2033 4620 2157 4684 par
2263 4612 2462 4679 etum,
2506 4602 2819 4666 discernit

1059 4686 1195 4739 tum
1229 4690 1528 4743 sanctum
1570 4701 1611 4743 a
1654 4679 1872 4747 Patre.

887 4774 1018 4822 non
1057 4760 1384 4845 significat
1436 4764 1650 4845 ipsum
1704 4766 1970 4835 Patrem
2023 4771 2378 4854 agitantem
2435 4780 2504 4835 et
2553 4790 2817 4836 moven-

887 4851 1034 4920 tem,
1075 4856 1148 4909 ut
1171 4844 1639 4911 Samosatenus
1676 4855 2030 4930 contendit,
2075 4856 2195 4918 sed
2216 4853 2410 4918 aliam
2445 4874 2815 4937 personam.

1058 4928 1115 4990 1.
1169 4926 1464 4995 Corinth.
1519 4932 1618 4995 12.
1677 4940 1807 5013 [vs.
1850 4936 2017 5017 11.=]
2085 4939 2321 5003 Omnia
2385 4937 2550 5004 haec
2613 4938 2817 5005 efficit

887 5028 1052 5075 unus
1093 5025 1162 5077 et
1203 5015 1369 5080 idem
1406 5015 1708 5101 Spiritus,
1795 5018 1918 5083 Hic
1962 5024 2274 5088 discernit
2317 5022 2624 5108 Spiritum
2665 5044 2816 5091 san-

885 5104 1058 5194 ctum
1085 5110 1380 5165 autorem
1423 5104 1508 5165 ab
1553 5100 1918 5183 effectibus,
1963 5104 2294 5185 videlicet,
2336 5130 2379 5173 a
2411 5110 2602 5175 donis
2633 5130 2815 5175 crea-

885 5186 966 5241 ns
1009 5192 1078 5244 et
1117 5184 1402 5250 motibus
1443 5186 1914 5269 spiritualibus

883 5432 977 5495 50)
1013 5438 1302 5502 appareret]
1341 5440 1424 5491 m.
1465 5443 1542 5495 12.
1579 5448 1792 5507 apparet

883 5534 972 5597 51)
1006 5536 1091 5601 ex]
1131 5538 1274 5590 editt.
1318 5540 1528 5593 nuta.
1568 5546 1622 5593 et
1657 5544 1806 5606 om:
1839 5557 1870 5595 a

2859 3759 2860 3762 ’
2904 3762 3055 3809 cum
3098 3744 3312 3823 nobis,
3358 3756 3431 3813 ut
3470 3748 3771 3837 πᾳράιληι

1962 4683 2186 4756 Quare
2218 4686 2500 4768 Spiritus
2545 4698 2817 4751 sanctus
2853 4710 2854 4723 ¹

1871 1234 1968 1299 rie
2019 1236 2238 1319 ipsum
2277 1231 2546 1299 Patrem
2583 1243 2814 1316 poten-
2901 1234 3112 1316 ipsam
3164 1250 3521 1313 personam
3582 1232 3824 1297 Patris.
3909 1232 3996 1298 Et
4052 1246 4269 1298 tamen
4314 1233 4493 1319 quod
4540 1234 4671 1313 ait,
4734 1231 4840 1298 De

2900 1335 3051 1381 meo
3095 1317 3359 1399 spiritu,
3414 1318 3743 1419 significat
3764 1315 3965 1399 ,illum
4007 1319 4339 1401 spiritum,
4382 1317 4505 1403 ¹qni
4552 1329 4657 1383 est
4698 1312 4840 1383 effi-

2903 1420 3029 1465 cax
3072 1402 3140 1463 in
3180 1400 3331 1485 piis,
3372 1402 3659 1467 divinam
3698 1414 3999 1471 naturam
4040 1421 4215 1467 esse.
4808 1460 4813 1467 .

3078 1501 3137 1563 1.
3162 1500 3471 1567 Iohannis
3500 1502 3565 1567 ὅ.
3590 1502 3717 1581 [νε.
3740 1504 3803 1567 7.
3818 1513 3863 1585 2]
3884 1504 4051 1569 Tres
4073 1516 4247 1582 sunt,
4270 1506 4383 1588 qui
4402 1502 4841 1569 testimonium

2901 1585 3249 1671 perhibent
3290 1588 3361 1651 in
3402 1585 3617 1667 coelo,
3658 1587 3887 1666 Pater,
3921 1589 4215 1655 Verbum
4258 1600 4325 1653 et
4367 1588 4651 1671 Spiritus

2905 1682 3085 1745 ctus3
3128 1684 3197 1735 et
3237 1669 3307 1735 hi
3348 1680 3487 1737 tres
3528 1692 3729 1738 unum
3772 1684 3945 1737 sunt.

3075 1770 3270 1845 Quod
3323 1784 3543 1839 autem
3599 1773 3881 1857 Spiritus
3938 1787 4209 1841 sauctus
4254 1788 4321 1841 et
4368 1798 4411 1841 a
4450 1778 4649 1845 Patre
4694 1794 4761 1847 et
4801 1802 4844 1847 a

2843 1911 2844 1916 ,
2901 1852 3070 1919 Filio
3126 1858 3483 1943 procedat,
3540 1858 3735 1923 docet
3786 1857 3895 1923 hic
3948 1858 4139 1927 locus
4184 1859 4492 1927 Iohannis
4540 1864 4643 1929 15.
4710 1870 4841 1945 [νε.

2901 1938 3069 2019 26.ε]
3152 1940 3319 2006 Cum
3384 1943 3640 2007 venerit
3682 1942 4108 2025 Paracletus,
4162 1966 4359 2033 quem
4594 1950 4843 2014 mittam

2903 2024 3098 2089 vobis
3144 2047 3185 2090 a
3228 2025 3461 2107 Patre,
3503 2028 3802 2112 spiritum
3843 2030 4185 2108 venstatis.-
4226 2032 4339 2117 qui
4380 2052 4423 2095 a
4510 2042 4653 2097 atre
4694 2052 4843 2115 pro-

2905 2110 3099 2173 cedit.
3188 2106 3549 2177 Conflrmat
3590 2128 3739 2177 eum
3782 2125 3849 2179 et
3891 2132 3934 2179 a
3976 2133 4052 2178 se
4080 2116 4266 2195 mitti,
4308 2128 4375 2181 et
4414 2136 4457 2179 a
4474 2114 4675 2181 Patre
4694 2136 4843 2199 pro-

2907 2194 3168 2257 cedere.
3254 2193 3669 2263 Disoernitur
3708 2198 3907 2285 igitur
3947 2218 3989 2263 a
4029 2197 4229 2264 Patre
4271 2211 4337 2264 et
4377 2196 4557 2265 Filio.

3034 2372 3043 2383 Ι
3074 2292 3272 2367 Quod
3316 2296 3599 2381 Spiritus
3640 2310 3911 2367 sanctus
3956 2302 4243 2383 extiteiit
4288 2302 4373 2379 [1.
4398 2306 4587 2387 epist.
4614 2307 4675 2385 l,
4714 2307 4841 2387 11.]

2905 2390 3257 2525 anteguam
3293 2400 3557 2447 carnem
3598 2384 3803 2486 induit
3844 2382 4049 2451 Filius
4068 2384 4223 2489 1)(Ξίζ
4262 2390 4611 2494 perspicue
4644 2398 4843 2457 testa-

2903 2474 3013 2611 ἑῖἶ
3033 2466 4439 2638 ffiffirffifflffifflm
4354 2470 4845 2639 spmwcffi

2905 2628 3153 2697 diserte
3219 2646 3497 2701 vocatur
3548 2632 3795 2703 Christi
3852 2636 4171 2723 Spiritus,
4226 2641 4339 2725 qui
4392 2636 4513 2707 fuit
4554 2642 4623 2707 iu
4684 2640 4844 2707 Pro-

2899 2708 3139 2873 Rlietis.
3224 2717 3477 2822 Eodem
3528 2720 3727 2821 igitur
3780 2718 4027 2806 Spiritu
4080 2736 4314 2791 sancto
4368 2736 4435 2789 et
4488 2722 4723 2791 Patres'
4778 2738 4844 2793 et

2968 2796 3215 2887 postoli
3258 2815 3323 2868 et
3364 2824 3453 2889 pu
3498 2804 3809 2891 deinceps
3851 2806 4249 2873 sanctificati
4290 2819 4465 2875 sunt.

2950 2950 2961 2961 .
3078 2900 3269 2969 Sicut
3314 2918 3539 2971 autem
3580 2908 3909 2992 scriptura
3950 2908 4151 2975 docet
4190 2930 4317 2975 nos
4372 2914 4459 2978 de
4498 2912 4643 2979 Filii
4685 2916 4843 2981 divi-

2901 2987 3143 3065 nitate,
3196 3008 3332 3053 non
3387 3002 3637 3057 tantum
3680 2989 4117 3077 speculative,
4174 2996 4295 3059 sed
4334 2997 4661 3079 practice,
4712 2998 4842 3064 hoc

2905 3080 3065 3172 “ta
3082 3071 3323 3175 iubet&
3347 3084 3419 3139 ut
3464 3072 3795 3141 Christum
3835 3076 4255 3158 invocemus,
4308 3092 4383 3147 ut
4436 3080 4841 3149 confidamus

2906 3152 3213 3277 Christo3
3265 3176 3366 3221 sic
3410 3160 3580 3223 enim
3622 3180 3785 3262 vere
3826 3162 4145 3265 tribuetur
4182 3165 4264 3266 9³.
4290 3162 4507 3267 bonos
4548 3166 4842 3231 divinita-

2907 3236 3362 3405 ssfissstssuqvss
3382 3240 4245 3417 {Yvisffissmgssz
4244 3258 4843 3413 ΐέξῧῖιξιιῗῗξ

2904 3415 3209 3489 petamus
3250 3426 3401 3473 eum
3440 3410 3635 3474 nobis
3678 3404 3843 3489 dari,
3882 3424 3957 3479 ut
3996 3434 4116 3497 per
4156 3434 4307 3481 eum
4340 3416 4840 3496 sanctificemur,

2907 3490 3259 3659 efflatum,
3298 3492 3719 3559 vivificemur.
3760 3494 3849 3563 Et
3886 3499 3989 3563 sic
4028 3500 4234 3585 inquit
4266 3499 4597 3605 Christum
4638 3501 4839 3607 Dabit

2907 3572 3665 3729 &mmm
3624 3582 3995 3731 ”³333
4030 3584 4427 3750 msa&
4460 3599 4657 3737 Ἣ
4696 3586 4843 3737 ἓξὲξ

2946 3838 2975 3890 t
3210 3828 3275 3893 ‘fi
3778 3776 3861 3829 ον,
3905 3752 4279 3831 doctorem,
4332 3756 4841 3841 gubernatorem

2902 3839 3269 3989 ms..
3278 3834 4129 4005 amram·
4050 3836 4151 4003 ,Μ
4170 3858 4839 4009 „aarum

2900 3998 3080 4079 quod
3122 4010 3226 4063 est
3268 3994 3509 4102 efficax
3534 4002 3827 4085 Spiritus
3870 4016 4163 4087 sanctus,
4194 4008 4541 4111 erigemus·
4576 4018 4643 4073 et
4686 3998 4839 4073 co‘n-

2900 4077 3329 4248 ..ἓξ-εξ.
3346 4084 3700 4249 {mast
3720 4092 4217 4252 nissam,
4124 4088 4837 4281 ...Quam

2902 4260 3081 4396 ⁰⁸‘ii'0
3101 4248 3596 4409 ΨιᾶιῖἇοΕἶιοιιιι
3631 4256 4191 4407 ὀειιὲἶῖῗᾞῳίω
4241 4260 4547 4413 perhbess
4622 4260 4837 4413 Enim

2899 4352 3159 4481 {gamin
3201 4431 3270 4484 et
3326 4422 3763 4491 vivificantem
3808 4362 4176 4505 credenetgg
4226 4366 4681 4513 pfllogffpiffi
4722 4367 4837 4500 dg

2900 4501 3038 4565 ceri
3104 4514 3175 4567 et
3328 4506 3591 4571 beruari
3650 4529 3779 4574 nos
3846 4532 3985 4575 oro.
4094 4510 4210 4580 Sic
4272 4525 4341 4579 et
4402 4512 4647 4581 Paulus
4712 4520 4834 4585 ait:

2901 4584 3183 4666 Spiritus
3304 4598 3329 4653 t
3364 4592 3801 4660 testimonium
3842 4598 4095 4681 spiritui
4135 4610 4387 4677 nostro,
4430 4600 4497 4663 iu
4538 4621 4670 4683 quo
4704 4600 4833 4669 ob-

2899 4688 3151 4735 mamus
3192 4671 3391 4739 Abba
3429 4673 3661 4751 Pater3
3716 4680 3783 4743 id
3825 4692 3961 4745 esta
4006 4678 4286 4765 Spiritus
4328 4694 4601 4749 sanctus
4644 4688 4835 4773 erigit

2901 4764 2969 4817 et
3003 4752 3383 4823 consolatur
3422 4780 3548 4825 nos
3592 4773 3659 4825 et
3700 4758 3939 4842 efficit,
3996 4777 4071 4830 ut
4102 4788 4541 4852 agnoscamus
4586 4772 4833 4836 miseri-

2901 4836 3189 4903 cordiam
3232 4851 3299 4904 et
3342 4847 3777 4925 praesentiam
3817 4846 3966 4912 Dei.
4056 4850 4237 4917 Haec
4290 4850 4509 4919 officia
4552 4854 4831 4937 Spiritus

2899 4926 3113 4987 sancti
3154 4925 3430 5006 prodest
3472 4930 3893 5034 considerare
3908 4977 3929 5010 ‚
3988 4953 4157 5018 quae
4200 4952 4265 5000 et
4310 4936 4831 5005 consolationem

2897 5006 3092 5073 nobis
3134 5006 3415 5075 afferunt
3457 5023 3525 5077 et
3564 5014 3633 5077 in
3672 5034 3820 5099 ipso
3864 5038 3991 5083 usu
4025 5021 4423 5086 divinitatem
4442 5035 4831 5090 monstrant.

3070 5106 3329 5197 Collegi
3351 5116 3716 5179 testimonia
3758 5118 3840 5181 de
3862 5116 4024 5185 Filio
4067 5131 4133 5185 et
4176 5123 4257 5186 de
4288 5122 4533 5207 Spiritu
4575 5138 4828 5189 sancto.

2895 5190 2983 5255 Et
3041 5213 3411 5278 quanquam
3455 5195 3646 5282 plura
3688 5214 3843 5265 sunt
3884 5215 3951 5268 et
3992 5202 4345 5271 illustriora
4386 5208 4472 5272 de
4504 5206 4693 5285 Filio,
4735 5220 4830 5272 ta-

2843 5362 2844 5368 *
2893 5294 3045 5341 men
3090 5290 3157 5343 et
3188 5276 3355 5345 haec
3395 5283 3557 5346 satis
3598 5287 3948 5369 perspicua
3987 5301 4141 5352 sunt
4180 5290 4266 5354 de
4300 5291 4543 5374 Spiritu
4573 5304 4825 5355 sancto.

2893 5358 3019 5425 Est
3060 5374 3275 5427 autem
3317 5368 3467 5447 piae
3506 5372 3740 5435 mentis
3782 5374 4081 5455 pondera
4134 5386 4202 5438 et
4256 5376 4388 5438 vim
4430 5376 4825 5438 testimonio-

2893 5464 3037 5509 rum
3082 5450 3539 5530 considerare‚
3581 5474 3715 5517 non
3758 5452 3974 5521 solum
4015 5477 4383 5525 numerum..
4461 5458 4823 5522 Memineri-

2892 5548 3037 5593 mus
3081 5532 3259 5597 dicta
3300 5536 3665 5619 scripturae
3699 5539 3913 5604 divina
3955 5560 4107 5605 esse
4151 5538 4439 5618 oracula,
4483 5560 4685 5625 quare
4728 5544 4823 5605 eis
