5859 6734
519 689 602 758 im
1151 685 1264 754 l’lllL.
1280 687 1385 755 m
1402 685 1590 757 statim
1604 683 1881 756 noetianos.
2432 687 2512 757 lm

511 880 616 953 tin,
646 892 691 939 aa
722 873 897 939 sitnm
940 873 1184 938 Demosthenes
1210 878 1311 954 dixit,
1341 876 1484 939 Duabus
1525 887 1560 937 et
1586 873 2156 958 apphaimautnececcrpomn.
2200 872 2510 941 fflhancueeu·

509 961 613 1026 ret-
628 956 780 1024 ltonines
802 958 875 1023 lieri
889 957 1014 1023 similas
1035 957 1123 1037 Deo,
1150 956 1302 1025 Veritate
1321 972 1355 1025 et
1375 960 1484 1025 Beue·
1525 959 1647 1022 tionem
1667 977 1752 1041 opus
1770 968 1822 1021 est
1838 958 2012 1041 praesidiis
2033 970 2068 1023 et
2088 959 2391 1109 πωριίδᾛᾱεο
2412 962 2510 1045 impe·

509 1045 654 1112 fluia.
697 1043 741 1108 fa
760 1046 805 1108 sit
830 1047 865 1108 in
886 1057 1067 1128 conspectu
1088 1045 1211 1109 dictum
1232 1043 1415 1111 Zachariae
1437 1045 1483 1124 [8,
1525 1044 1576 1107 ria
1596 1042 2178 1128 oportetinstructaessesatellitiis,
2197 1066 2241 1129 qn
2278 1046 2287 1063 ⁸
2327 1043 2511 1112 nonhabet

512 1129 595 1211 1212
673 1132 682 1147 '
708 1132 754 1194 'te
768 1132 939 1193 veritatem
961 1143 995 1193 et
1014 1149 1140 1213 pacem.
1525 1128 1676 1194 Minister
1697 1127 1881 1213 Evangelii.

594 1214 653 1281 SL'
709 1214 879 1279 astino
901 1227 952 1278 est
974 1215 1164 1279 observatio
1187 1216 1268 1280 certi
1290 1227 1406 1303 gestus
1425 1228 1484 1280 ant
1612 1211 1833 1278 DEFENSlO
1855 1212 2073 1279 LEGl'l'llllA
2094 1224 2147 1278 est
2169 1226 2261 1279 certo
2284 1215 2393 1279 modo
2411 1220 2509 1300 repri
2607 1225 2610 1312 j

510 1302 655 1366 trffinere
686 1299 838 1404 effectum
869 1302 997 1386 gratiae
1029 1311 1087 1402 aut
1109 1302 1297 1366 mutationis
1319 1298 1483 1405 naturalis
1526 1318 1617 1363 mere
1638 1295 2144 1403 violentiam-notoriamnsicuot
2165 1300 2280 1386 Leges
2302 1301 2508 1404 ordinarunt,

510 1399 860 1557 &amitii
873 1385 1484 1556 iiliiiliiii‘giiiii
1525 1382 1814 1533 insilii
1827 1384 2509 1555 &mittissimis

509 1568 588 1622 snt
607 1554 867 1641 significationes
888 1558 961 1619 sinc
982 1558 1228 1639 superstitione,
1249 1568 1285 1620 ut
1307 1578 1382 1621 cnm
1399 1554 1484 1641 liegi
1526 1550 1673 1637 periculo
1706 1555 1887 1638 rapientem
1918 1551 2019 1618 tiliam
2051 1567 2109 1619 aut
2148 1557 2326 1639 coniugem
2361 1553 2506 1621 alterins.

510 1642 686 1724 munitur
706 1638 852 1718 (horona,
872 1661 938 1704 non
962 1640 999 1703 iit
1016 1639 1175 1705 naturalis
1197 1644 1347 1719 mutatio,
1364 1641 1426 1704 sed
1447 1642 1485 1704 iit
1525 1635 1626 1702 Aliud
1667 1651 1778 1703 antem
1809 1650 1864 1701 est
1895 1636 2045 1703 defensio
2079 1641 2309 1723 inpraesenti
2392 1641 2505 1719 riculo,

509 1726 708 1814 significatio
719 1725 761 1788 ad
774 1724 1118 1803 commonefaciendus
1139 1724 1225 1789 alios
1243 1728 1285 1791 de
1302 1727 1484 1790 dutinctio·
1525 1721 1617 1787 alind
1634 1743 1746 1807 poena
1764 1735 1843 1806 post
1863 1737 1961 1789 atrox
1982 1722 2105 1801 scelus,
2126 1727 2183 1790 ubi
2205 1727 2307 1789 etiam
2366 1727 2506 1810 'quando

508 1829 553 1877 ne
573 1811 722 1875 ordinum
741 1822 774 1874 ct
795 1813 837 1876 de
858 1810 976 1875 officiis
998 1823 1062 1875 etc.
1525 1808 1716 1893 magnitudo
1738 1809 1814 1872 iusti
1837 1807 1965 1873 doloris
1988 1822 2129 1874 excusat
2149 1822 2329 1894 parentes,
2373 1813 2409 1874 ni
2425 1825 2506 1876 atro

593 1893 808 1961 EGCLESIA
830 1895 1030 1961 VlSlBlLlS
1053 1906 1105 1959 est
1127 1907 1243 1959 coetus
1259 1892 1402 1959 visibilis
1422 1894 1483 1959 ho·
1526 1892 1578 1956 cia
1598 1889 1730 1957 scelera
1750 1894 1906 1976 puniunt,
1938 1906 1974 1958 ut
1997 1894 2175 1979 Harpagus
2198 1906 2231 1959 ει
2252 1897 2339 1959 civis
2398 1900 2505 1961 aceni-

507 1982 629 2046 ninntn
649 1979 915 2063 amplectentium
936 1984 1156 2064 incorruptam
1167 1978 1341 2065 Evangelii
1362 1980 1484 2043 doctri·
1525 1980 1656 2060 nus,⁹⁴)
1691 1979 1745 2043 cni
1773 1991 1934 2062 tyrannus
1956 1982 2121 2061 eripuerat
2143 1979 2244 2043 liliam
2264 1992 2302 2044 et
2326 1993 2504 2065 stuprata·

508 2085 584 2130 nam
611 2076 645 2129 et
674 2078 766 2130 recte
785 2069 944 2131 utentium
966 2066 1207 2143 sacramentis,
1240 2067 1274 2128 iu
1296 2086 1362 2150 qno
1385 2075 1484 2130 coetu
1525 2077 1645 2146 postea
1666 2064 1791 2126 remisit
1814 2064 1992 2129 dissectam
2008 2066 2042 2127 in
2064 2076 2205 2148 quatuor
2221 2078 2352 2148 partes.

509 2148 611 2214 Filius
631 2148 695 2214 Dei
728 2162 779 2214 est
799 2148 920 2214 efficax
937 2171 998 2235 pcr
1019 2151 1233 2214 ministerium
1255 2147 1429 2235 Evangelii
1451 2160 1484 2212 et
1610 2146 1795 2211 BELLUM
1828 2161 1879 2212 est
1905 2160 1963 2213 aut
1983 2149 2129 2233 legitima
2146 2147 2300 2214 defensio
2323 2163 2385 2216 aut
2405 2149 2504 2236 legiti-

508 2231 631 2301 uulua
662 2248 837 2319 regenerat
869 2238 911 2300 ad
944 2236 1046 2300 vitam
1078 2245 1263 2311 aeternam,
1295 2255 1483 2321 quanquam
1524 2254 1580 2296 ma
1610 2252 1720 2317 poena
1752 2245 1910 2316 suscepta
1930 2234 1974 2298 ab
1996 2235 2162 2301 ordinaria
2182 2247 2353 2318 potestate
2371 2250 2505 2321 propter

508 2320 682 2385 suntmeo
704 2331 800 2384 coetu
822 2319 921 2385 etalii
942 2318 1034 2385 multi
1056 2340 1124 2384 non
1146 2323 1266 2398 sancti,
1288 2321 1350 2384 sed
1372 2332 1482 2383 tamen
1524 2320 1644 2382 iustam
1663 2337 1827 2381 caussam.

508 2404 550 2470 de
582 2406 733 2470 doctrina
764 2418 797 2469 et
825 2419 965 2470 externa
990 2402 1200 2489 professione
1223 2406 1482 2469 consentientes.
1611 2401 1786 2467 SEDlTlO
1809 2414 1861 2467 est
1881 2416 1991 2468 motus
2013 2405 2236 2484 subditorum,
2258 2406 2320 2491 qni
2348 2407 2505 2470 invadam

508 2487 601 2555 liaeo
623 2501 675 2553 est
704 2493 764 2555 sim
787 2487 943 2554 licissima
966 2491 1112 2554 delinitio
1134 2488 1274 2553 visibilis
1295 2488 1482 2554 Ecclesiae.
1524 2490 1625 2551 armis
1646 2486 1888 2572 Magistraturn,
1910 2509 1931 2551 a
1953 2508 2019 2572 quo
2042 2510 2110 2553 non
2131 2502 2209 2554 sunt
2230 2490 2347 2555 affecti
2369 2494 2504 2555 notoriis
2611 2497 2614 2536 ῑ

591 2571 745 2639 REGNU
803 2572 976 2639 ClllllSTi
995 2588 1064 2652 est,
1092 2573 1119 2636 F
1121 2571 1209 2639 ilium
1226 2573 1291 2639 Dei
1313 2576 1483 2639 instituere
1524 2574 1663 2649 iniuriis,
1696 2585 1729 2636 et
1757 2574 1889 2657 qnando
1921 2593 1989 2637 non
2018 2587 2173 2639 servatur
2193 2577 2316 2640 modus
2340 2573 2503 2640 defensio

508 2669 542 2725 ει
563 2677 765 2725 conservare
785 2661 1001 2725 ministerium
1020 2657 1204 2745 Evangelii,
1237 2657 1314 2725 colli
1340 2679 1398 2724 ere
1418 2657 1483 2723 Ec-
1525 2659 1589 2736 nis,
1611 2658 1671 2721 sed
1693 2660 1821 2740 rapitur
1842 2659 2031 2723 dominatio·

508 2739 643 2810 ciesiam
665 2755 698 2809 et
720 2766 797 2809 vere
818 2741 990 2809 efficacem
1013 2765 1091 2809 esse
1113 2748 1146 2809 in
1169 2682 1400 2823 credentifius,
1422 2764 1482 2809 eos
1610 2745 1790 2805 ΣΊῸΡΓΗ
1804 2754 1856 2807 est
1876 2754 1984 2807 motus
2003 2744 2096 2808 cordi
2117 2742 2260 2809 humano
2277 2746 2406 2810 insitus
2428 2746 2504 2808 ‹livi-

509 2828 676 2895 viviflcare
698 2851 783 2894 voce
804 2828 976 2914 Evangelii
989 2833 1035 2913 ⁹⁰)
1069 2841 1102 2894 et
1129 2830 1338 2895 sanctificare
1359 2831 1483 2913 Spiritu
1525 2829 1626 2905 uitus,
1647 2847 1836 2912 congruens
1854 2849 1929 2892 cnm
1949 2829 2042 2915 Lege
2063 2827 2144 2907 Dei,
2167 2840 2203 2893 ut
2225 2849 2323 2893 amor
2345 2851 2429 2915 erga
2451 2850 2503 2912 ps

508 2925 626 2980 saneto
658 2915 702 2977 ad
733 2916 834 2978 vitam
866 2925 1052 2993 amomum,
1086 2912 1263 2979 defendere
1285 2935 1345 2980 eos
1367 2926 1484 2979 contra
1524 2924 1651 2988 rentes,
1674 2924 1783 2988 natos,
1805 2914 1902 2977 conio
1948 2936 1991 2991 m,
2012 2910 2134 2979 iratres
2155 2924 2190 2978 et
2211 2916 2300 2978 bene
2321 2919 2471 2980 meritos

461 2991 470 3016 ‘
509 2998 713 3086 tyrannidem
734 2996 949 3063 Diabolorum
982 3011 1014 3063 et
1044 3019 1170 3086 organa
1190 2996 1419 3079 Diabolorum,
1452 3011 1485 3063 et
1613 2996 1804 3062 NEMESIS
1824 2998 1909 3060 seu'
1926 2998 2053 3077 ELUS,
2074 3001 2107 3063 id
2130 3011 2193 3077 est,
2216 3000 2406 3084 indignatio
2428 3021 2501 3068 con

508 3093 627 3169 postea
658 3085 860 3149 resuscitare
881 3084 1024 3149 Sanctos
1046 3086 1088 3150 ad
1114 3088 1214 3151 vitam
1237 3097 1417 3161 aeternam,
1451 3096 1484 3148 et
1526 3095 1578 3146 tra
1600 3094 1748 3147 atrocem
1768 3084 1956 3146 iniustitiam
1976 3095 2033 3146 aut
2054 3086 2300 3169 turpitudinem.
2346 3084 2433 3150 Sunt
2449 3106 2502 3148 au-

509 3167 640 3233 tradere
659 3189 796 3254 rognum
817 3168 924 3249 Patri,
956 3170 990 3234 id
1016 3182 1084 3248 est,
1118 3170 1286 3235 adducere
1306 3183 1486 3247 aeternam,
1527 3180 1591 3232 tem
1608 3173 1732 3253 στοργαὶ
1754 3169 1907 3231 divinitus
1928 3170 2045 3233 insitae
2066 3168 2266 3246 hominibus,
2283 3182 2321 3234 ut
2338 3171 2503 3234 sintconr-

479 3251 693 3319 'Ecclesiam
727 3255 770 3318 ad
800 3265 970 3319 aeternum
991 3254 1124 3320 Patrem
1146 3276 1275 3333 coram,
1307 3267 1344 3319 ut
1365 3267 1485 3340 postea
1526 3251 1785 3317 monefactiones
1809 3254 1850 3316 dc
1871 3252 1957 3330 Deo,
1980 3251 2086 3338 qualis
2108 3256 2152 3318 sit
2174 3266 2239 3320 etc.

509 3349 625 3426 regnet
646 3341 680 3403 in
702 3341 751 3402 eis
770 3340 922 3404 divinitas
938 3338 1066 3425 palam,
1100 3360 1166 3403 non
1188 3360 1249 3424 per
1269 3341 1484 3410 ministerium
1612 3336 1872 3401 GittTiiUDO
1902 3351 1955 3402 est
1983 3341 2088 3405 virttis
2122 3338 2353 3424 complectens
2382 3341 2504 3402 verita-

509 3419 691 3511 Evartgelii.
757 3422 876 3489 Donec
915 3426 1001 3488 enim
1039 3424 1147 3490 adhuc
1179 3446 1239 3510 per
1271 3426 1484 3489 ministerium
1526 3434 1591 3487 tem
1624 3434 1657 3486 et
1688 3424 1860 3486 iustitiam:
1897 3423 2095 3501 Veritatem,
2127 3426 2205 3509 quia
2225 3423 2324 3489 Deus
2347 3424 2421 3489 vuli
2441 3443 2502 3487 noa

508 3505 680 3596 Evangelii
714 3506 880 3595 colligitur
901 3508 1072 3588 Ecclesia,
1107 3511 1225 3576 dicitur
1256 3508 1323 3573 hoc
1344 3530 1483 3595 regnum
1525 3527 1711 3593 agnoscere
1739 3520 1771 3570 et
1804 3504 1917 3586 fateri,
1950 3509 2038 3571 unde
2066 3508 2228 3574 beneficia
2256 3523 2404 3593 accepta
2423 3509 2503 3583 sint3

510 3589 633 3660 Christi
655 3596 688 3658 in
710 3592 774 3658 hac
796 3597 874 3674 vita,
892 3597 969 3680 qnia
990 3593 1112 3672 Filius,
1135 3596 1190 3679 qui
1212 3605 1265 3659 est
1286 3596 1384 3677 λόγος,
1406 3614 1483 3677 pro·
1524 3592 1682 3657 Iustitiam
1715 3612 1808 3669 vero,
1837 3594 1913 3677 qnia
1934 3590 2060 3676 obligat
2081 3614 2144 3657 nos
2166 3596 2212 3658 ad
2231 3606 2388 3659 mutuam
2407 3595 2502 3659 benc

508 3673 574 3746 tert
593 3675 810 3767 Evangelium
842 3699 883 3744 ex
915 3682 990 3745 sinu
1023 3682 1148 3744 aeterni
1169 3679 1295 3758 Patris,
1328 3691 1361 3744 et
1383 3679 1484 3743 Pater
1525 3681 1703 3743 volentiam
1725 3690 1758 3742 et
1780 3675 1909 3741 adalia
1931 3677 2164 3742 certaofficia.

508 3766 721 3853 agnoscitur,
754 3786 828 3829 cum
859 3767 891 3829 in
913 3766 986 3849 ipsa
1007 3765 1235 3830 consolatione
1257 3767 1481 3851 agnoscimus,
1609 3761 1839 3827 AFFEGTUS
1861 3775 1938 3825 sunt
1966 3775 2074 3826 motus
2097 3765 2221 3843 cordis,
2240 3762 2436 3829 laxationes
2450 3760 2501 3828 vei

508 3867 571 3916 nos
599 3850 641 3914 ab
676 3862 811 3915 aeterno
844 3849 944 3914 Patre
975 3852 1079 3934 recipi
1117 3861 1301 3916 monstrato
1320 3855 1365 3926 ⁹¹)
1398 3870 1482 3914 voce
1525 3851 1804 3934 compressiones,
1828 3857 2007 3932 sequentes
2029 3851 2175 3913 notitiam
2194 3860 2226 3912 et
2236 3852 2286 3931 οὗ)
2298 3869 2499 3935 prosequun-

507 3928 743 4083 Evangeliiw)
776 3947 808 3999 ει
837 3947 943 4000 tamen
966 3934 1037 4000 Filii
1069 3955 1206 4022 regnum
1234 3947 1286 4000 est
1302 3947 1482 4011 aeternnm,
1524 3945 1576 3997 tes
1597 3944 1655 3998 aut
1676 3931 1840 4017 fugientes
1863 3933 2008 4008 obiecta,
2037 3935 2091 4017 qui
2114 3954 2189 3997 cum
2209 3946 2266 3998 aut
2289 3931 2431 3999 laedant
2449 3953 2515 4007 ne,

507 4019 584 4103 qnia
617 4040 638 4082 n
660 4031 729 4083 tota
745 4022 938 4084 aeternitate
959 4018 1054 4085 simul
1077 4040 1151 4084 cum
1174 4019 1274 4086 Patre
1298 4031 1332 4104 ει
1358 4020 1483 4104 Spiritu
1524 4030 1631 4083 turam
1651 4029 1708 4082 aut
1729 4015 1904 4095 delectent,
1925 4036 2057 4100 semper
2078 4022 2274 4084 comitantur
2294 4021 2439 4084 extreni
2456 4014 2497 4081 ai·

508 4117 626 4170 sancto
647 4125 684 4168 re
709 4117 765 4168 nat
786 4115 819 4168 ct
840 4116 949 4169 manet
968 4126 1005 4168 ca
1030 4118 1065 4169 ut
1086 4102 1269 4170 Ecclesiae.
1524 4102 1652 4169 fectus:
1681 4101 1793 4180 dolor,
1813 4100 1909 4166 laesa
1929 4114 2067 4182 natura,
2100 4124 2161 4168 seu
2182 4105 2353 4181 suavitas,
2388 4106 2425 4169 id
2443 4117 2498 4178 est,

592 4125 803 4253 alitili'iiiii
813 4128 1275 4275 EVANGELllestpersona
1291 4190 1443 4255 ordinata
1461 4212 1482 4254 a
1524 4187 1646 4254 laetitia
1667 4190 1884 4273 acquiescens
1906 4187 1940 4250 in
1962 4188 2104 4253 obiecto.
2148 4188 2189 4252 lii
2210 4189 2276 4253 duo
2299 4201 2384 4253 snut
2405 4187 2496 4253 ultimi

508 4271 584 4338 Deo
594 4276 735 4339 mediate
751 4285 784 4338 ει
799 4273 853 4339 vel
865 4276 1057 4355 immediate,
1075 4277 1117 4340 ad
1135 4277 1319 4341 docendum
1331 4274 1483 4361 Evange-
1525 4274 1675 4351 affectus,
1697 4275 1773 4358 quia
1793 4271 1887 4337 Deus
1906 4269 1977 4335 vult
1998 4273 2140 4339 discerni
2161 4272 2304 4337 honesta
2325 4286 2363 4337 et
2385 4273 2497 4357 turpia,

507 4351 585 4423 iiam
597 4372 630 4423 et
642 4362 683 4423 ad
696 4359 983 4425 sacramentorum
995 4361 1319 4441 administrationem,
1332 4373 1365 4426 ει
1374 4363 1417 4426 ad
1428 4384 1483 4446 pu·
1524 4360 1599 4423 ideo
1621 4380 1682 4423 cor
1703 4360 1752 4423 sic
1776 4358 1931 4434 condidit,
1953 4368 1989 4420 ut
2005 4360 2048 4421 sit
2068 4371 2223 4443 tanquam
2245 4358 2386 4437 vindex,
2408 4360 2502 4423 etde

509 4439 660 4507 alendum
683 4446 798 4522 verbo,
819 4466 886 4511 non
910 4446 943 4508 vi
966 4465 1006 4509 co
1048 4444 1142 4511 orali.
1526 4442 1578 4509 lor
1612 4446 1760 4509 destruat
1778 4442 1941 4508 hominem
1963 4455 2099 4529 propter
2120 4444 2237 4527 turpia,
2260 4453 2294 4506 ει
2315 4440 2446 4508 laetitia
2463 4442 2501 4505 sit

594 4525 908 4594 MAGISTRATUS
942 4528 1030 4593 POL
1045 4530 1172 4597 TlCUS
1205 4544 1257 4597 est
1284 4553 1431 4617 persona
1462 4551 1484 4594 a
1524 4531 1608 4607 vita,
1640 4549 1725 4613 quae
1754 4531 1852 4594 debet
1879 4529 2003 4593 habere
2030 4528 2170 4592 honesta
2191 4529 2340 4605 obiecta,
2371 4540 2412 4592 nt
2431 4545 2501 4592 eon-

508 4609 583 4678 neo
607 4613 756 4677 ordinata
776 4617 916 4680 mediate
938 4611 995 4680 vel
1016 4617 1216 4694 immediate,
1239 4629 1276 4681 ut
1296 4619 1339 4681 sit
1360 4638 1427 4682 vox
1450 4627 1484 4680 et
1525 4618 1699 4701 gruant⁹⁶)
1723 4635 1797 4678 cnm
1820 4614 1905 4678 Deo.

506 4707 668 4764 executor
677 4693 780 4784 Legis
803 4700 933 4765 divinae
955 4702 988 4764 in
1010 4711 1146 4768 externa
1167 4699 1341 4785 disciplina
1362 4714 1395 4767 ει
1405 4699 1481 4767 alia·
1608 4698 1672 4764 Est
1692 4710 1800 4764 autem
1812 4697 1969 4763 DOLOR
1989 4717 2051 4764 seu
2072 4698 2219 4763 'l'ristitia
2240 4700 2273 4761 in
2297 4698 2406 4762 corde
2427 4693 2501 4781 ingr

507 4799 581 4848 tunt
601 4778 814 4849 honestarum
834 4782 971 4870 Legum,
993 4797 1028 4850 ει
1047 4787 1092 4851 sit
1113 4798 1227 4852 custos
1249 4788 1354 4870 pacis,
1377 4798 1412 4852 et
1432 4806 1484 4850 re·
1525 4786 1646 4851 obiecti
1680 4784 1853 4860 contrarii,
1886 4804 1953 4867 quo
1984 4780 2140 4863 laeditur,
2172 4795 2205 4847 et
2225 4791 2279 4849 est
2299 4802 2428 4847 sensns
2449 4782 2502 4845 do·

507 4867 626 4952 minuat
642 4888 683 4933 ac
705 4869 817 4952 puniat
827 4874 872 4947 ⁹³)
901 4882 1114 4937 contumaces
1137 4874 1170 4936 vi
1187 4871 1365 4958 corporali,
1387 4869 1483 4939 bellis
1525 4871 1733 4945 structionis,
1773 4888 1847 4931 cum
1882 4888 1941 4932 cor
1973 4868 2065 4933 velat
2096 4866 2230 4954 iirgiens
2262 4869 2502 4954 constringitur

514 4983 705 4998 ·-··-·-—-
1525 4978 1586 5021 sen
1604 4954 1834 5037 comprimitur.
1862 4953 1904 5017 Et
1920 4955 1953 5018 in
1971 4953 2036 5018 hac
2053 4955 2302 5038 compressione
2313 4954 2502 5029 tuamen

508 5055 556 5120 90)
573 5065 635 5110 tace
654 5056 785 5118 Evangelii
801 5057 905 5112 abeunt
921 5061 957 5115 oi
973 5061 1046 5114 Editt
1067 5060 1176 5111 tc-ta.
1196 5062 1237 5112 ti.
1258 5061 1307 5124 23,
1325 5061 1381 5114 Dei.
1402 5063 1424 5113 i.

508 5155 556 5222 ⁹¹)
574 5157 727 5225 monstrato]
748 5159 821 5212 iiiii.
840 5160 881 5210 24.
900 5160 1018 5225 ati-it,
1036 5162 1109 5226 corp.
1130 5164 1205 5211 1-s.
1222 5166 1364 5216 monstrata

1526 5193 1573 5257 94)
1591 5190 1756 5258 licentiosa]
1776 5194 1848 5246 Editt
1868 5194 1978 5244 1'1-19.
1996 5195 2123 5249 licentius

509 5260 555 5323 ii)
574 5263 610 5377 qia
618 5262 694 5394 iqiqp
710 5262 857 5379 agnoscitur
874 5298 880 5310 .
900 5296 907 5310 .
926 5301 931 5313 .
955 5262 1084 5325 Evangelii
1104 5263 1209 5317 airum
1224 5265 1261 5318 ai
1278 5265 1351 5317 idiit.
1373 5262 1482 5314 16-19.
1526 5295 1573 5359 95)
1590 5298 1617 5409 εἰ,
1633 5272 1714 5414 {mii
1728 5297 1765 5412 ag
1782 5296 1855 5418 Egit}
1875 5296 1976 5411 }⁶'2¹⁷'
1996 5296 2102 5347 lii-21„
2120 5297 2160 5349 2³.
2178 5296 2227 5359 ti,
2246 5295 2320 5357 com,
2337 5294 2421 5355 1-3„
2439 5292 2499 5355 ow,

1611 5376 1942 5427 ..‚r.‚e...

509 5427 554 5490 ι)
574 5430 913 5561 tirannus.
928 5431 1002 5551 ει·
1017 5431 1187 5565 ccc
1202 5433 1352 5565 aran,
1366 5435 1485 5551 aa:
1525 5461 1573 5528 o
1590 5465 1725 5527 mou
1836 5464 1878 5512 ε
1897 5462 2016 5529 aa
2235 5458 2295 5520 a·
2314 5468 2339 5517 ι.
2359 5467 2502 5528 m

577 5574 607 5614 at
624 5565 745 5626 reprimat
762 5580 792 5620 uc
809 5567 897 5630 puniat
1526 5563 1574 5630 9⁷)
1591 5565 1699 5631 ionem]
1719 5566 1793 5620 iiiiii
1814 5564 1921 5618 16-itt,
1939 5565 1980 5615 tt.
2000 5566 2041 5615 ti.
2060 5566 2157 5619 terreit
