5859 6734
523 696 591 764 663
1231 689 1344 754 PlllL.
1365 690 1470 758 MEL.
1492 690 1680 758 scum
1699 689 1977 764 noemma,
2462 695 2531 764 stt

615 881 696 948 Cum
718 881 819 966 igitur
842 891 931 941 tanta
954 879 1020 940 sint
1041 873 1272 956 impedimenta
1294 869 1457 938 libertatis
1481 876 1514 940 ln
1544 874 1740 955 Ecclesiam,
1761 888 1799 942 ut
1819 878 1996 943 discrimen
2018 877 2102 962 legis
2125 876 2200 958 Dei,
2225 899 2311 964 quae
2332 882 2455 948 iudicat
2478 885 2527 948 ln·

525 967 589 1036 hac
611 967 821 1049 corruptione
844 975 991 1040 naturae,
1012 956 1070 1024 illa
1090 957 1240 1044 gloriosa
1262 959 1382 1022 oratio:
1405 958 1502 1024 Deus
1544 963 1667 1026 teriora
1688 975 1839 1046 peccata,
1861 975 1894 1027 et
1914 959 2025 1048 legum
2045 961 2273 1042 humanarum,
2296 986 2382 1049 quae
2400 979 2526 1032 tauhun

526 1051 656 1136 reliquit
677 1049 840 1114 hominem
862 1050 894 1111 in
917 1067 1014 1111 manu
1038 1040 1164 1107 consilii
1187 1043 1250 1120 sui,
1273 1062 1340 1105 non
1361 1044 1504 1109 estsine
1543 1042 1724 1132 loquuntur
1745 1047 1786 1110 de
1808 1059 1945 1112 externa
1966 1046 2151 1132 disciplina,
2174 1051 2413 1133 conspiciatum
2447 1052 2528 1120 ltem

525 1137 634 1224 aliqua
655 1138 687 1200 in
762 1136 919 1198 retatiorre
941 1130 1142 1214 aecrpienda.
1186 1126 1277 1191 Vera
1298 1139 1351 1192 cst
1371 1128 1503 1214 quidem
1544 1143 1581 1196 ut
1602 1132 1792 1218 magnitudo
1815 1133 2050 1198 beneficiorum
2073 1131 2195 1197 Christi
2223 1148 2443 1220 agnoscatur,
2471 1140 2528 1222 qui

524 1223 610 1288 haee
636 1219 712 1286 laus
750 1221 899 1285 ibertatis
922 1217 963 1281 de
984 1218 1112 1301 integra
1134 1222 1264 1278 natura.
1306 1211 1401 1278 Turre
1421 1211 1503 1280 fuis·
1545 1218 1621 1281 ideo
1642 1212 1726 1282 tollit
1746 1229 1932 1301 peccatum,
1955 1219 2031 1322 guia
2053 1217 2125 1282 Lex
2147 1239 2212 1282 non
2237 1216 2337 1296 tollit;
2370 1219 2448 1286 ldeo
2472 1236 2527 1287 est

526 1320 578 1374 set
605 1308 706 1372 homo
733 1306 765 1370 in
793 1327 889 1368 manu
914 1298 1043 1366 consilii
1064 1299 1132 1377 sui,
1154 1298 1188 1362 id
1210 1309 1273 1376 est,
1294 1319 1362 1364 non
1382 1295 1504 1364 luisset
1545 1299 1719 1380 Mediator,
1741 1313 1777 1365 ut
1797 1313 1933 1386 propter
1961 1324 2066 1387 rpsum
2089 1304 2191 1366 simus
2214 1303 2307 1383 iusti,
2341 1307 2416 1390 quia
2447 1303 2526 1394 lege

525 1393 680 1478 impedita
700 1390 848 1468 libertas,
870 1408 932 1454 nee
953 1398 1089 1450 naturae
1111 1382 1257 1448 tenebris
1279 1397 1312 1448 et
1329 1385 1504 1467 pravitate,
1545 1406 1613 1452 uon
1641 1407 1755 1452 sumus
1777 1387 1871 1462 iusti;
1915 1388 1992 1453 ldeo
2022 1390 2124 1453 donat
2149 1390 2246 1452 nobis
2270 1388 2295 1453 S
2319 1391 2423 1454 iritum
2446 1413 2526 1456 san·

526 1501 589 1546 nec
620 1500 642 1542 a
663 1473 824 1550 Diabolo,
855 1495 919 1539 nee
951 1494 972 1537 a
998 1471 1207 1555 negotiorum
1233 1467 1410 1546 fluetibus,
1442 1470 1505 1536 scd
1546 1482 1652 1550 etum,
1682 1483 1720 1537 ut
1741 1471 1773 1536 iu
1795 1483 1887 1536 tante
1908 1473 2095 1538 infirmitate
2116 1483 2224 1538 tamen
2247 1411 2417 1540 inchoetur
2438 1475 2525 1556 Lex,

526 1563 643 1640 electio
677 1575 709 1626 et
739 1559 881 1626 laeultas
913 1569 1005 1621 reete
1038 1556 1159 1620 aendi
1188 1551 1307 1619 fuisset
1326 1551 1503 1631 liberrima.
1546 1567 1579 1620 et
1599 1555 1680 1622 liant
1701 1555 1811 1643 aliqua
1833 1554 1994 1624 salutaria
2015 1559 2112 1622 nobis
2140 1569 2173 1622 et
2194 1556 2285 1638 aliis,
2315 1571 2347 1624 et
2370 1562 2526 1643 reprima-

525 1649 622 1716 Nuue
660 1669 740 1713 vero
773 1648 807 1710 in
838 1645 904 1710 hac
935 1643 1052 1707 irnbee'
1080 1643 1157 1704 'tate
1188 1641 1361 1704 interiores
1393 1650 1504 1705 motus
1547 1653 1600 1708 tur
1621 1639 1785 1706 Diabolus
1808 1643 1968 1708 insidians
1991 1644 2150 1710 universo
2170 1647 2283 1730 generi
2305 1644 2460 1710 humano.

526 1745 749 1822 congruentes
776 1731 861 1816 Legi
883 1728 947 1793 Dei
979 1748 1046 1791 uon
1079 1726 1305 1791 accenduntur
1336 1725 1408 1788 sine
1430 1723 1505 1810 Spi·
1631 1725 1729 1793 Nunc
1751 1740 1783 1792 et
1805 1725 1943 1794 alterum
1965 1729 2087 1795 dictam
2110 1730 2355 1794 consideretur:
2379 1729 2528 1796 Anathe-

528 1821 593 1884 ritu
623 1830 762 1892 sancto;
800 1818 866 1882 imo
899 1815 998 1878 etiam
1029 1811 1173 1876 exterior
1206 1809 1381 1896 disciplina
1401 1829 1505 1894 saepe
1546 1833 1601 1878 ma
1625 1813 1687 1889 sit,
1715 1813 1745 1876 si
1772 1813 1845 1898 quis
1868 1814 1964 1894 dicit,
1993 1813 2119 1901 Legem
2140 1835 2242 1899 posse
2265 1814 2334 1878 lieri
2356 1817 2429 1880 siue
2451 1836 2529 1902 gra·

525 1905 711 1992 impeditur,
731 1913 768 1967 ut
788 1922 830 1967 su
853 1921 891 1964 ra
913 1899 1036 1964 dietmn
1057 1907 1119 1961 est
1153 1895 1264 1968 Quare
1285 1897 1408 1982 siquis
1425 1913 1505 1960 eorr-
1546 1898 1601 1962 tia.
1645 1895 1798 1964 Brevitas
1825 1895 1922 1962 huius
1949 1899 2027 1964 dicti
2049 1903 2146 1965 etiam
2167 1897 2313 1983 postulat
2335 1897 2527 1984 explicatio-

525 1990 629 2056 tendit
661 1991 783 2054 dictum
833 1983 1033 2052 eclesiastici
1060 1982 1102 2045 de
1122 1982 1291 2066 praesenti
1311 1992 1429 2046 natura
1449 1999 1505 2044 ae·
1546 2002 1632 2048 nem.
1675 1981 1760 2048 Nam
1782 1985 1890 2070 gratia
1911 2007 1978 2050 non
2000 1997 2126 2051 tantum
2148 1983 2347 2072 intelligatur
2371 1988 2413 2050 de
2434 1987 2528 2052 auxi·

527 2079 556 2139 ei
579 2075 711 2140 ieudum
737 2093 830 2150 esse,
857 2089 1000 2136 necesse
1027 2068 1088 2132 crit
1113 2067 1191 2132 addi
1218 2085 1371 2152 magnam
1390 2066 1505 2129 restri·
1546 2066 1590 2132 lio
1623 2067 1767 2152 Spiritus
1799 2072 1925 2150 saneti,
1958 2071 2019 2136 sed
2049 2083 2223 2156 utrumque
2256 2069 2530 2156 complectamur,

527 2097 686 2240 etlonem,
707 2155 876 2224 videlicet:
899 2154 993 2220 Deus
1014 2149 1145 2238 reliquit
1166 2149 1330 2216 hominem
1351 2151 1385 2215 in
1406 2171 1505 2214 uranu
1547 2154 1720 2239 gratuitam
1741 2155 1784 2219 im
1809 2155 2002 2234 utationem,
2024 2177 2111 2241 quae
2134 2155 2169 2220 lit
2190 2169 2325 2242 propter
2348 2155 2530 2236 Christrun,

528 2243 668 2310 consilii¹
687 2246 755 2323 sui,
783 2239 929 2319 scilieet,
961 2253 997 2304 ut
1023 2259 1085 2323 per·
1113 2257 1191 2300 sese
1218 2256 1315 2302 ruere
1336 2237 1444 2322 possit
1461 2236 1505 2299 ad
1547 2250 1581 2304 et
1608 2235 1764 2304 auxilium
1785 2176 1812 2305 h
1835 2241 1929 2306 iritus
1956 2243 2072 2306 sancti.
2117 2239 2260 2308 Primum
2282 2243 2368 2306 enirn
2392 2253 2524 2329 oportet

525 2327 647 2395 malum
681 2341 714 2394 et
747 2330 877 2394 adiutus
910 2347 932 2389 a
959 2324 1084 2409 Spiritu
1116 2336 1234 2386 saneto
1267 2334 1358 2386 reete
1389 2317 1504 2385 facere
1547 2324 1703 2474 ppenrpbus
1731 2261 1926 2408 praelucere
1949 2327 2149 2413 agnitionem
2172 2323 2294 2390 Christi
2318 2339 2350 2390 et
2373 2325 2473 2392 fidem
2494 2329 2529 2392 iu

548 2416 647 2488 ossitt
679 2435 756 2480 nam
776 2429 809 2478 et
830 2426 908 2478 tuuc
930 2407 1084 2475 voluntas
1106 2427 1174 2472 non
1201 2420 1254 2472 est
1282 2408 1409 2486 otiosa,
1441 2426 1504 2470 uec
1617 2411 1624 2427 ·
1647 2420 1726 2474 tum.

525 2437 627 2566 habet
653 2519 692 2563 se
718 2510 756 2564 ut
779 2510 907 2575 statua,
939 2507 975 2558 ut
995 2491 1118 2578 loseph
1139 2495 1320 2596 experitur,
1355 2493 1411 2577 qui
1431 2493 1506 2576 ipse
1633 2493 1690 2558 Sic
1712 2515 1794 2579 ergo
1815 2496 1955 2580 primum
1975 2493 2176 2584 intelligatur
2196 2498 2323 2582 gratia:
2367 2497 2438 2562 Lex
2462 2498 2529 2564 Dei

526 2579 672 2666 luctatur
701 2603 832 2660 seeum,
861 2601 925 2646 nec
952 2579 1146 2665 imprimitur
1167 2599 1197 2642 er
1219 2591 1328 2643 motus
1350 2577 1504 2663 spiritua·
1548 2578 1585 2644 fir
1605 2599 1665 2663 per
1686 2582 1836 2666 gratiam,
1858 2581 1891 2646 id
1913 2592 1981 2646 est:
2005 2581 2092 2654 Quia
2113 2581 2178 2646 fide
2223 2595 2336 2668 rupter
2358 2580 2529 2650 Christum

524 2665 568 2733 lis
591 2681 629 2734 ut
655 2681 796 2734 statuae.
846 2667 900 2732 Fit
925 2676 1035 2730 autem
1057 2661 1212 2729 voluutas
1233 2664 1410 2728 adiuvante
1432 2661 1505 2746 Spi·
1548 2666 1675 2748 recepti
1701 2683 1816 2730 sumus
1844 2677 1876 2730 et
1903 2663 1982 2732 sacti
2010 2667 2157 2732 membra
2248 2667 2320 2744 ‘sti,
2348 2677 2438 2732 certo
2461 2669 2528 2734 iam

524 2753 590 2818 ritu
621 2765 738 2819 saneto
764 2753 873 2840 magis
894 2748 1015 2827 libera,
1036 2749 1070 2812 id
1092 2761 1156 2832 est,
1177 2749 1450 2896 circumspectius
1473 2756 1506 2810 et
1547 2746 1717 2835 placemus
1729 2750 1815 2830 Deo,
1837 2751 1973 2838 perinde
1994 2774 2035 2816 ac
2058 2752 2087 2818 si
2104 2751 2229 2840 Legem
2251 2754 2317 2816 inte
2343 2774 2378 2816 re
2399 2751 2528 2818 lacere-

525 2841 730 2906 coustantius
751 2857 868 2924 agens,
889 2847 923 2900 et
941 2835 1112 2900 ardentius
1132 2836 1294 2897 invocans
1349 2853 1435 2896 eum·
1547 2855 1631 2897 mus.
1674 2833 1766 2898 Haec
1799 2849 1851 2900 cst
1871 2837 1990 2922 ingens
2014 2838 2156 2915 bonitas,
2184 2838 2231 2900 ita
2252 2774 2386 2923 sephu-i
2408 2859 2528 2926 pecca·

609 2927 784 2992 Postremo
811 2923 868 2988 hie
896 2921 1068 2986 recitanda
1090 2932 1168 2983 sunt
1190 2920 1256 2982 duo
1278 2918 1368 2982 dicta
1388 2915 1505 2980 Hiero-
1547 2931 1615 2982 tum
1637 2932 1669 2982 et
1691 2939 1753 2984 uos
1776 2921 1841 2986 indi
1869 2943 1930 2986 nos
1952 2923 2063 3006 recipi.

526 3018 626 3106 nymi,
669 3033 734 3082 uae
756 3029 859 3096 saepe
879 3007 1022 3071 citantur·
1043 3016 1077 3069 et
1094 3005 1240 3090 indigent
1262 3004 1504 3088 interpretatio·
1632 3002 1762 3069 Deinde
1784 3006 1851 3070 inte
1877 3006 1985 3094 'gatur
2030 3008 2113 3073 ratia
2135 3009 2231 3072 etiam
2243 3009 2285 3072 de
2301 3007 2433 3086 auxilio,
2481 3031 2526 3074 uo

526 3124 578 3168 ne.
668 3111 774 3166 terum
803 3105 869 3160 est:
901 3089 1092 3160 Auathema
1123 3089 1183 3166 sit,
1216 3088 1346 3173 siquis
1375 3088 1504 3166 aneni,
1545 3086 1766 3174 multipliciter·
1798 3112 1884 3177 opus
1917 3103 1978 3156 est.
2041 3091 2152 3156 lentes
2186 3107 2263 3157 sunt
2292 3093 2459 3158 accenden

525 3187 632 3254 Deum
665 3179 881 3269 impossibilia
911 3177 1133 3264 praecepisse.
1184 3171 1410 3258 Quaecunque
1442 3173 1504 3236 l'uit
1544 3171 1619 3238 luce
1637 3194 1716 3239 vera
1738 3187 1771 3240 et
1792 3177 1981 3241 retinendae
2001 3179 2035 3241 in
2058 3180 2161 3241 verbo
2183 3177 2257 3242 Dei.
2310 3175 2419 3242 Motus
2444 3175 2527 3242 fidei

526 3272 660 3338 occasio
677 3269 776 3336 huius
797 3265 895 3342 dicti,
928 3273 1022 3326 certe
1046 3257 1110 3339 illi,
1143 3259 1199 3344 qui
1221 3260 1322 3322 citant
1343 3271 1378 3322 et
1398 3255 1503 3324 incul-
1544 3262 1577 3323 in
1610 3261 1712 3326 corde
1744 3263 1908 3326 excitandi
1937 3275 2031 3339 sunt,
2061 3263 2245 3327 movendae
2272 3263 2367 3326 etlam
2393 3275 2528 3327 mentes

526 3369 619 3436 eant,
641 3357 818 3422 ostendunt
838 3371 877 3414 se
899 3367 966 3414 non
988 3347 1138 3432 cogitare
1159 3363 1318 3422 caussas,
1353 3366 1412 3410 eur
1431 3343 1504 3408 Lex
1545 3356 1641 3424 sunt,
1663 3357 1699 3409 ut
1720 3347 1903 3431 suscipiant
1924 3343 2082 3412 salutaria
2107 3347 2203 3412 nobis
2227 3358 2259 3412 et
2281 3345 2372 3425 aliis,
2397 3359 2434 3412 ut
2453 3345 2527 3412 Da-

524 3441 590 3506 Del
609 3439 678 3506 lata
699 3441 753 3504 sit.
798 3433 936 3500 Politiea
957 3453 996 3497 sa
1020 3431 1118 3496 ientia
1140 3430 1278 3508 iudicat,
1307 3425 1402 3516 leges
1423 3426 1504 3494 ferri
1545 3429 1601 3494 vid
1621 3432 1817 3496 movebatur
1837 3433 1881 3496 ad
1903 3434 2056 3512 exitiosa,
2079 3453 2153 3496 eum
2176 3452 2238 3498 suo
2254 3429 2364 3517 aliquo
2380 3431 2527 3498 humano

526 3543 652 3598 tantum
673 3529 766 3603 ideo,
795 3535 831 3586 ut
852 3521 943 3584 fiant.
986 3453 1033 3580 Χῖ
1052 3513 1107 3578 lex
1127 3515 1193 3579 Dei
1214 3513 1282 3580 lata
1303 3527 1356 3579 est
1400 3516 1503 3578 raeci·
1546 3512 1687 3580 consilio
1700 3517 1883 3603 cogitasset
1895 3519 1936 3582 de
1948 3517 2149 3582 numerando
2161 3513 2294 3602 populo.
2315 3517 2473 3602 Semperi
2502 3517 2526 3565 '-

527 3636 592 3701 pne
624 3615 667 3676 oh
694 3609 782 3674 hanc
806 3625 978 3681 caussam,
1007 3612 1045 3666 ut
1073 3611 1161 3665 estet
1180 3600 1335 3666 iudicium
1394 3601 1423 3664 ei
1446 3602 1504 3688 ad·
1545 3611 1599 3662 tur
1614 3611 1776 3682 petamus,
1797 3615 1834 3666 ut
1852 3613 1884 3664 et
1894 3601 1970 3666 Deo
1982 3599 2149 3688 placentia
2160 3615 2192 3665 et
2204 3600 2295 3666 utilia
2307 3603 2404 3666 nobis
2417 3612 2450 3666 et
2491 3623 2527 3668 c·

528 3719 646 3766 versus
678 3707 871 3783 peccatum,
902 3687 998 3752 Deus
1029 3683 1100 3752 vult
1122 3685 1269 3770 conspici
1291 3685 1375 3750 iram
1396 3705 1505 3764 suam,
1546 3681 1669 3749 elesiae
1703 3683 1873 3750 iaciamus.
1929 3687 1982 3750 Ae
2014 3700 2165 3752 neutrum
2198 3686 2269 3752 fieri
2301 3699 2427 3770 potest,
2461 3686 2526 3750 nisi

529 3799 562 3852 et
589 3803 675 3849 voce
695 3779 779 3846 Le'
828 3773 973 3854 ostendit
998 3771 1094 3836 nobis
1121 3783 1262 3855 peecata
1282 3781 1409 3834 nostra.
1453 3769 1504 3834 lu·
1545 3767 1619 3833 Deo
1643 3790 1705 3834 nos
1726 3771 1903 3835 adiuvante
1926 3782 1957 3835 et
1979 3775 2194 3857 gubemoute.
2239 3769 2373 3838 Certum
2396 3784 2447 3836 est
2467 3793 2526 3837 au·

528 3885 615 3936 stum
645 3879 715 3931 erat
769 3862 839 3949 iligi
860 3859 967 3924 Deum
990 3877 1032 3922 ex
1053 3867 1124 3921 toto
1146 3855 1265 3930 eo··de;
1308 3855 1386 3938 quia
1405 3855 1505 3942 igitur
1545 3865 1631 3931 tem,
1659 3851 1744 3918 velle
1772 3875 1846 3919 eum
1879 3858 1974 3920 nobis
1997 3858 2118 3922 adesse
2140 3868 2172 3920 et
2194 3877 2292 3942 opem
2312 3854 2416 3934 ferre,
2450 3878 2528 3922 oum

529 3953 613 4022 telos
642 3971 709 4016 non
737 3967 868 4023 sumus,
903 3943 1026 4008 iudicat
1054 3951 1087 4006 et
1112 3952 1252 4006 accusat
1279 3959 1341 4003 nos
1370 3937 1442 4004 Lex
1473 3952 1506 4004 et
1545 3941 1698 4022 perimus,
1731 3951 1767 4003 ut
1799 3937 1952 4007 Christus
1986 3939 2075 4006 clare
2108 3941 2211 4026 iuquit
2246 3941 2338 4018 [Luc.
2363 3941 2415 4020 ll,
2443 3939 2526 4018 13.]:

529 4043 611 4108 Ιηιῃ
631 4037 729 4106 nohis
752 4031 927 4097 denuntiat.
969 4025 1086 4092 Altera
1106 4027 1225 4092 deinde
1248 4045 1370 4090 caussa
1391 4036 1454 4104 est,
1471 4038 1506 4089 ut
1547 4023 1678 4096 Quanto
1712 4025 1817 4110 magis
1846 4025 1945 4092 Pater
1969 4041 2082 4092 vester
2114 4023 2270 4092 eoelestis
2303 4026 2394 4091 dabit
2422 4025 2528 4110 Spiri-

530 4111 702 4192 inohoetur
723 4118 794 4184 Lex
815 4115 879 4182 Dei
912 4115 945 4178 in
966 4111 1031 4192 his,
1064 4113 1119 4197 qui
1140 4112 1205 4176 iam
1226 4120 1414 4260 agnoscunt
1434 4109 1505 4175 dle·
1547 4119 1614 4173 turn
1643 4123 1793 4176 sanctum
1815 4113 2011 4196 petentibus.

531 4191 708 4285 dietohem,
740 4217 774 4268 et
801 4195 1003 4267 reconciliati
1030 4209 1124 4276 sunt,
1147 4196 1233 4260 etin
1280 4199 1307 4259 is
1330 4193 1507 4262 inchoatur
1633 4193 1723 4260 llaec
1746 4197 1774 4258 si
1797 4196 1829 4259 irr
1851 4199 1919 4261 vita
1942 4199 2179 4280 experiremur,
2201 4193 2303 4262 multo
2326 4195 2448 4261 elarius
2477 4197 2528 4260 in·

531 4289 705 4361 adiuvante
727 4288 813 4353 Deo.
1547 4277 1650 4364 telligi
1679 4281 1829 4344 doctrina
1856 4293 1980 4366 posset.
2024 4281 2093 4346 Sed
2115 4284 2191 4384 rpria
2212 4284 2309 4366 pauci
2330 4293 2446 4365 petunt
2466 4303 2527 4348 au·

616 4379 731 4464 ltaque
759 4395 831 4450 eum
854 4373 948 4438 audis
969 4367 1057 4434 hanc
1079 4388 1207 4450 vocem,
1219 4366 1289 4431 Lex
1311 4378 1364 4430 est
1386 4366 1506 4451 impos·
1546 4362 1675 4444 silium,
1704 4369 1768 4430 imo
1798 4369 1939 4452 quadam
1968 4367 2201 4450 desperatrone
2228 4364 2394 4454 fugientes
2415 4366 2530 4432 Deum

531 4455 654 4542 slhllis,
680 4483 745 4527 non
772 4454 977 4526 consulenda
1003 4466 1055 4519 est
1068 4451 1210 4538 politica
1231 4453 1410 4538 snpientia,
1443 4473 1506 4516 nec
1548 4463 1710 4536 quaerunt
1732 4451 1873 4516 humana
1895 4447 2056 4526 eonsilia3
2080 4451 2156 4516 ldeu
2180 4473 2245 4514 non
2268 4453 2463 4536 perveniunt
2481 4453 2529 4516 ad

532 4549 739 4636 cogitandum
762 4545 804 4608 de
826 4539 999 4628 disciplina
1026 4549 1178 4618 externa,
1207 4539 1267 4602 sed
1295 4549 1395 4624 negat
1421 4537 1507 4601 Pau·
1547 4559 1568 4600 a
1616 4537 1750 4602 itionem
1790 4536 1904 4602 harum
1937 4537 2191 4619 promissionum
2224 4548 2256 4600 et
2290 4535 2541 4602 beneficiorum

531 4633 585 4702 lua
606 4631 678 4698 tolli
698 4635 780 4697 iram
801 4630 866 4694 Dei
911 4647 948 4690 er
970 4624 1104 4710 Legem,
1125 4637 1227 4708 negat
1248 4635 1282 4688 et
1303 4623 1388 4708 Legi
1410 4625 1507 4686 satis·
1548 4619 1576 4686 C
1617 4623 1681 4686 isti.
1726 4621 1836 4696 Quare
1868 4621 1955 4686 hane
1987 4623 2153 4707 ignavium
2182 4633 2215 4686 ct
2236 4619 2449 4686 diffidentiam
2471 4642 2530 4686 ex-

532 4719 602 4790 lieri
624 4719 657 4781 in
678 4716 742 4780 hae
763 4649 987 4779 imbeerCitate
1008 4722 1155 4774 naturae.
1549 4706 1724 4784 cutiamus,
1758 4719 1790 4771 et
1812 4721 2034 4790 agnoscentes
2063 4708 2314 4792 magnitudinem
2335 4719 2530 4772 nostrarum

617 4802 698 4866 ltem
723 4801 818 4866 Rom.
846 4799 877 4862 3.
906 4805 971 4877 [vs.
994 4796 1062 4876 att]
1104 4795 1179 4858 Non
1208 4792 1441 4860 iustificabitur
1465 4815 1507 4857 ex
1548 4791 1754 4856 miseriarum
1776 4803 1808 4855 et
1830 4790 2049 4877 periculorum
2071 4795 2249 4856 excitemus
2270 4811 2332 4855 nos
2351 4791 2394 4855 ad
2411 4812 2530 4856 veram

533 4912 553 4954 o
597 4887 688 4974 rihus
699 4884 802 4972 Legis
825 4885 931 4949 omnis
953 4902 1042 4947 caro.
1074 4879 1138 4944 llic
1159 4877 1280 4944 fatetur
1300 4877 1372 4944 fieri
1393 4899 1506 4964 opera.
1548 4878 1799 4942 invocationem.
1850 4875 1887 4941 ln
1914 4877 1979 4942 hae
2009 4878 2187 4942 sentiemus
2209 4878 2447 4961 promissiones
2460 4875 2529 4940 Dei

561 4985 595 5052 st
620 4963 660 5036 'er
683 4991 721 5046 o,
750 4971 838 5057 quod
865 4970 908 5034 ad
930 4965 985 5032 illa
1007 4977 1142 5032 esterna
1163 4984 1266 5049 opera
1287 4965 1412 5044 attinet,
1434 4963 1507 5028 Lex
1549 4982 1646 5028 veras
1675 4981 1770 5040 esse,
1798 4962 1884 5026 siout
1906 4963 2024 5028 (licitur
2046 4959 2127 5042 [loh.
2154 4959 2204 5039 16,
2226 4962 2311 5040 w:
2352 4961 2476 5039 Petite,
2495 4975 2530 5026 et

531 5057 657 5162 possihr
671 5057 718 5133 is,
744 5056 806 5118 scd
830 5065 931 5140 negat
956 5063 1092 5139 propter
1112 5049 1198 5118 haec
1220 5070 1322 5134 opera
1341 5049 1508 5118 hominem
1549 5048 1729 5129 accipietis.
1759 5046 1838 5110 ltem
1861 5047 1932 5126 [Ps.
1958 5048 2030 5126 lli,
2054 5045 2134 5128 18.]:
2157 5045 2265 5130 Prope
2288 5059 2337 5110 cst
2361 5044 2528 5110 Dominus

532 5145 653 5210 rusum
680 5159 759 5204 esse
785 5149 843 5202 aut
862 5139 947 5225 Legi
967 5135 1172 5204 satisfactum
1193 5155 1281 5199 esse.
1323 5135 1397 5200 Non
1421 5135 1508 5198 enim
1550 5133 1705 5196 omnibus
1734 5133 1965 5197 invocantibus
1990 5154 2065 5197 eum
2087 5134 2119 5195 in
2142 5133 2290 5195 veritate.

533 5225 684 5292 aulemnt
714 5235 887 5309 peceatum
919 5233 952 5288 et
989 5225 1071 5287 iram
1097 5221 1179 5298 Dei,
1209 5217 1264 5284 vel
1291 5221 1447 5286 tenebras
1473 5219 1508 5282 in
1634 5215 1679 5279 Ut
1711 5230 1820 5282 autem
1851 5219 1917 5282 iarn
1949 5221 1982 5282 in
2015 5219 2101 5282 dicto
2129 5216 2321 5301 Hieronymi
2351 5227 2529 5301 utrumque

532 5325 641 5378 monte
673 5324 705 5376 et
726 5310 934 5374 aversionem
955 5329 975 5370 a
996 5307 1071 5371 Deo
1094 5306 1127 5369 in
1150 5303 1319 5370 voluntate
1337 5317 1371 5368 et
1394 5306 1506 5369 corde.
1550 5299 1714 5384 complexi
1735 5323 1860 5379 sumus,
1885 5301 1956 5367 Lex
1979 5303 2014 5368 lit
2035 5323 2094 5384 per
2116 5304 2263 5388 gratiam,
2287 5302 2319 5364 id
2342 5311 2405 5378 est,
2423 5301 2529 5384 impu·

616 5395 687 5460 Etsi
715 5397 815 5482 igitur
844 5393 1053 5456 offenduntur
1080 5392 1141 5453 viri
1169 5386 1308 5474 politici,
1339 5411 1413 5454 eum
1434 5389 1508 5458 Lex
1550 5389 1672 5450 tatione
1694 5399 1828 5471 propter
1850 5386 2016 5454 Christum
2038 5399 2071 5450 et
2092 5385 2214 5451 auxilio
2237 5387 2380 5469 Spiritum
2402 5389 2531 5462 sancti;

532 5482 596 5546 Dei
618 5481 736 5546 dicitur·
755 5475 980 5564 impossibilis,
1001 5487 1110 5540 tamen
1132 5475 1165 5538 id
1187 5475 1308 5538 dictum
1329 5485 1507 5540 verumest
1548 5473 1633 5536 Nam
1663 5473 1758 5536 etiam
1781 5495 1854 5537 curn
1876 5471 2031 5535 inchoata
2053 5483 2106 5535 cst
2123 5472 2321 5550 obedientia,
2342 5483 2452 5536 tamen
2470 5474 2531 5538 ad·

533 5565 659 5631 dehac
680 5575 834 5650 corrupta
856 5573 988 5640 natura,
1016 5572 1050 5625 et
1075 5579 1217 5626 necesse
1238 5571 1292 5623 est
1312 5559 1362 5623 sic
1384 5559 1507 5623 docere
1527 5623 1531 5647 ,
1548 5556 1614 5622 huc
1644 5556 1760 5640 procrd
1788 5560 1948 5624 absumus
1970 5579 1992 5622 a
2012 5554 2213 5640 perfectione
2235 5555 2351 5644 Legis,
2374 5557 2434 5622 sed
2455 5553 2531 5639 pla·
