<?xml version="1.0" encoding="UTF-8"?>
<!DOCTYPE html PUBLIC "-//W3C//DTD XHTML 1.0 Transitional//EN"
    "http://www.w3.org/TR/xhtml1/DTD/xhtml1-transitional.dtd">
<html xmlns="http://www.w3.org/1999/xhtml" xml:lang="en" lang="en">
 <head>
  <title>
</title>
<meta http-equiv="Content-Type" content="text/html;charset=utf-8" />
  <meta name='ocr-system' content='tesseract 3.04.00' />
  <meta name='ocr-capabilities' content='ocr_page ocr_carea ocr_par ocr_line ocrx_word'/>
</head>
<body>
  <div class='ocr_page' id='page_1' title='image "./philippimelanth08melagoog_0334.png"; bbox 0 0 5859 6734; ppageno 0'>
   <div class='ocr_carea' id='block_1_1' title="bbox 506 719 2516 792">
    <p class='ocr_par' dir='ltr' id='par_1_1' title="bbox 506 719 2516 792">
     <span class='ocr_line' id='line_1_1' title="bbox 506 719 2516 792; baseline -0 -4"><span class='ocrx_word' id='word_1_1' title='bbox 506 721 574 788; x_wconf 99' lang='grc'><strong>639</strong></span> <span class='ocrx_word' id='word_1_2' title='bbox 1137 723 1250 791; x_wconf 87' lang='lat' dir='ltr'><strong>PlllL.</strong></span> <span class='ocrx_word' id='word_1_3' title='bbox 1270 723 1376 791; x_wconf 86' lang='lat' dir='ltr'><strong>MEL.</strong></span> <span class='ocrx_word' id='word_1_4' title='bbox 1397 723 1586 792; x_wconf 78' lang='lat' dir='ltr'><strong>SCRIPTA</strong></span> <span class='ocrx_word' id='word_1_5' title='bbox 1605 723 1884 790; x_wconf 73' lang='lat' dir='ltr'><strong>noetianos.</strong></span> <span class='ocrx_word' id='word_1_6' title='bbox 2448 719 2516 787; x_wconf 92' lang='grc'><strong>640</strong></span> 
     </span>
    </p>
   </div>
   <div class='ocr_carea' id='block_1_2' title="bbox 470 905 2539 5338">
    <p class='ocr_par' dir='ltr' id='par_1_2' title="bbox 470 905 2539 5338">
     <span class='ocr_line' id='line_1_2' title="bbox 510 905 2514 996; baseline -0 -20"><span class='ocrx_word' id='word_1_7' title='bbox 510 911 674 978; x_wconf 87' lang='lat' dir='ltr'><strong>ventibus.</strong></span> <span class='ocrx_word' id='word_1_8' title='bbox 719 910 811 976; x_wconf 87' lang='lat' dir='ltr'><strong>llaec</strong></span> <span class='ocrx_word' id='word_1_9' title='bbox 832 931 943 996; x_wconf 75' lang='lat' dir='ltr'><strong>rerum</strong></span> <span class='ocrx_word' id='word_1_10' title='bbox 972 914 1172 978; x_wconf 78' lang='lat' dir='ltr'><strong>sustentatio</strong></span> <span class='ocrx_word' id='word_1_11' title='bbox 1195 933 1257 978; x_wconf 93' lang='lat' dir='ltr'><strong>seu</strong></span> <span class='ocrx_word' id='word_1_12' title='bbox 1278 915 1488 979; x_wconf 79' lang='lat' dir='ltr'><strong>conservatio</strong></span> <span class='ocrx_word' id='word_1_13' title='bbox 1535 913 1599 992; x_wconf 79' lang='grc'><strong>13.)</strong></span> <span class='ocrx_word' id='word_1_14' title='bbox 1622 910 1677 978; x_wconf 90' lang='lat' dir='ltr'><strong>De</strong></span> <span class='ocrx_word' id='word_1_15' title='bbox 1698 910 1795 978; x_wconf 91' lang='lat' dir='ltr'><strong>coelo</strong></span> <span class='ocrx_word' id='word_1_16' title='bbox 1817 911 1960 995; x_wconf 77' lang='lat' dir='ltr'><strong>respexit</strong></span> <span class='ocrx_word' id='word_1_17' title='bbox 1981 908 2156 985; x_wconf 87' lang='lat' dir='ltr'><strong>Dominus,</strong></span> <span class='ocrx_word' id='word_1_18' title='bbox 2174 907 2265 973; x_wconf 85' lang='lat' dir='ltr'><strong>videt</strong></span> <span class='ocrx_word' id='word_1_19' title='bbox 2287 925 2402 972; x_wconf 91' lang='lat' dir='ltr'><strong>omnes</strong></span> <span class='ocrx_word' id='word_1_20' title='bbox 2426 905 2514 975; x_wconf 83' lang='lat' dir='ltr'><strong>lilios</strong></span> 
     </span>
     <span class='ocr_line' id='line_1_3' title="bbox 509 991 2515 1083; baseline -0.001 -22"><span class='ocrx_word' id='word_1_21' title='bbox 509 999 634 1061; x_wconf 85' lang='lat' dir='ltr'><strong>usitata</strong></span> <span class='ocrx_word' id='word_1_22' title='bbox 666 995 888 1080; x_wconf 79' lang='lat' dir='ltr'><strong>appellatione</strong></span> <span class='ocrx_word' id='word_1_23' title='bbox 920 1009 1061 1063; x_wconf 88' lang='lat' dir='ltr'><strong>vocatur</strong></span> <span class='ocrx_word' id='word_1_24' title='bbox 1092 1000 1180 1063; x_wconf 86' lang='lat' dir='ltr'><strong>actio</strong></span> <span class='ocrx_word' id='word_1_25' title='bbox 1212 997 1278 1062; x_wconf 91' lang='lat' dir='ltr'><strong>Dei</strong></span> <span class='ocrx_word' id='word_1_26' title='bbox 1310 996 1489 1083; x_wconf 88' lang='lat' dir='ltr'><strong>generalis,</strong></span> <span class='ocrx_word' id='word_1_27' title='bbox 1531 996 1716 1076; x_wconf 89' lang='lat' dir='ltr'><strong>hominum,</strong></span> <span class='ocrx_word' id='word_1_28' title='bbox 1749 997 1844 1083; x_wconf 88' lang='lat' dir='ltr'><strong>lingit</strong></span> <span class='ocrx_word' id='word_1_29' title='bbox 1872 995 2038 1082; x_wconf 84' lang='lat' dir='ltr'><strong>sigillatim</strong></span> <span class='ocrx_word' id='word_1_30' title='bbox 2068 995 2169 1058; x_wconf 91' lang='lat' dir='ltr'><strong>corda</strong></span> <span class='ocrx_word' id='word_1_31' title='bbox 2196 1013 2329 1071; x_wconf 83' lang='lat' dir='ltr'><strong>comm,</strong></span> <span class='ocrx_word' id='word_1_32' title='bbox 2357 991 2515 1081; x_wconf 90' lang='lat' dir='ltr'><strong>intelligit</strong></span> 
     </span>
     <span class='ocr_line' id='line_1_4' title="bbox 511 1078 2515 1169; baseline -0.001 -23"><span class='ocrx_word' id='word_1_33' title='bbox 511 1101 598 1166; x_wconf 87' lang='lat' dir='ltr'><strong>quae</strong></span> <span class='ocrx_word' id='word_1_34' title='bbox 620 1091 730 1145; x_wconf 92' lang='lat' dir='ltr'><strong>tamen</strong></span> <span class='ocrx_word' id='word_1_35' title='bbox 752 1103 820 1146; x_wconf 95' lang='lat' dir='ltr'><strong>non</strong></span> <span class='ocrx_word' id='word_1_36' title='bbox 843 1084 887 1147; x_wconf 89' lang='lat' dir='ltr'><strong>ita</strong></span> <span class='ocrx_word' id='word_1_37' title='bbox 899 1081 1014 1169; x_wconf 90' lang='lat' dir='ltr'><strong>alligat</strong></span> <span class='ocrx_word' id='word_1_38' title='bbox 1025 1103 1100 1148; x_wconf 92' lang='lat' dir='ltr'><strong>eum</strong></span> <span class='ocrx_word' id='word_1_39' title='bbox 1119 1084 1250 1149; x_wconf 86' lang='lat' dir='ltr'><strong>caussis</strong></span> <span class='ocrx_word' id='word_1_40' title='bbox 1268 1085 1436 1162; x_wconf 89' lang='lat' dir='ltr'><strong>secundis,</strong></span> <span class='ocrx_word' id='word_1_41' title='bbox 1452 1094 1490 1148; x_wconf 93' lang='lat' dir='ltr'><strong>ut</strong></span> <span class='ocrx_word' id='word_1_42' title='bbox 1533 1087 1643 1149; x_wconf 93' lang='lat' dir='ltr'><strong>omnia</strong></span> <span class='ocrx_word' id='word_1_43' title='bbox 1664 1103 1768 1166; x_wconf 88' lang='lat' dir='ltr'><strong>opera</strong></span> <span class='ocrx_word' id='word_1_44' title='bbox 1790 1102 1912 1147; x_wconf 89' lang='lat' dir='ltr'><strong>eorum.</strong></span> <span class='ocrx_word' id='word_1_45' title='bbox 1937 1079 2027 1144; x_wconf 90' lang='lat' dir='ltr'><strong>Psal.</strong></span> <span class='ocrx_word' id='word_1_46' title='bbox 2053 1078 2124 1142; x_wconf 88' lang='grc'><strong>146.</strong></span> <span class='ocrx_word' id='word_1_47' title='bbox 2153 1085 2215 1156; x_wconf 87' lang='lat' dir='ltr'><strong>[vs.</strong></span> <span class='ocrx_word' id='word_1_48' title='bbox 2238 1079 2286 1158; x_wconf 96' lang='grc'><strong>8.]</strong></span> <span class='ocrx_word' id='word_1_49' title='bbox 2320 1078 2385 1150; x_wconf 86' lang='lat' dir='ltr'><strong>Qui</strong></span> <span class='ocrx_word' id='word_1_50' title='bbox 2406 1081 2515 1164; x_wconf 85' lang='lat' dir='ltr'><strong>operit</strong></span> 
     </span>
     <span class='ocr_line' id='line_1_5' title="bbox 509 1162 2514 1252; baseline -0 -22"><span class='ocrx_word' id='word_1_51' title='bbox 509 1164 592 1230; x_wconf 86' lang='lat' dir='ltr'><strong>nihil</strong></span> <span class='ocrx_word' id='word_1_52' title='bbox 612 1162 715 1232; x_wconf 86' lang='lat' dir='ltr'><strong>faciat</strong></span> <span class='ocrx_word' id='word_1_53' title='bbox 726 1165 839 1247; x_wconf 90' lang='lat' dir='ltr'><strong>aliter,</strong></span> <span class='ocrx_word' id='word_1_54' title='bbox 858 1188 956 1252; x_wconf 90' lang='lat' dir='ltr'><strong>quam</strong></span> <span class='ocrx_word' id='word_1_55' title='bbox 972 1181 1009 1233; x_wconf 92' lang='lat' dir='ltr'><strong>ut</strong></span> <span class='ocrx_word' id='word_1_56' title='bbox 1031 1187 1176 1233; x_wconf 88' lang='lat' dir='ltr'><strong>caussae</strong></span> <span class='ocrx_word' id='word_1_57' title='bbox 1198 1169 1367 1234; x_wconf 87' lang='lat' dir='ltr'><strong>secundae</strong></span> <span class='ocrx_word' id='word_1_58' title='bbox 1390 1170 1488 1234; x_wconf 87' lang='lat' dir='ltr'><strong>cient.</strong></span> <span class='ocrx_word' id='word_1_59' title='bbox 1535 1166 1665 1233; x_wconf 89' lang='lat' dir='ltr'><strong>coelum</strong></span> <span class='ocrx_word' id='word_1_60' title='bbox 1686 1169 1829 1232; x_wconf 88' lang='lat' dir='ltr'><strong>nubibus</strong></span> <span class='ocrx_word' id='word_1_61' title='bbox 1853 1178 1886 1231; x_wconf 89' lang='lat' dir='ltr'><strong>et</strong></span> <span class='ocrx_word' id='word_1_62' title='bbox 1906 1177 2003 1250; x_wconf 89' lang='lat' dir='ltr'><strong>parat</strong></span> <span class='ocrx_word' id='word_1_63' title='bbox 2024 1177 2133 1229; x_wconf 82' lang='lat' dir='ltr'><strong>terrae</strong></span> <span class='ocrx_word' id='word_1_64' title='bbox 2153 1162 2316 1246; x_wconf 89' lang='lat' dir='ltr'><strong>pluviam;</strong></span> <span class='ocrx_word' id='word_1_65' title='bbox 2350 1165 2406 1247; x_wconf 92' lang='lat' dir='ltr'><strong>qui</strong></span> <span class='ocrx_word' id='word_1_66' title='bbox 2437 1185 2514 1249; x_wconf 90' lang='lat' dir='ltr'><strong>pro·</strong></span> 
     </span>
     <span class='ocr_line' id='line_1_6' title="bbox 509 1249 2513 1338; baseline -0.001 -21"><span class='ocrx_word' id='word_1_67' title='bbox 509 1251 579 1317; x_wconf 86' lang='lat' dir='ltr'><strong>Sed</strong></span> <span class='ocrx_word' id='word_1_68' title='bbox 599 1249 695 1315; x_wconf 89' lang='lat' dir='ltr'><strong>Deus</strong></span> <span class='ocrx_word' id='word_1_69' title='bbox 717 1263 771 1316; x_wconf 88' lang='lat' dir='ltr'><strong>est</strong></span> <span class='ocrx_word' id='word_1_70' title='bbox 791 1251 993 1318; x_wconf 90' lang='lat' dir='ltr'><strong>liberrimum</strong></span> <span class='ocrx_word' id='word_1_71' title='bbox 1014 1273 1136 1337; x_wconf 89' lang='lat' dir='ltr'><strong>agens,</strong></span> <span class='ocrx_word' id='word_1_72' title='bbox 1169 1264 1282 1318; x_wconf 87' lang='lat' dir='ltr'><strong>servat</strong></span> <span class='ocrx_word' id='word_1_73' title='bbox 1303 1253 1354 1318; x_wconf 90' lang='lat' dir='ltr'><strong>sui</strong></span> <span class='ocrx_word' id='word_1_74' title='bbox 1377 1255 1490 1338; x_wconf 90' lang='lat' dir='ltr'><strong>operis</strong></span> <span class='ocrx_word' id='word_1_75' title='bbox 1534 1255 1624 1319; x_wconf 89' lang='lat' dir='ltr'><strong>ducit</strong></span> <span class='ocrx_word' id='word_1_76' title='bbox 1644 1255 1677 1316; x_wconf 94' lang='lat' dir='ltr'><strong>in</strong></span> <span class='ocrx_word' id='word_1_77' title='bbox 1700 1252 1865 1317; x_wconf 84' lang='lat' dir='ltr'><strong>montibus</strong></span> <span class='ocrx_word' id='word_1_78' title='bbox 1888 1249 2039 1324; x_wconf 83' lang='lat' dir='ltr'><strong>foenum3</strong></span> <span class='ocrx_word' id='word_1_79' title='bbox 2072 1251 2126 1333; x_wconf 92' lang='lat' dir='ltr'><strong>qui</strong></span> <span class='ocrx_word' id='word_1_80' title='bbox 2149 1251 2206 1312; x_wconf 89' lang='lat' dir='ltr'><strong>dat</strong></span> <span class='ocrx_word' id='word_1_81' title='bbox 2226 1251 2378 1312; x_wconf 88' lang='lat' dir='ltr'><strong>iumentis</strong></span> <span class='ocrx_word' id='word_1_82' title='bbox 2401 1267 2513 1314; x_wconf 78' lang='lat' dir='ltr'><strong>eseam</strong></span> 
     </span>
     <span class='ocr_line' id='line_1_7' title="bbox 509 1333 2512 1424; baseline -0.001 -22"><span class='ocrx_word' id='word_1_83' title='bbox 509 1336 674 1412; x_wconf 90' lang='lat' dir='ltr'><strong>ordinem,</strong></span> <span class='ocrx_word' id='word_1_84' title='bbox 707 1348 741 1401; x_wconf 89' lang='lat' dir='ltr'><strong>et</strong></span> <span class='ocrx_word' id='word_1_85' title='bbox 768 1349 877 1402; x_wconf 89' lang='lat' dir='ltr'><strong>tamen</strong></span> <span class='ocrx_word' id='word_1_86' title='bbox 899 1335 1001 1402; x_wconf 89' lang='lat' dir='ltr'><strong>multa</strong></span> <span class='ocrx_word' id='word_1_87' title='bbox 1021 1359 1082 1422; x_wconf 88' lang='lat' dir='ltr'><strong>pro</strong></span> <span class='ocrx_word' id='word_1_88' title='bbox 1107 1350 1157 1402; x_wconf 90' lang='lat' dir='ltr'><strong>ter</strong></span> <span class='ocrx_word' id='word_1_89' title='bbox 1177 1337 1330 1404; x_wconf 88' lang='lat' dir='ltr'><strong>homines</strong></span> <span class='ocrx_word' id='word_1_90' title='bbox 1350 1341 1489 1424; x_wconf 86' lang='lat' dir='ltr'><strong>mitigat.</strong></span> <span class='ocrx_word' id='word_1_91' title='bbox 1533 1341 1697 1415; x_wconf 89' lang='lat' dir='ltr'><strong>isorum,</strong></span> <span class='ocrx_word' id='word_1_92' title='bbox 1741 1347 1773 1401; x_wconf 92' lang='lat' dir='ltr'><strong>et</strong></span> <span class='ocrx_word' id='word_1_93' title='bbox 1810 1335 1912 1419; x_wconf 89' lang='lat' dir='ltr'><strong>pullis</strong></span> <span class='ocrx_word' id='word_1_94' title='bbox 1952 1355 2129 1399; x_wconf 88' lang='lat' dir='ltr'><strong>corvorum</strong></span> <span class='ocrx_word' id='word_1_95' title='bbox 2160 1333 2391 1398; x_wconf 84' lang='lat' dir='ltr'><strong>invocantibus</strong></span> <span class='ocrx_word' id='word_1_96' title='bbox 2424 1354 2512 1399; x_wconf 89' lang='lat' dir='ltr'><strong>eum.</strong></span> 
     </span>
     <span class='ocr_line' id='line_1_8' title="bbox 509 1359 2512 1508; baseline -0.001 -22"><span class='ocrx_word' id='word_1_97' title='bbox 509 1419 608 1486; x_wconf 82' lang='lat' dir='ltr'><strong>Cedit</strong></span> <span class='ocrx_word' id='word_1_98' title='bbox 627 1433 746 1486; x_wconf 89' lang='lat' dir='ltr'><strong>natura</strong></span> <span class='ocrx_word' id='word_1_99' title='bbox 768 1442 878 1486; x_wconf 90' lang='lat' dir='ltr'><strong>rerum</strong></span> <span class='ocrx_word' id='word_1_100' title='bbox 899 1424 1056 1506; x_wconf 89' lang='lat' dir='ltr'><strong>precibus</strong></span> <span class='ocrx_word' id='word_1_101' title='bbox 1076 1359 1206 1508; x_wconf 81' lang='lat' dir='ltr'><strong>ldoyst,</strong></span> <span class='ocrx_word' id='word_1_102' title='bbox 1228 1423 1334 1501; x_wconf 90' lang='lat' dir='ltr'><strong>Eliae,</strong></span> <span class='ocrx_word' id='word_1_103' title='bbox 1355 1421 1489 1501; x_wconf 88' lang='lat' dir='ltr'><strong>Elisael,</strong></span> <span class='ocrx_word' id='word_1_104' title='bbox 1534 1361 1624 1487; x_wconf 61' lang='lat' dir='ltr'><strong>tlsat.</strong></span> <span class='ocrx_word' id='word_1_105' title='bbox 1646 1421 1700 1486; x_wconf 80' lang='lat'><strong>35.</strong></span> <span class='ocrx_word' id='word_1_106' title='bbox 1724 1429 1788 1500; x_wconf 88' lang='lat' dir='ltr'><strong>[vs.</strong></span> <span class='ocrx_word' id='word_1_107' title='bbox 1811 1422 1856 1502; x_wconf 84' lang='grc'><strong>7.]</strong></span> <span class='ocrx_word' id='word_1_108' title='bbox 1880 1421 2038 1485; x_wconf 85' lang='grc' dir='ltr'>Ηοιιιίιιεε</span> <span class='ocrx_word' id='word_1_109' title='bbox 2061 1430 2095 1484; x_wconf 85' lang='grc' dir='ltr'><strong>ει</strong></span> <span class='ocrx_word' id='word_1_110' title='bbox 2115 1423 2260 1484; x_wconf 88' lang='lat' dir='ltr'><strong>iumenta</strong></span> <span class='ocrx_word' id='word_1_111' title='bbox 2277 1420 2417 1496; x_wconf 85' lang='lat' dir='ltr'><strong>iuvabis,</strong></span> <span class='ocrx_word' id='word_1_112' title='bbox 2439 1418 2512 1483; x_wconf 91' lang='lat' dir='ltr'><strong>Do·</strong></span> 
     </span>
     <span class='ocr_line' id='line_1_9' title="bbox 509 1501 2510 1594; baseline -0 -25"><span class='ocrx_word' id='word_1_113' title='bbox 509 1506 637 1569; x_wconf 80' lang='lat' dir='ltr'><strong>{esaiae</strong></span> <span class='ocrx_word' id='word_1_114' title='bbox 669 1516 702 1569; x_wconf 90' lang='lat' dir='ltr'><strong>et</strong></span> <span class='ocrx_word' id='word_1_115' title='bbox 735 1507 878 1572; x_wconf 90' lang='lat' dir='ltr'><strong>omnium</strong></span> <span class='ocrx_word' id='word_1_116' title='bbox 910 1509 1059 1590; x_wconf 91' lang='lat' dir='ltr'><strong>piorum,</strong></span> <span class='ocrx_word' id='word_1_117' title='bbox 1091 1511 1178 1574; x_wconf 89' lang='lat' dir='ltr'><strong>sicut</strong></span> <span class='ocrx_word' id='word_1_118' title='bbox 1205 1506 1359 1573; x_wconf 79' lang='lat' dir='ltr'><strong>Christus</strong></span> <span class='ocrx_word' id='word_1_119' title='bbox 1385 1510 1490 1594; x_wconf 89' lang='lat' dir='ltr'><strong>inquit</strong></span> <span class='ocrx_word' id='word_1_120' title='bbox 1534 1509 1631 1573; x_wconf 86' lang='lat' dir='ltr'><strong>mine.</strong></span> <span class='ocrx_word' id='word_1_121' title='bbox 1673 1505 1868 1571; x_wconf 89' lang='lat' dir='ltr'><strong>Peculiares</strong></span> <span class='ocrx_word' id='word_1_122' title='bbox 1889 1505 2129 1590; x_wconf 81' lang='lat' dir='ltr'><strong>promissiones</strong></span> <span class='ocrx_word' id='word_1_123' title='bbox 2152 1501 2326 1568; x_wconf 82' lang='lat' dir='ltr'><strong>Ecclesiae</strong></span> <span class='ocrx_word' id='word_1_124' title='bbox 2356 1506 2397 1568; x_wconf 92' lang='lat' dir='ltr'><strong>de</strong></span> <span class='ocrx_word' id='word_1_125' title='bbox 2425 1505 2510 1582; x_wconf 89' lang='lat' dir='ltr'><strong>vita,</strong></span> 
     </span>
     <span class='ocr_line' id='line_1_10' title="bbox 508 1586 2513 1678; baseline -0 -24"><span class='ocrx_word' id='word_1_126' title='bbox 508 1587 626 1654; x_wconf 86' lang='lat' dir='ltr'><strong>lllatth.</strong></span> <span class='ocrx_word' id='word_1_127' title='bbox 648 1589 702 1653; x_wconf 77' lang='grc'><strong>91.</strong></span> <span class='ocrx_word' id='word_1_128' title='bbox 726 1597 789 1667; x_wconf 82' lang='lat' dir='ltr'><strong>[vs.</strong></span> <span class='ocrx_word' id='word_1_129' title='bbox 808 1592 879 1670; x_wconf 70' lang='lat' dir='ltr'><strong>aa]</strong></span> <span class='ocrx_word' id='word_1_130' title='bbox 903 1593 1033 1669; x_wconf 90' lang='lat' dir='ltr'><strong>Omnia,</strong></span> <span class='ocrx_word' id='word_1_131' title='bbox 1057 1613 1142 1677; x_wconf 87' lang='lat' dir='ltr'><strong>quae</strong></span> <span class='ocrx_word' id='word_1_132' title='bbox 1157 1595 1295 1678; x_wconf 63' lang='lat' dir='ltr'><strong>petetis,</strong></span> <span class='ocrx_word' id='word_1_133' title='bbox 1316 1595 1490 1658; x_wconf 89' lang='lat' dir='ltr'><strong>credentes</strong></span> <span class='ocrx_word' id='word_1_134' title='bbox 1534 1595 1625 1658; x_wconf 89' lang='lat' dir='ltr'><strong>victu</strong></span> <span class='ocrx_word' id='word_1_135' title='bbox 1658 1604 1690 1656; x_wconf 90' lang='lat' dir='ltr'><strong>et</strong></span> <span class='ocrx_word' id='word_1_136' title='bbox 1723 1589 1917 1657; x_wconf 80' lang='lat' dir='ltr'><strong>defensione</strong></span> <span class='ocrx_word' id='word_1_137' title='bbox 1950 1609 2126 1672; x_wconf 89' lang='lat' dir='ltr'><strong>corporum</strong></span> <span class='ocrx_word' id='word_1_138' title='bbox 2151 1588 2275 1654; x_wconf 89' lang='lat' dir='ltr'><strong>multae</strong></span> <span class='ocrx_word' id='word_1_139' title='bbox 2294 1586 2402 1652; x_wconf 89' lang='lat' dir='ltr'><strong>factae</strong></span> <span class='ocrx_word' id='word_1_140' title='bbox 2423 1599 2513 1666; x_wconf 85' lang='lat' dir='ltr'><strong>sunt,</strong></span> 
     </span>
     <span class='ocr_line' id='line_1_11' title="bbox 508 1675 2514 1763; baseline -0.001 -23"><span class='ocrx_word' id='word_1_141' title='bbox 508 1675 696 1760; x_wconf 80' lang='lat' dir='ltr'><strong>accipietis,</strong></span> <span class='ocrx_word' id='word_1_142' title='bbox 729 1675 766 1740; x_wconf 90' lang='lat' dir='ltr'><strong>Si</strong></span> <span class='ocrx_word' id='word_1_143' title='bbox 788 1677 903 1742; x_wconf 91' lang='lat' dir='ltr'><strong>dicetis</strong></span> <span class='ocrx_word' id='word_1_144' title='bbox 925 1679 1028 1741; x_wconf 93' lang='lat' dir='ltr'><strong>monti</strong></span> <span class='ocrx_word' id='word_1_145' title='bbox 1049 1677 1137 1756; x_wconf 85' lang='lat' dir='ltr'><strong>huic,</strong></span> <span class='ocrx_word' id='word_1_146' title='bbox 1168 1682 1255 1744; x_wconf 82' lang='lat' dir='ltr'><strong>iacta</strong></span> <span class='ocrx_word' id='word_1_147' title='bbox 1275 1689 1310 1742; x_wconf 92' lang='lat' dir='ltr'><strong>te</strong></span> <span class='ocrx_word' id='word_1_148' title='bbox 1330 1681 1363 1742; x_wconf 94' lang='lat' dir='ltr'><strong>in</strong></span> <span class='ocrx_word' id='word_1_149' title='bbox 1385 1699 1491 1754; x_wconf 89' lang='lat' dir='ltr'><strong>mare,</strong></span> <span class='ocrx_word' id='word_1_150' title='bbox 1536 1699 1622 1763; x_wconf 90' lang='lat' dir='ltr'><strong>quae</strong></span> <span class='ocrx_word' id='word_1_151' title='bbox 1645 1677 1742 1741; x_wconf 90' lang='lat' dir='ltr'><strong>etiam</strong></span> <span class='ocrx_word' id='word_1_152' title='bbox 1769 1687 1933 1740; x_wconf 86' lang='lat' dir='ltr'><strong>testantur</strong></span> <span class='ocrx_word' id='word_1_153' title='bbox 1956 1675 2063 1739; x_wconf 90' lang='lat' dir='ltr'><strong>Deum</strong></span> <span class='ocrx_word' id='word_1_154' title='bbox 2095 1677 2217 1738; x_wconf 89' lang='lat' dir='ltr'><strong>adesse</strong></span> <span class='ocrx_word' id='word_1_155' title='bbox 2239 1676 2418 1751; x_wconf 85' lang='lat' dir='ltr'><strong>creaturis,</strong></span> <span class='ocrx_word' id='word_1_156' title='bbox 2439 1693 2514 1737; x_wconf 89' lang='lat' dir='ltr'><strong>sus-</strong></span> 
     </span>
     <span class='ocr_line' id='line_1_12' title="bbox 508 1756 2515 1844; baseline -0.001 -20"><span class='ocrx_word' id='word_1_157' title='bbox 508 1759 577 1824; x_wconf 80' lang='lat' dir='ltr'><strong>fiet.</strong></span> <span class='ocrx_word' id='word_1_158' title='bbox 621 1759 701 1824; x_wconf 89' lang='lat' dir='ltr'><strong>ltem</strong></span> <span class='ocrx_word' id='word_1_159' title='bbox 732 1759 880 1838; x_wconf 80' lang='lat' dir='ltr'><strong>{Psalm.·</strong></span> <span class='ocrx_word' id='word_1_160' title='bbox 900 1761 964 1840; x_wconf 66' lang='lat'><strong>54,</strong></span> <span class='ocrx_word' id='word_1_161' title='bbox 986 1762 1070 1844; x_wconf 58' lang='lat'><strong>234:</strong></span> <span class='ocrx_word' id='word_1_162' title='bbox 1114 1763 1205 1829; x_wconf 88' lang='lat' dir='ltr'><strong>laeta</strong></span> <span class='ocrx_word' id='word_1_163' title='bbox 1232 1783 1333 1829; x_wconf 86' lang='lat' dir='ltr'><strong>ouras</strong></span> <span class='ocrx_word' id='word_1_164' title='bbox 1360 1775 1436 1828; x_wconf 89' lang='lat' dir='ltr'><strong>tuas</strong></span> <span class='ocrx_word' id='word_1_165' title='bbox 1456 1764 1491 1826; x_wconf 88' lang='lat' dir='ltr'><strong>ln</strong></span> <span class='ocrx_word' id='word_1_166' title='bbox 1537 1774 1665 1828; x_wconf 89' lang='lat' dir='ltr'><strong>tentare</strong></span> <span class='ocrx_word' id='word_1_167' title='bbox 1694 1782 1757 1826; x_wconf 90' lang='lat' dir='ltr'><strong>nos</strong></span> <span class='ocrx_word' id='word_1_168' title='bbox 1781 1774 1815 1826; x_wconf 90' lang='lat' dir='ltr'><strong>et</strong></span> <span class='ocrx_word' id='word_1_169' title='bbox 1846 1762 2012 1825; x_wconf 90' lang='lat' dir='ltr'><strong>moderari</strong></span> <span class='ocrx_word' id='word_1_170' title='bbox 2041 1777 2180 1824; x_wconf 87' lang='lat' dir='ltr'><strong>caussas</strong></span> <span class='ocrx_word' id='word_1_171' title='bbox 2202 1756 2381 1823; x_wconf 74' lang='lat' dir='ltr'><strong>naturales.</strong></span> <span class='ocrx_word' id='word_1_172' title='bbox 2421 1756 2515 1824; x_wconf 87' lang='lat' dir='ltr'><strong>Psal.</strong></span> 
     </span>
     <span class='ocr_line' id='line_1_13' title="bbox 510 1843 2517 1930; baseline -0.001 -20"><span class='ocrx_word' id='word_1_173' title='bbox 510 1843 634 1923; x_wconf 89' lang='lat' dir='ltr'><strong>Deum,</strong></span> <span class='ocrx_word' id='word_1_174' title='bbox 656 1855 690 1908; x_wconf 90' lang='lat' dir='ltr'><strong>et</strong></span> <span class='ocrx_word' id='word_1_175' title='bbox 711 1847 721 1910; x_wconf 92' lang='lat' dir='ltr'><strong>i</strong></span> <span class='ocrx_word' id='word_1_176' title='bbox 746 1867 785 1910; x_wconf 90' lang='lat' dir='ltr'><strong>se</strong></span> <span class='ocrx_word' id='word_1_177' title='bbox 806 1858 841 1911; x_wconf 89' lang='lat' dir='ltr'><strong>te</strong></span> <span class='ocrx_word' id='word_1_178' title='bbox 863 1850 1014 1912; x_wconf 88' lang='lat' dir='ltr'><strong>enutriet.</strong></span> <span class='ocrx_word' id='word_1_179' title='bbox 1536 1847 1590 1913; x_wconf 73' lang='lat'><strong>32.</strong></span> <span class='ocrx_word' id='word_1_180' title='bbox 1615 1855 1679 1926; x_wconf 88' lang='lat' dir='ltr'><strong>[vs.</strong></span> <span class='ocrx_word' id='word_1_181' title='bbox 1704 1847 1769 1925; x_wconf 77' lang='grc'><strong>18.)</strong></span> <span class='ocrx_word' id='word_1_182' title='bbox 1813 1844 2063 1930; x_wconf 88' lang='lat' dir='ltr'><strong>Beneplacitum</strong></span> <span class='ocrx_word' id='word_1_183' title='bbox 2097 1855 2149 1908; x_wconf 88' lang='lat' dir='ltr'><strong>est</strong></span> <span class='ocrx_word' id='word_1_184' title='bbox 2169 1843 2313 1909; x_wconf 92' lang='lat' dir='ltr'><strong>Domino</strong></span> <span class='ocrx_word' id='word_1_185' title='bbox 2346 1863 2449 1928; x_wconf 90' lang='lat' dir='ltr'><strong>super</strong></span> <span class='ocrx_word' id='word_1_186' title='bbox 2477 1845 2517 1908; x_wconf 89' lang='lat' dir='ltr'><strong>ti·</strong></span> 
     </span>
     <span class='ocr_line' id='line_1_14' title="bbox 600 1929 2517 2010; baseline -0.001 -16"><span class='ocrx_word' id='word_1_187' title='bbox 600 1929 708 1994; x_wconf 86' lang='lat' dir='ltr'><strong>Adest</strong></span> <span class='ocrx_word' id='word_1_188' title='bbox 762 1951 822 1996; x_wconf 90' lang='lat' dir='ltr'><strong>eus</strong></span> <span class='ocrx_word' id='word_1_189' title='bbox 844 1951 927 1998; x_wconf 88' lang='lat' dir='ltr'><strong>suae</strong></span> <span class='ocrx_word' id='word_1_190' title='bbox 950 1941 1142 2010; x_wconf 88' lang='lat' dir='ltr'><strong>creaturae,</strong></span> <span class='ocrx_word' id='word_1_191' title='bbox 1169 1933 1231 1998; x_wconf 87' lang='lat' dir='ltr'><strong>sed</strong></span> <span class='ocrx_word' id='word_1_192' title='bbox 1246 1951 1313 1998; x_wconf 91' lang='lat' dir='ltr'><strong>non</strong></span> <span class='ocrx_word' id='word_1_193' title='bbox 1336 1934 1435 1997; x_wconf 88' lang='lat' dir='ltr'><strong>adest</strong></span> <span class='ocrx_word' id='word_1_194' title='bbox 1455 1941 1492 1994; x_wconf 92' lang='lat' dir='ltr'><strong>ut</strong></span> <span class='ocrx_word' id='word_1_195' title='bbox 1536 1945 1664 1998; x_wconf 90' lang='lat' dir='ltr'><strong>mentes</strong></span> <span class='ocrx_word' id='word_1_196' title='bbox 1697 1952 1787 2009; x_wconf 91' lang='lat' dir='ltr'><strong>eum,</strong></span> <span class='ocrx_word' id='word_1_197' title='bbox 1819 1943 1856 1996; x_wconf 90' lang='lat' dir='ltr'><strong>ut</strong></span> <span class='ocrx_word' id='word_1_198' title='bbox 1882 1940 1977 1998; x_wconf 87' lang='lat' dir='ltr'><strong>eruat</strong></span> <span class='ocrx_word' id='word_1_199' title='bbox 2005 1951 2026 1994; x_wconf 88' lang='lat' dir='ltr'><strong>a</strong></span> <span class='ocrx_word' id='word_1_200' title='bbox 2057 1941 2164 1994; x_wconf 93' lang='lat' dir='ltr'><strong>morte</strong></span> <span class='ocrx_word' id='word_1_201' title='bbox 2191 1931 2318 1993; x_wconf 89' lang='lat' dir='ltr'><strong>animas</strong></span> <span class='ocrx_word' id='word_1_202' title='bbox 2346 1947 2460 1994; x_wconf 89' lang='lat' dir='ltr'><strong>eorum</strong></span> <span class='ocrx_word' id='word_1_203' title='bbox 2484 1940 2517 1993; x_wconf 91' lang='lat' dir='ltr'><strong>et</strong></span> 
     </span>
     <span class='ocr_line' id='line_1_15' title="bbox 512 2012 2516 2102; baseline 0 -23"><span class='ocrx_word' id='word_1_204' title='bbox 512 2013 648 2080; x_wconf 87' lang='lat' dir='ltr'><strong>Stoicus</strong></span> <span class='ocrx_word' id='word_1_205' title='bbox 664 2014 772 2090; x_wconf 85' lang='lat' dir='ltr'><strong>Deus,</strong></span> <span class='ocrx_word' id='word_1_206' title='bbox 793 2018 854 2080; x_wconf 90' lang='lat' dir='ltr'><strong>sed</strong></span> <span class='ocrx_word' id='word_1_207' title='bbox 876 2029 912 2082; x_wconf 92' lang='lat' dir='ltr'><strong>ut</strong></span> <span class='ocrx_word' id='word_1_208' title='bbox 934 2037 1040 2102; x_wconf 84' lang='lat' dir='ltr'><strong>agens</strong></span> <span class='ocrx_word' id='word_1_209' title='bbox 1063 2017 1275 2095; x_wconf 90' lang='lat' dir='ltr'><strong>liberrimum,</strong></span> <span class='ocrx_word' id='word_1_210' title='bbox 1298 2027 1492 2082; x_wconf 88' lang='lat' dir='ltr'><strong>sustentans</strong></span> <span class='ocrx_word' id='word_1_211' title='bbox 1537 2017 1604 2083; x_wconf 89' lang='lat' dir='ltr'><strong>alat</strong></span> <span class='ocrx_word' id='word_1_212' title='bbox 1625 2037 1686 2082; x_wconf 90' lang='lat' dir='ltr'><strong>eos</strong></span> <span class='ocrx_word' id='word_1_213' title='bbox 1707 2018 1741 2080; x_wconf 94' lang='lat' dir='ltr'><strong>in</strong></span> <span class='ocrx_word' id='word_1_214' title='bbox 1758 2012 1856 2082; x_wconf 88' lang='lat' dir='ltr'><strong>fame.</strong></span> <span class='ocrx_word' id='word_1_215' title='bbox 1900 2014 1992 2080; x_wconf 88' lang='lat' dir='ltr'><strong>Psal.</strong></span> <span class='ocrx_word' id='word_1_216' title='bbox 2014 2015 2067 2078; x_wconf 87' lang='grc'><strong>33.</strong></span> <span class='ocrx_word' id='word_1_217' title='bbox 2092 2020 2101 2089; x_wconf 84' lang='grc' dir='ltr'>Ι</span> <span class='ocrx_word' id='word_1_218' title='bbox 2105 2035 2155 2079; x_wconf 85' lang='grc' dir='ltr'><strong>νε.</strong></span> <span class='ocrx_word' id='word_1_219' title='bbox 2181 2015 2245 2091; x_wconf 84' lang='grc'><strong>10.)</strong></span> <span class='ocrx_word' id='word_1_220' title='bbox 2274 2015 2349 2078; x_wconf 88' lang='grc' dir='ltr'>Νοιι</span> <span class='ocrx_word' id='word_1_221' title='bbox 2372 2025 2426 2078; x_wconf 86' lang='grc' dir='ltr'><strong>εει</strong></span> <span class='ocrx_word' id='word_1_222' title='bbox 2445 2017 2516 2079; x_wconf 91' lang='lat' dir='ltr'><strong>ino-</strong></span> 
     </span>
     <span class='ocr_line' id='line_1_16' title="bbox 513 2099 2517 2187; baseline 0.001 -25"><span class='ocrx_word' id='word_1_223' title='bbox 513 2111 701 2165; x_wconf 89' lang='lat' dir='ltr'><strong>creaturam</strong></span> <span class='ocrx_word' id='word_1_224' title='bbox 730 2113 762 2164; x_wconf 90' lang='lat' dir='ltr'><strong>et</strong></span> <span class='ocrx_word' id='word_1_225' title='bbox 791 2120 854 2164; x_wconf 88' lang='lat' dir='ltr'><strong>sua</strong></span> <span class='ocrx_word' id='word_1_226' title='bbox 874 2103 1034 2166; x_wconf 85' lang='lat' dir='ltr'><strong>immensa</strong></span> <span class='ocrx_word' id='word_1_227' title='bbox 1053 2103 1282 2166; x_wconf 88' lang='lat' dir='ltr'><strong>misericordia</strong></span> <span class='ocrx_word' id='word_1_228' title='bbox 1301 2102 1493 2180; x_wconf 88' lang='lat' dir='ltr'><strong>moderans,</strong></span> <span class='ocrx_word' id='word_1_229' title='bbox 1535 2105 1591 2187; x_wconf 92' lang='lat' dir='ltr'><strong>pia</strong></span> <span class='ocrx_word' id='word_1_230' title='bbox 1611 2104 1800 2167; x_wconf 92' lang='lat' dir='ltr'><strong>timentibus</strong></span> <span class='ocrx_word' id='word_1_231' title='bbox 1823 2122 1906 2168; x_wconf 88' lang='lat' dir='ltr'><strong>eum.</strong></span> <span class='ocrx_word' id='word_1_232' title='bbox 1951 2099 2042 2164; x_wconf 89' lang='lat' dir='ltr'><strong>Psal.</strong></span> <span class='ocrx_word' id='word_1_233' title='bbox 2065 2099 2118 2163; x_wconf 88' lang='grc'><strong>36.</strong></span> <span class='ocrx_word' id='word_1_234' title='bbox 2143 2106 2206 2178; x_wconf 82' lang='grc' dir='ltr'>[νε.</span> <span class='ocrx_word' id='word_1_235' title='bbox 2231 2100 2295 2178; x_wconf 76' lang='grc'><strong>19.)</strong></span> <span class='ocrx_word' id='word_1_236' title='bbox 2336 2099 2412 2163; x_wconf 87' lang='grc' dir='ltr'>Νοιι</span> <span class='ocrx_word' id='word_1_237' title='bbox 2436 2119 2517 2164; x_wconf 84' lang='grc' dir='ltr'>εοιι-</span> 
     </span>
     <span class='ocr_line' id='line_1_17' title="bbox 514 2182 2517 2270; baseline 0.001 -22"><span class='ocrx_word' id='word_1_238' title='bbox 514 2185 599 2248; x_wconf 89' lang='lat' dir='ltr'><strong>dans</strong></span> <span class='ocrx_word' id='word_1_239' title='bbox 621 2185 721 2262; x_wconf 92' lang='lat' dir='ltr'><strong>bona,</strong></span> <span class='ocrx_word' id='word_1_240' title='bbox 742 2187 904 2250; x_wconf 88' lang='lat' dir='ltr'><strong>adiuvans</strong></span> <span class='ocrx_word' id='word_1_241' title='bbox 921 2196 979 2251; x_wconf 88' lang='lat' dir='ltr'><strong>aut</strong></span> <span class='ocrx_word' id='word_1_242' title='bbox 1006 2188 1187 2269; x_wconf 89' lang='lat' dir='ltr'><strong>impediens</strong></span> <span class='ocrx_word' id='word_1_243' title='bbox 1210 2206 1352 2251; x_wconf 84' lang='lat' dir='ltr'><strong>caussas</strong></span> <span class='ocrx_word' id='word_1_244' title='bbox 1374 2207 1493 2252; x_wconf 83' lang='lat' dir='ltr'><strong>secrm·</strong></span> <span class='ocrx_word' id='word_1_245' title='bbox 1536 2187 1713 2252; x_wconf 87' lang='lat' dir='ltr'><strong>fundentur</strong></span> <span class='ocrx_word' id='word_1_246' title='bbox 1734 2188 1766 2250; x_wconf 93' lang='lat' dir='ltr'><strong>in</strong></span> <span class='ocrx_word' id='word_1_247' title='bbox 1789 2197 1938 2270; x_wconf 87' lang='lat' dir='ltr'><strong>tempore</strong></span> <span class='ocrx_word' id='word_1_248' title='bbox 1959 2182 2064 2264; x_wconf 89' lang='lat' dir='ltr'><strong>malo,</strong></span> <span class='ocrx_word' id='word_1_249' title='bbox 2092 2200 2125 2249; x_wconf 89' lang='lat' dir='ltr'><strong>et</strong></span> <span class='ocrx_word' id='word_1_250' title='bbox 2146 2187 2180 2250; x_wconf 92' lang='lat' dir='ltr'><strong>in</strong></span> <span class='ocrx_word' id='word_1_251' title='bbox 2203 2187 2320 2249; x_wconf 89' lang='lat' dir='ltr'><strong>dicbus</strong></span> <span class='ocrx_word' id='word_1_252' title='bbox 2342 2182 2440 2248; x_wconf 90' lang='lat' dir='ltr'><strong>famis</strong></span> <span class='ocrx_word' id='word_1_253' title='bbox 2462 2205 2517 2250; x_wconf 89' lang='lat' dir='ltr'><strong>sa·</strong></span> 
     </span>
     <span class='ocr_line' id='line_1_18' title="bbox 512 2269 2517 2357; baseline 0 -23"><span class='ocrx_word' id='word_1_254' title='bbox 512 2271 586 2334; x_wconf 87' lang='lat' dir='ltr'><strong>das.</strong></span> <span class='ocrx_word' id='word_1_255' title='bbox 630 2269 684 2335; x_wconf 93' lang='lat' dir='ltr'><strong>De</strong></span> <span class='ocrx_word' id='word_1_256' title='bbox 715 2269 782 2338; x_wconf 85' lang='lat' dir='ltr'><strong>bac</strong></span> <span class='ocrx_word' id='word_1_257' title='bbox 815 2273 1025 2337; x_wconf 90' lang='lat' dir='ltr'><strong>distinctione</strong></span> <span class='ocrx_word' id='word_1_258' title='bbox 1058 2272 1228 2336; x_wconf 90' lang='lat' dir='ltr'><strong>admoneri</strong></span> <span class='ocrx_word' id='word_1_259' title='bbox 1254 2274 1329 2357; x_wconf 94' lang='lat' dir='ltr'><strong>pios</strong></span> <span class='ocrx_word' id='word_1_260' title='bbox 1350 2291 1494 2336; x_wconf 86' lang='lat' dir='ltr'><strong>necesse</strong></span> <span class='ocrx_word' id='word_1_261' title='bbox 1536 2275 1744 2338; x_wconf 90' lang='lat' dir='ltr'><strong>turabuntur.</strong></span> <span class='ocrx_word' id='word_1_262' title='bbox 1769 2272 1878 2336; x_wconf 86' lang='lat' dir='ltr'><strong>Oseae</strong></span> <span class='ocrx_word' id='word_1_263' title='bbox 1899 2273 1931 2335; x_wconf 75' lang='lat'><strong>2.</strong></span> <span class='ocrx_word' id='word_1_264' title='bbox 1955 2277 2037 2349; x_wconf 89' lang='lat' dir='ltr'><strong>[vss.</strong></span> <span class='ocrx_word' id='word_1_265' title='bbox 2059 2269 2081 2335; x_wconf 90' lang='grc'><strong>8</strong></span> <span class='ocrx_word' id='word_1_266' title='bbox 2104 2277 2169 2355; x_wconf 83' lang='lat' dir='ltr'><strong>sq.l</strong></span> <span class='ocrx_word' id='word_1_267' title='bbox 2193 2269 2235 2333; x_wconf 89' lang='lat' dir='ltr'><strong>Et</strong></span> <span class='ocrx_word' id='word_1_268' title='bbox 2255 2272 2397 2334; x_wconf 91' lang='lat' dir='ltr'><strong>nescivit</strong></span> <span class='ocrx_word' id='word_1_269' title='bbox 2417 2270 2517 2347; x_wconf 87' lang='lat' dir='ltr'><strong>haec,</strong></span> 
     </span>
     <span class='ocr_line' id='line_1_19' title="bbox 513 2353 2517 2444; baseline 0 -25"><span class='ocrx_word' id='word_1_270' title='bbox 513 2365 576 2419; x_wconf 83' lang='lat' dir='ltr'><strong>est</strong></span> <span class='ocrx_word' id='word_1_271' title='bbox 620 2353 810 2421; x_wconf 83' lang='lat' dir='ltr'><strong>Teneantur</strong></span> <span class='ocrx_word' id='word_1_272' title='bbox 842 2377 924 2442; x_wconf 88' lang='lat' dir='ltr'><strong>ergo</strong></span> <span class='ocrx_word' id='word_1_273' title='bbox 948 2358 1152 2435; x_wconf 87' lang='lat' dir='ltr'><strong>testimonia,</strong></span> <span class='ocrx_word' id='word_1_274' title='bbox 1185 2359 1414 2442; x_wconf 85' lang='lat' dir='ltr'><strong>quae-docent</strong></span> <span class='ocrx_word' id='word_1_275' title='bbox 1435 2358 1493 2421; x_wconf 87' lang='lat' dir='ltr'><strong>ad·</strong></span> <span class='ocrx_word' id='word_1_276' title='bbox 1538 2359 1628 2444; x_wconf 92' lang='lat' dir='ltr'><strong>quod</strong></span> <span class='ocrx_word' id='word_1_277' title='bbox 1649 2377 1714 2444; x_wconf 91' lang='lat' dir='ltr'><strong>ego</strong></span> <span class='ocrx_word' id='word_1_278' title='bbox 1737 2359 1767 2420; x_wconf 92' lang='lat' dir='ltr'><strong>ei</strong></span> <span class='ocrx_word' id='word_1_279' title='bbox 1788 2354 1986 2422; x_wconf 84' lang='lat' dir='ltr'><strong>frumentrun</strong></span> <span class='ocrx_word' id='word_1_280' title='bbox 2007 2357 2168 2431; x_wconf 80' lang='lat' dir='ltr'><strong>dederim3</strong></span> <span class='ocrx_word' id='word_1_281' title='bbox 2187 2356 2265 2420; x_wconf 92' lang='lat' dir='ltr'><strong>ldeo</strong></span> <span class='ocrx_word' id='word_1_282' title='bbox 2289 2374 2406 2419; x_wconf 88' lang='lat' dir='ltr'><strong>rursus</strong></span> <span class='ocrx_word' id='word_1_283' title='bbox 2424 2353 2517 2419; x_wconf 90' lang='lat' dir='ltr'><strong>aufe·</strong></span> 
     </span>
     <span class='ocr_line' id='line_1_20' title="bbox 513 2439 2517 2528; baseline 0 -24"><span class='ocrx_word' id='word_1_284' title='bbox 513 2459 593 2504; x_wconf 90' lang='lat' dir='ltr'><strong>esse</strong></span> <span class='ocrx_word' id='word_1_285' title='bbox 607 2439 717 2504; x_wconf 87' lang='lat' dir='ltr'><strong>Deum</strong></span> <span class='ocrx_word' id='word_1_286' title='bbox 737 2451 877 2507; x_wconf 89' lang='lat' dir='ltr'><strong>naturae</strong></span> <span class='ocrx_word' id='word_1_287' title='bbox 898 2463 1009 2508; x_wconf 90' lang='lat' dir='ltr'><strong>rerum</strong></span> <span class='ocrx_word' id='word_1_288' title='bbox 1031 2452 1065 2505; x_wconf 89' lang='lat' dir='ltr'><strong>et</strong></span> <span class='ocrx_word' id='word_1_289' title='bbox 1087 2445 1342 2528; x_wconf 75' lang='lat' dir='ltr'><strong>gubernatorem</strong></span> <span class='ocrx_word' id='word_1_290' title='bbox 1365 2443 1437 2507; x_wconf 90' lang='lat' dir='ltr'><strong>eius</strong></span> <span class='ocrx_word' id='word_1_291' title='bbox 1459 2452 1493 2505; x_wconf 91' lang='grc' dir='ltr'><strong>ει</strong></span> <span class='ocrx_word' id='word_1_292' title='bbox 1537 2465 1609 2508; x_wconf 90' lang='lat' dir='ltr'><strong>ram</strong></span> <span class='ocrx_word' id='word_1_293' title='bbox 1630 2440 1827 2508; x_wconf 89' lang='lat' dir='ltr'><strong>frumentum</strong></span> <span class='ocrx_word' id='word_1_294' title='bbox 1849 2461 1967 2507; x_wconf 90' lang='lat' dir='ltr'><strong>meum.</strong></span> <span class='ocrx_word' id='word_1_295' title='bbox 2011 2442 2100 2507; x_wconf 92' lang='lat' dir='ltr'><strong>ldem</strong></span> <span class='ocrx_word' id='word_1_296' title='bbox 2124 2443 2244 2507; x_wconf 88' lang='lat' dir='ltr'><strong>docent</strong></span> <span class='ocrx_word' id='word_1_297' title='bbox 2266 2442 2517 2506; x_wconf 86' lang='lat' dir='ltr'><strong>benedictiones</strong></span> 
     </span>
     <span class='ocr_line' id='line_1_21' title="bbox 511 2525 2518 2609; baseline 0.002 -21"><span class='ocrx_word' id='word_1_298' title='bbox 511 2526 759 2589; x_wconf 89' lang='lat' dir='ltr'><strong>moderatorem</strong></span> <span class='ocrx_word' id='word_1_299' title='bbox 797 2547 893 2605; x_wconf 86' lang='lat' dir='ltr'><strong>esse,</strong></span> <span class='ocrx_word' id='word_1_300' title='bbox 937 2539 974 2592; x_wconf 94' lang='grc' dir='ltr'><strong>ιιι</strong></span> <span class='ocrx_word' id='word_1_301' title='bbox 1012 2528 1045 2590; x_wconf 88' lang='grc' dir='ltr'><strong>ἰιι</strong></span> <span class='ocrx_word' id='word_1_302' title='bbox 1077 2526 1233 2609; x_wconf 91' lang='lat' dir='ltr'><strong>periculis</strong></span> <span class='ocrx_word' id='word_1_303' title='bbox 1264 2530 1391 2592; x_wconf 88' lang='lat' dir='ltr'><strong>nostris</strong></span> <span class='ocrx_word' id='word_1_304' title='bbox 1423 2545 1492 2590; x_wconf 91' lang='lat' dir='ltr'><strong>non</strong></span> <span class='ocrx_word' id='word_1_305' title='bbox 1538 2539 1570 2593; x_wconf 92' lang='grc' dir='ltr'><strong>ει</strong></span> <span class='ocrx_word' id='word_1_306' title='bbox 1590 2527 1851 2594; x_wconf 87' lang='lat' dir='ltr'><strong>maledictiones.</strong></span> <span class='ocrx_word' id='word_1_307' title='bbox 1894 2527 1994 2592; x_wconf 91' lang='lat' dir='ltr'><strong>Deut.</strong></span> <span class='ocrx_word' id='word_1_308' title='bbox 2016 2527 2070 2592; x_wconf 74' lang='grc'><strong>98.</strong></span> <span class='ocrx_word' id='word_1_309' title='bbox 2094 2533 2156 2604; x_wconf 91' lang='lat' dir='ltr'><strong>[vs.</strong></span> <span class='ocrx_word' id='word_1_310' title='bbox 2181 2527 2246 2604; x_wconf 81' lang='grc'><strong>11.)</strong></span> <span class='ocrx_word' id='word_1_311' title='bbox 2279 2525 2461 2592; x_wconf 87' lang='lat' dir='ltr'><strong>Abundare</strong></span> <span class='ocrx_word' id='word_1_312' title='bbox 2482 2537 2518 2592; x_wconf 90' lang='lat' dir='ltr'><strong>te</strong></span> 
     </span>
     <span class='ocr_line' id='line_1_22' title="bbox 513 2607 2516 2696; baseline 0.002 -24"><span class='ocrx_word' id='word_1_313' title='bbox 513 2607 706 2694; x_wconf 74' lang='lat' dir='ltr'><strong>frangamur</strong></span> <span class='ocrx_word' id='word_1_314' title='bbox 728 2613 987 2696; x_wconf 84' lang='lat' dir='ltr'><strong>cogitationibus</strong></span> <span class='ocrx_word' id='word_1_315' title='bbox 1002 2610 1175 2694; x_wconf 87' lang='lat' dir='ltr'><strong>Epicureis</strong></span> <span class='ocrx_word' id='word_1_316' title='bbox 1196 2623 1253 2677; x_wconf 91' lang='lat' dir='ltr'><strong>aut</strong></span> <span class='ocrx_word' id='word_1_317' title='bbox 1269 2613 1402 2694; x_wconf 85' lang='lat' dir='ltr'><strong>Stoicis,</strong></span> <span class='ocrx_word' id='word_1_318' title='bbox 1425 2631 1492 2675; x_wconf 94' lang='lat' dir='ltr'><strong>non</strong></span> <span class='ocrx_word' id='word_1_319' title='bbox 1536 2610 1636 2677; x_wconf 89' lang='lat' dir='ltr'><strong>faciet</strong></span> <span class='ocrx_word' id='word_1_320' title='bbox 1655 2613 1818 2677; x_wconf 89' lang='lat' dir='ltr'><strong>Dominus</strong></span> <span class='ocrx_word' id='word_1_321' title='bbox 1843 2609 1953 2676; x_wconf 88' lang='lat' dir='ltr'><strong>fructu</strong></span> <span class='ocrx_word' id='word_1_322' title='bbox 1974 2625 2084 2677; x_wconf 91' lang='lat' dir='ltr'><strong>terrae</strong></span> <span class='ocrx_word' id='word_1_323' title='bbox 2105 2625 2192 2677; x_wconf 87' lang='lat' dir='ltr'><strong>tuae.</strong></span> <span class='ocrx_word' id='word_1_324' title='bbox 2236 2611 2516 2692; x_wconf 75' lang='grc' dir='ltr'>1ιειιι[ιιε.93.]ι</span> 
     </span>
     <span class='ocr_line' id='line_1_23' title="bbox 514 2693 2518 2782; baseline 0.002 -24"><span class='ocrx_word' id='word_1_325' title='bbox 514 2714 556 2758; x_wconf 87' lang='lat' dir='ltr'><strong>co</strong></span> <span class='ocrx_word' id='word_1_326' title='bbox 582 2695 700 2760; x_wconf 87' lang='lat' dir='ltr'><strong>&#39;temus</strong></span> <span class='ocrx_word' id='word_1_327' title='bbox 727 2715 817 2782; x_wconf 64' lang='lat' dir='ltr'><strong>casu¹</strong></span> <span class='ocrx_word' id='word_1_328' title='bbox 839 2717 903 2761; x_wconf 94' lang='lat' dir='ltr'><strong>nos</strong></span> <span class='ocrx_word' id='word_1_329' title='bbox 931 2697 1069 2780; x_wconf 84' lang='lat' dir='ltr'><strong>opprimi</strong></span> <span class='ocrx_word' id='word_1_330' title='bbox 1096 2696 1248 2762; x_wconf 89' lang='lat' dir='ltr'><strong>adversis</strong></span> <span class='ocrx_word' id='word_1_331' title='bbox 1275 2709 1335 2763; x_wconf 88' lang='lat' dir='ltr'><strong>aut</strong></span> <span class='ocrx_word' id='word_1_332' title='bbox 1357 2693 1493 2760; x_wconf 88' lang='lat' dir='ltr'><strong>fatalem</strong></span> <span class='ocrx_word' id='word_1_333' title='bbox 1536 2697 1607 2763; x_wconf 92' lang='lat' dir='ltr'><strong>Erit</strong></span> <span class='ocrx_word' id='word_1_334' title='bbox 1629 2697 1759 2763; x_wconf 92' lang='lat' dir='ltr'><strong>coelum</strong></span> <span class='ocrx_word' id='word_1_335' title='bbox 1781 2717 1931 2762; x_wconf 87' lang='lat' dir='ltr'><strong>aeneum.</strong></span> <span class='ocrx_word' id='word_1_336' title='bbox 1973 2696 2074 2762; x_wconf 91' lang='lat' dir='ltr'><strong>Deut.</strong></span> <span class='ocrx_word' id='word_1_337' title='bbox 2097 2698 2150 2762; x_wconf 87' lang='grc'><strong>30.</strong></span> <span class='ocrx_word' id='word_1_338' title='bbox 2175 2705 2238 2776; x_wconf 89' lang='lat' dir='ltr'><strong>[vs.</strong></span> <span class='ocrx_word' id='word_1_339' title='bbox 2256 2698 2341 2776; x_wconf 60' lang='lat' dir='ltr'><strong>Ebc]</strong></span> <span class='ocrx_word' id='word_1_340' title='bbox 2364 2698 2441 2780; x_wconf 90' lang='lat' dir='ltr'><strong>lpse</strong></span> <span class='ocrx_word' id='word_1_341' title='bbox 2463 2709 2518 2762; x_wconf 93' lang='grc' dir='ltr'><strong>εει</strong></span> 
     </span>
     <span class='ocr_line' id='line_1_24' title="bbox 514 2779 2516 2867; baseline 0 -23"><span class='ocrx_word' id='word_1_342' title='bbox 514 2801 535 2844; x_wconf 92' lang='lat' dir='ltr'><strong>o</strong></span> <span class='ocrx_word' id='word_1_343' title='bbox 576 2783 662 2843; x_wconf 88' lang='lat' dir='ltr'><strong>inem</strong></span> <span class='ocrx_word' id='word_1_344' title='bbox 685 2799 879 2845; x_wconf 87' lang='lat' dir='ltr'><strong>caussarum</strong></span> <span class='ocrx_word' id='word_1_345' title='bbox 904 2779 1137 2846; x_wconf 88' lang='lat' dir='ltr'><strong>immutabilem</strong></span> <span class='ocrx_word' id='word_1_346' title='bbox 1158 2802 1252 2859; x_wconf 90' lang='lat' dir='ltr'><strong>esse,</strong></span> <span class='ocrx_word' id='word_1_347' title='bbox 1277 2802 1342 2846; x_wconf 92' lang='lat' dir='ltr'><strong>nec</strong></span> <span class='ocrx_word' id='word_1_348' title='bbox 1362 2799 1418 2844; x_wconf 88' lang='lat' dir='ltr'><strong>res</strong></span> <span class='ocrx_word' id='word_1_349' title='bbox 1440 2801 1493 2845; x_wconf 91' lang='lat' dir='ltr'><strong>se·</strong></span> <span class='ocrx_word' id='word_1_350' title='bbox 1536 2784 1605 2847; x_wconf 90' lang='lat' dir='ltr'><strong>vita</strong></span> <span class='ocrx_word' id='word_1_351' title='bbox 1626 2795 1682 2846; x_wconf 91' lang='lat' dir='ltr'><strong>tua</strong></span> <span class='ocrx_word' id='word_1_352' title='bbox 1704 2795 1738 2848; x_wconf 88' lang='lat' dir='ltr'><strong>et</strong></span> <span class='ocrx_word' id='word_1_353' title='bbox 1757 2780 1931 2867; x_wconf 89' lang='lat' dir='ltr'><strong>longitudo</strong></span> <span class='ocrx_word' id='word_1_354' title='bbox 1954 2785 2079 2848; x_wconf 89' lang='lat' dir='ltr'><strong>dierum</strong></span> <span class='ocrx_word' id='word_1_355' title='bbox 2101 2794 2241 2848; x_wconf 88' lang='lat' dir='ltr'><strong>tuorum.</strong></span> <span class='ocrx_word' id='word_1_356' title='bbox 2254 2785 2304 2866; x_wconf 77' lang='lat'><strong>⁸⁴)</strong></span> <span class='ocrx_word' id='word_1_357' title='bbox 2349 2783 2392 2846; x_wconf 92' lang='lat' dir='ltr'><strong>Et</strong></span> <span class='ocrx_word' id='word_1_358' title='bbox 2412 2781 2516 2846; x_wconf 89' lang='lat' dir='ltr'><strong>Prov.</strong></span> 
     </span>
     <span class='ocr_line' id='line_1_25' title="bbox 515 2865 2519 2952; baseline 0.001 -22"><span class='ocrx_word' id='word_1_359' title='bbox 515 2865 645 2930; x_wconf 86' lang='lat' dir='ltr'><strong>eundae</strong></span> <span class='ocrx_word' id='word_1_360' title='bbox 667 2865 711 2927; x_wconf 92' lang='lat' dir='ltr'><strong>ad</strong></span> <span class='ocrx_word' id='word_1_361' title='bbox 734 2885 860 2942; x_wconf 88' lang='lat' dir='ltr'><strong>casum,</strong></span> <span class='ocrx_word' id='word_1_362' title='bbox 884 2877 941 2930; x_wconf 90' lang='lat' dir='ltr'><strong>aut</strong></span> <span class='ocrx_word' id='word_1_363' title='bbox 962 2875 1087 2930; x_wconf 88' lang='lat' dir='ltr'><strong>tantum</strong></span> <span class='ocrx_word' id='word_1_364' title='bbox 1108 2868 1151 2931; x_wconf 89' lang='lat' dir='ltr'><strong>ad</strong></span> <span class='ocrx_word' id='word_1_365' title='bbox 1172 2867 1331 2952; x_wconf 86' lang='lat' dir='ltr'><strong>physicas</strong></span> <span class='ocrx_word' id='word_1_366' title='bbox 1353 2885 1493 2930; x_wconf 89' lang='lat' dir='ltr'><strong>caussas</strong></span> <span class='ocrx_word' id='word_1_367' title='bbox 1537 2867 1568 2931; x_wconf 88' lang='lat'><strong>3.</strong></span> <span class='ocrx_word' id='word_1_368' title='bbox 1591 2872 1655 2947; x_wconf 89' lang='lat' dir='ltr'><strong>[vs.</strong></span> <span class='ocrx_word' id='word_1_369' title='bbox 1667 2867 1733 2948; x_wconf 84' lang='lat'><strong>33.]</strong></span> <span class='ocrx_word' id='word_1_370' title='bbox 1756 2867 1899 2952; x_wconf 88' lang='lat' dir='ltr'><strong>Egestas</strong></span> <span class='ocrx_word' id='word_1_371' title='bbox 1920 2888 1941 2932; x_wconf 88' lang='lat' dir='ltr'><strong>a</strong></span> <span class='ocrx_word' id='word_1_372' title='bbox 1963 2867 2105 2932; x_wconf 92' lang='lat' dir='ltr'><strong>Domino</strong></span> <span class='ocrx_word' id='word_1_373' title='bbox 2127 2871 2162 2932; x_wconf 90' lang='lat' dir='ltr'><strong>in</strong></span> <span class='ocrx_word' id='word_1_374' title='bbox 2183 2870 2282 2932; x_wconf 93' lang='lat' dir='ltr'><strong>domo</strong></span> <span class='ocrx_word' id='word_1_375' title='bbox 2304 2869 2404 2952; x_wconf 90' lang='lat' dir='ltr'><strong>impii,</strong></span> <span class='ocrx_word' id='word_1_376' title='bbox 2424 2867 2519 2932; x_wconf 87' lang='lat' dir='ltr'><strong>habi·</strong></span> 
     </span>
     <span class='ocr_line' id='line_1_26' title="bbox 513 2946 2518 3038; baseline 0.001 -24"><span class='ocrx_word' id='word_1_377' title='bbox 513 2946 710 3028; x_wconf 72' lang='lat' dir='ltr'><strong>referamuS,</strong></span> <span class='ocrx_word' id='word_1_378' title='bbox 731 2953 792 3015; x_wconf 90' lang='lat' dir='ltr'><strong>sed</strong></span> <span class='ocrx_word' id='word_1_379' title='bbox 808 2951 916 3016; x_wconf 89' lang='lat' dir='ltr'><strong>Deum</strong></span> <span class='ocrx_word' id='word_1_380' title='bbox 933 2971 1157 3038; x_wconf 90' lang='lat' dir='ltr'><strong>agnoscamus</strong></span> <span class='ocrx_word' id='word_1_381' title='bbox 1174 2971 1254 3016; x_wconf 91' lang='lat' dir='ltr'><strong>vere</strong></span> <span class='ocrx_word' id='word_1_382' title='bbox 1271 2950 1387 3037; x_wconf 85' lang='lat' dir='ltr'><strong>largiri</strong></span> <span class='ocrx_word' id='word_1_383' title='bbox 1404 2953 1493 3015; x_wconf 91' lang='lat' dir='ltr'><strong>bona</strong></span> <span class='ocrx_word' id='word_1_384' title='bbox 1537 2950 1649 3017; x_wconf 86' lang='lat' dir='ltr'><strong>tacula</strong></span> <span class='ocrx_word' id='word_1_385' title='bbox 1685 2963 1795 3016; x_wconf 87' lang='lat' dir='ltr'><strong>autern</strong></span> <span class='ocrx_word' id='word_1_386' title='bbox 1832 2955 1992 3017; x_wconf 90' lang='lat' dir='ltr'><strong>iustorum</strong></span> <span class='ocrx_word' id='word_1_387' title='bbox 2025 2954 2271 3018; x_wconf 87' lang='lat' dir='ltr'><strong>benedicentur.</strong></span> <span class='ocrx_word' id='word_1_388' title='bbox 2325 2953 2427 3019; x_wconf 90' lang='lat' dir='ltr'><strong>Prov.</strong></span> <span class='ocrx_word' id='word_1_389' title='bbox 2462 2952 2518 3016; x_wconf 94' lang='grc'><strong>10.</strong></span> 
     </span>
     <span class='ocr_line' id='line_1_27' title="bbox 515 3035 2518 3118; baseline 0.001 -20"><span class='ocrx_word' id='word_1_390' title='bbox 515 3047 549 3098; x_wconf 87' lang='grc' dir='ltr'><strong>ει</strong></span> <span class='ocrx_word' id='word_1_391' title='bbox 573 3035 740 3099; x_wconf 88' lang='lat' dir='ltr'><strong>moderari</strong></span> <span class='ocrx_word' id='word_1_392' title='bbox 762 3047 923 3101; x_wconf 90' lang='lat' dir='ltr'><strong>naturam.</strong></span> <span class='ocrx_word' id='word_1_393' title='bbox 967 3035 1045 3101; x_wconf 89' lang='lat' dir='ltr'><strong>Act.</strong></span> <span class='ocrx_word' id='word_1_394' title='bbox 1074 3037 1122 3103; x_wconf 89' lang='grc'><strong>17.</strong></span> <span class='ocrx_word' id='word_1_395' title='bbox 1154 3043 1220 3118; x_wconf 86' lang='lat' dir='ltr'><strong>[vs.</strong></span> <span class='ocrx_word' id='word_1_396' title='bbox 1246 3037 1315 3116; x_wconf 75' lang='grc'><strong>08.)</strong></span> <span class='ocrx_word' id='word_1_397' title='bbox 1359 3036 1397 3100; x_wconf 91' lang='grc' dir='ltr'>1ιι</span> <span class='ocrx_word' id='word_1_398' title='bbox 1417 3037 1492 3118; x_wconf 92' lang='lat' dir='ltr'><strong>ipso</strong></span> <span class='ocrx_word' id='word_1_399' title='bbox 1538 3043 1602 3114; x_wconf 87' lang='lat' dir='ltr'><strong>[vs.</strong></span> <span class='ocrx_word' id='word_1_400' title='bbox 1625 3038 1692 3115; x_wconf 73' lang='grc'><strong>90.)</strong></span> <span class='ocrx_word' id='word_1_401' title='bbox 1715 3036 1910 3102; x_wconf 88' lang='lat' dir='ltr'><strong>Benedictio</strong></span> <span class='ocrx_word' id='word_1_402' title='bbox 1923 3038 2055 3102; x_wconf 90' lang='lat' dir='ltr'><strong>Domini</strong></span> <span class='ocrx_word' id='word_1_403' title='bbox 2078 3039 2195 3104; x_wconf 90' lang='lat' dir='ltr'><strong>divites</strong></span> <span class='ocrx_word' id='word_1_404' title='bbox 2216 3037 2306 3102; x_wconf 88' lang='lat' dir='ltr'><strong>facit.</strong></span> <span class='ocrx_word' id='word_1_405' title='bbox 2329 3037 2418 3102; x_wconf 86' lang='lat' dir='ltr'><strong>Psal.</strong></span> <span class='ocrx_word' id='word_1_406' title='bbox 2440 3037 2518 3101; x_wconf 79' lang='lat' dir='ltr'><strong>lae.</strong></span> 
     </span>
     <span class='ocr_line' id='line_1_28' title="bbox 514 3121 2517 3205; baseline 0 -20"><span class='ocrx_word' id='word_1_407' title='bbox 514 3121 669 3198; x_wconf 87' lang='lat' dir='ltr'><strong>vivimus,</strong></span> <span class='ocrx_word' id='word_1_408' title='bbox 690 3141 861 3187; x_wconf 91' lang='lat' dir='ltr'><strong>movemur</strong></span> <span class='ocrx_word' id='word_1_409' title='bbox 883 3133 916 3184; x_wconf 89' lang='lat' dir='ltr'><strong>et</strong></span> <span class='ocrx_word' id='word_1_410' title='bbox 937 3141 1064 3200; x_wconf 75' lang='lat' dir='ltr'><strong>sumna,</strong></span> <span class='ocrx_word' id='word_1_411' title='bbox 1084 3123 1118 3184; x_wconf 92' lang='lat' dir='ltr'><strong>id</strong></span> <span class='ocrx_word' id='word_1_412' title='bbox 1140 3132 1203 3199; x_wconf 88' lang='lat' dir='ltr'><strong>est,</strong></span> <span class='ocrx_word' id='word_1_413' title='bbox 1224 3141 1285 3204; x_wconf 90' lang='lat' dir='ltr'><strong>per</strong></span> <span class='ocrx_word' id='word_1_414' title='bbox 1305 3123 1414 3205; x_wconf 92' lang='lat' dir='ltr'><strong>ipsum</strong></span> <span class='ocrx_word' id='word_1_415' title='bbox 1436 3121 1493 3186; x_wconf 91' lang='lat' dir='ltr'><strong>da-</strong></span> <span class='ocrx_word' id='word_1_416' title='bbox 1539 3126 1603 3204; x_wconf 88' lang='lat' dir='ltr'><strong>[vs.</strong></span> <span class='ocrx_word' id='word_1_417' title='bbox 1629 3123 1673 3202; x_wconf 91' lang='lat' dir='ltr'><strong>l.]</strong></span> <span class='ocrx_word' id='word_1_418' title='bbox 1696 3123 1769 3187; x_wconf 89' lang='lat' dir='ltr'><strong>Nisi</strong></span> <span class='ocrx_word' id='word_1_419' title='bbox 1791 3121 1955 3187; x_wconf 90' lang='lat' dir='ltr'><strong>Dominus</strong></span> <span class='ocrx_word' id='word_1_420' title='bbox 1975 3123 2201 3190; x_wconf 86' lang='lat' dir='ltr'><strong>aedificaverit</strong></span> <span class='ocrx_word' id='word_1_421' title='bbox 2223 3125 2364 3200; x_wconf 89' lang='lat' dir='ltr'><strong>domum,</strong></span> <span class='ocrx_word' id='word_1_422' title='bbox 2385 3121 2517 3186; x_wconf 87' lang='lat' dir='ltr'><strong>frustra</strong></span> 
     </span>
     <span class='ocr_line' id='line_1_29' title="bbox 514 3204 2517 3294; baseline 0 -25"><span class='ocrx_word' id='word_1_423' title='bbox 514 3218 586 3284; x_wconf 89' lang='lat' dir='ltr'><strong>tur,</strong></span> <span class='ocrx_word' id='word_1_424' title='bbox 621 3217 829 3271; x_wconf 88' lang='lat' dir='ltr'><strong>sustentatur</strong></span> <span class='ocrx_word' id='word_1_425' title='bbox 850 3219 883 3272; x_wconf 89' lang='lat' dir='ltr'><strong>et</strong></span> <span class='ocrx_word' id='word_1_426' title='bbox 904 3204 1038 3271; x_wconf 88' lang='lat' dir='ltr'><strong>fovetur</strong></span> <span class='ocrx_word' id='word_1_427' title='bbox 1069 3209 1138 3272; x_wconf 86' lang='lat' dir='ltr'><strong>vita</strong></span> <span class='ocrx_word' id='word_1_428' title='bbox 1158 3219 1283 3272; x_wconf 90' lang='lat' dir='ltr'><strong>nostra.</strong></span> <span class='ocrx_word' id='word_1_429' title='bbox 1328 3206 1431 3271; x_wconf 88' lang='lat' dir='ltr'><strong>llebr.</strong></span> <span class='ocrx_word' id='word_1_430' title='bbox 1463 3205 1492 3268; x_wconf 92' lang='lat'><strong>1.</strong></span> <span class='ocrx_word' id='word_1_431' title='bbox 1537 3207 1688 3286; x_wconf 91' lang='lat' dir='ltr'><strong>laborat,</strong></span> <span class='ocrx_word' id='word_1_432' title='bbox 1721 3209 1777 3294; x_wconf 91' lang='lat' dir='ltr'><strong>qui</strong></span> <span class='ocrx_word' id='word_1_433' title='bbox 1798 3207 1951 3273; x_wconf 86' lang='lat' dir='ltr'><strong>aedificat</strong></span> <span class='ocrx_word' id='word_1_434' title='bbox 1973 3227 2055 3274; x_wconf 88' lang='lat' dir='ltr'><strong>eam.</strong></span> <span class='ocrx_word' id='word_1_435' title='bbox 2099 3209 2164 3274; x_wconf 88' lang='lat' dir='ltr'><strong>lllc</strong></span> <span class='ocrx_word' id='word_1_436' title='bbox 2185 3206 2276 3273; x_wconf 87' lang='lat' dir='ltr'><strong>clare</strong></span> <span class='ocrx_word' id='word_1_437' title='bbox 2295 3205 2436 3270; x_wconf 82' lang='lat' dir='ltr'><strong>allirmat</strong></span> <span class='ocrx_word' id='word_1_438' title='bbox 2458 3225 2517 3270; x_wconf 91' lang='lat' dir='ltr'><strong>se·</strong></span> 
     </span>
     <span class='ocr_line' id='line_1_30' title="bbox 517 3290 2517 3376; baseline 0.001 -21"><span class='ocrx_word' id='word_1_439' title='bbox 517 3299 581 3370; x_wconf 71' lang='lat' dir='ltr'><strong>ivs.</strong></span> <span class='ocrx_word' id='word_1_440' title='bbox 604 3291 650 3372; x_wconf 89' lang='lat'><strong>3.]</strong></span> <span class='ocrx_word' id='word_1_441' title='bbox 672 3290 797 3356; x_wconf 87' lang='lat' dir='ltr'><strong>Ferens</strong></span> <span class='ocrx_word' id='word_1_442' title='bbox 819 3295 930 3358; x_wconf 90' lang='lat' dir='ltr'><strong>omnia</strong></span> <span class='ocrx_word' id='word_1_443' title='bbox 950 3294 1053 3356; x_wconf 87' lang='lat' dir='ltr'><strong>verbo</strong></span> <span class='ocrx_word' id='word_1_444' title='bbox 1071 3293 1240 3376; x_wconf 89' lang='lat' dir='ltr'><strong>potentiae</strong></span> <span class='ocrx_word' id='word_1_445' title='bbox 1256 3310 1348 3358; x_wconf 88' lang='lat' dir='ltr'><strong>suae.</strong></span> <span class='ocrx_word' id='word_1_446' title='bbox 1371 3290 1445 3356; x_wconf 86' lang='lat' dir='ltr'><strong>col.</strong></span> <span class='ocrx_word' id='word_1_447' title='bbox 1465 3290 1493 3354; x_wconf 90' lang='lat'><strong>1.</strong></span> <span class='ocrx_word' id='word_1_448' title='bbox 1539 3294 1665 3358; x_wconf 90' lang='lat' dir='ltr'><strong>cundas</strong></span> <span class='ocrx_word' id='word_1_449' title='bbox 1697 3313 1838 3358; x_wconf 84' lang='lat' dir='ltr'><strong>caussas</strong></span> <span class='ocrx_word' id='word_1_450' title='bbox 1870 3295 1981 3357; x_wconf 91' lang='lat' dir='ltr'><strong>irritas</strong></span> <span class='ocrx_word' id='word_1_451' title='bbox 2000 3314 2095 3374; x_wconf 89' lang='lat' dir='ltr'><strong>esse,</strong></span> <span class='ocrx_word' id='word_1_452' title='bbox 2127 3296 2191 3358; x_wconf 89' lang='lat' dir='ltr'><strong>nisi</strong></span> <span class='ocrx_word' id='word_1_453' title='bbox 2213 3315 2234 3358; x_wconf 89' lang='lat' dir='ltr'><strong>a</strong></span> <span class='ocrx_word' id='word_1_454' title='bbox 2256 3291 2328 3356; x_wconf 91' lang='lat' dir='ltr'><strong>Deo</strong></span> <span class='ocrx_word' id='word_1_455' title='bbox 2349 3293 2517 3356; x_wconf 87' lang='lat' dir='ltr'><strong>inventur.</strong></span> 
     </span>
     <span class='ocr_line' id='line_1_31' title="bbox 516 3375 2519 3464; baseline 0.001 -24"><span class='ocrx_word' id='word_1_456' title='bbox 516 3377 671 3455; x_wconf 85' lang='lat' dir='ltr'><strong>[vs.17.]</strong></span> <span class='ocrx_word' id='word_1_457' title='bbox 705 3377 824 3441; x_wconf 88' lang='lat' dir='ltr'><strong>Omnia</strong></span> <span class='ocrx_word' id='word_1_458' title='bbox 854 3397 917 3461; x_wconf 90' lang='lat' dir='ltr'><strong>per</strong></span> <span class='ocrx_word' id='word_1_459' title='bbox 948 3397 1022 3442; x_wconf 91' lang='lat' dir='ltr'><strong>eum</strong></span> <span class='ocrx_word' id='word_1_460' title='bbox 1056 3379 1253 3442; x_wconf 88' lang='lat' dir='ltr'><strong>consistunt.</strong></span> <span class='ocrx_word' id='word_1_461' title='bbox 1288 3378 1317 3440; x_wconf 94' lang='grc'><strong>1.</strong></span> <span class='ocrx_word' id='word_1_462' title='bbox 1350 3377 1432 3441; x_wconf 85' lang='lat' dir='ltr'><strong>Tim.</strong></span> <span class='ocrx_word' id='word_1_463' title='bbox 1459 3376 1492 3441; x_wconf 94' lang='grc'><strong>6.</strong></span> <span class='ocrx_word' id='word_1_464' title='bbox 1538 3375 1629 3441; x_wconf 86' lang='lat' dir='ltr'><strong>Psal.</strong></span> <span class='ocrx_word' id='word_1_465' title='bbox 1657 3377 1711 3443; x_wconf 92' lang='grc'><strong>99.</strong></span> <span class='ocrx_word' id='word_1_466' title='bbox 1742 3384 1806 3456; x_wconf 91' lang='lat' dir='ltr'><strong>[vs.</strong></span> <span class='ocrx_word' id='word_1_467' title='bbox 1829 3378 1873 3458; x_wconf 89' lang='lat'><strong>3.]</strong></span> <span class='ocrx_word' id='word_1_468' title='bbox 1908 3379 2051 3458; x_wconf 87' lang='lat' dir='ltr'><strong>Scitote,</strong></span> <span class='ocrx_word' id='word_1_469' title='bbox 2074 3382 2163 3464; x_wconf 90' lang='lat' dir='ltr'><strong>quod</strong></span> <span class='ocrx_word' id='word_1_470' title='bbox 2184 3379 2348 3443; x_wconf 90' lang='lat' dir='ltr'><strong>Dominus</strong></span> <span class='ocrx_word' id='word_1_471' title='bbox 2368 3379 2440 3462; x_wconf 89' lang='lat' dir='ltr'><strong>ipse</strong></span> <span class='ocrx_word' id='word_1_472' title='bbox 2463 3389 2519 3442; x_wconf 87' lang='grc' dir='ltr'><strong>εει</strong></span> 
     </span>
     <span class='ocr_line' id='line_1_32' title="bbox 516 3460 2518 3549; baseline 0.001 -24"><span class='ocrx_word' id='word_1_473' title='bbox 516 3467 581 3538; x_wconf 83' lang='lat' dir='ltr'><strong>[vs.</strong></span> <span class='ocrx_word' id='word_1_474' title='bbox 606 3461 670 3539; x_wconf 81' lang='grc'><strong>13.)</strong></span> <span class='ocrx_word' id='word_1_475' title='bbox 689 3461 820 3526; x_wconf 89' lang='lat' dir='ltr'><strong>additur</strong></span> <span class='ocrx_word' id='word_1_476' title='bbox 836 3462 1015 3546; x_wconf 87' lang='lat' dir='ltr'><strong>descriptio</strong></span> <span class='ocrx_word' id='word_1_477' title='bbox 1026 3460 1108 3527; x_wconf 80' lang='lat' dir='ltr'><strong>Dei:</strong></span> <span class='ocrx_word' id='word_1_478' title='bbox 1127 3463 1190 3536; x_wconf 86' lang='lat' dir='ltr'><strong>Qui</strong></span> <span class='ocrx_word' id='word_1_479' title='bbox 1208 3460 1355 3527; x_wconf 86' lang='lat' dir='ltr'><strong>vivificat</strong></span> <span class='ocrx_word' id='word_1_480' title='bbox 1371 3461 1492 3526; x_wconf 88' lang='lat' dir='ltr'><strong>omnia.</strong></span> <span class='ocrx_word' id='word_1_481' title='bbox 1537 3460 1650 3543; x_wconf 90' lang='lat' dir='ltr'><strong>Deus,</strong></span> <span class='ocrx_word' id='word_1_482' title='bbox 1672 3466 1746 3548; x_wconf 91' lang='lat' dir='ltr'><strong>ipse</strong></span> <span class='ocrx_word' id='word_1_483' title='bbox 1766 3460 1846 3529; x_wconf 90' lang='lat' dir='ltr'><strong>fecit</strong></span> <span class='ocrx_word' id='word_1_484' title='bbox 1866 3484 1942 3542; x_wconf 90' lang='lat' dir='ltr'><strong>nos,</strong></span> <span class='ocrx_word' id='word_1_485' title='bbox 1963 3476 1996 3529; x_wconf 90' lang='lat' dir='ltr'><strong>et</strong></span> <span class='ocrx_word' id='word_1_486' title='bbox 2016 3484 2083 3529; x_wconf 93' lang='lat' dir='ltr'><strong>non</strong></span> <span class='ocrx_word' id='word_1_487' title='bbox 2106 3466 2169 3549; x_wconf 91' lang='lat' dir='ltr'><strong>ipsi</strong></span> <span class='ocrx_word' id='word_1_488' title='bbox 2191 3483 2274 3537; x_wconf 91' lang='lat' dir='ltr'><strong>nos;</strong></span> <span class='ocrx_word' id='word_1_489' title='bbox 2317 3483 2380 3527; x_wconf 89' lang='lat' dir='ltr'><strong>nos</strong></span> <span class='ocrx_word' id='word_1_490' title='bbox 2404 3476 2518 3528; x_wconf 90' lang='lat' dir='ltr'><strong>autern</strong></span> 
     </span>
     <span class='ocr_line' id='line_1_33' title="bbox 517 3543 2519 3634; baseline 0.001 -26"><span class='ocrx_word' id='word_1_491' title='bbox 517 3547 547 3608; x_wconf 92' lang='lat' dir='ltr'><strong>l.</strong></span> <span class='ocrx_word' id='word_1_492' title='bbox 569 3543 652 3609; x_wconf 80' lang='lat' dir='ltr'><strong>&#39;lim-</strong></span> <span class='ocrx_word' id='word_1_493' title='bbox 674 3548 706 3609; x_wconf 82' lang='lat'><strong>4.</strong></span> <span class='ocrx_word' id='word_1_494' title='bbox 730 3553 794 3622; x_wconf 80' lang='lat' dir='ltr'><strong>[vs.</strong></span> <span class='ocrx_word' id='word_1_495' title='bbox 819 3547 883 3626; x_wconf 86' lang='grc'><strong>10.)</strong></span> <span class='ocrx_word' id='word_1_496' title='bbox 906 3547 1085 3630; x_wconf 79' lang='lat' dir='ltr'><strong>Speremus</strong></span> <span class='ocrx_word' id='word_1_497' title='bbox 1105 3549 1139 3610; x_wconf 96' lang='lat' dir='ltr'><strong>in</strong></span> <span class='ocrx_word' id='word_1_498' title='bbox 1158 3548 1232 3612; x_wconf 91' lang='lat' dir='ltr'><strong>Deo</strong></span> <span class='ocrx_word' id='word_1_499' title='bbox 1253 3548 1342 3625; x_wconf 90' lang='lat' dir='ltr'><strong>vivo,</strong></span> <span class='ocrx_word' id='word_1_500' title='bbox 1364 3548 1420 3632; x_wconf 85' lang='lat' dir='ltr'><strong>qui</strong></span> <span class='ocrx_word' id='word_1_501' title='bbox 1441 3557 1494 3611; x_wconf 91' lang='lat' dir='ltr'><strong>est</strong></span> <span class='ocrx_word' id='word_1_502' title='bbox 1538 3547 1680 3632; x_wconf 91' lang='lat' dir='ltr'><strong>populus</strong></span> <span class='ocrx_word' id='word_1_503' title='bbox 1702 3551 1773 3614; x_wconf 92' lang='lat' dir='ltr'><strong>eius</strong></span> <span class='ocrx_word' id='word_1_504' title='bbox 1794 3560 1829 3613; x_wconf 90' lang='lat' dir='ltr'><strong>et</strong></span> <span class='ocrx_word' id='word_1_505' title='bbox 1850 3569 1932 3615; x_wconf 87' lang='lat' dir='ltr'><strong>oves</strong></span> <span class='ocrx_word' id='word_1_506' title='bbox 1954 3570 2102 3634; x_wconf 88' lang='lat' dir='ltr'><strong>pascuae</strong></span> <span class='ocrx_word' id='word_1_507' title='bbox 2124 3553 2206 3626; x_wconf 89' lang='lat' dir='ltr'><strong>eius,</strong></span> <span class='ocrx_word' id='word_1_508' title='bbox 2229 3550 2263 3612; x_wconf 92' lang='lat' dir='ltr'><strong>id</strong></span> <span class='ocrx_word' id='word_1_509' title='bbox 2285 3559 2348 3627; x_wconf 91' lang='grc' dir='ltr'>εει,</span> <span class='ocrx_word' id='word_1_510' title='bbox 2369 3568 2437 3612; x_wconf 88' lang='grc' dir='ltr'>ιιοιι</span> <span class='ocrx_word' id='word_1_511' title='bbox 2457 3568 2519 3612; x_wconf 89' lang='lat' dir='ltr'><strong>na·</strong></span> 
     </span>
     <span class='ocr_line' id='line_1_34' title="bbox 514 3627 2519 3712; baseline 0.002 -19"><span class='ocrx_word' id='word_1_512' title='bbox 514 3627 668 3694; x_wconf 88' lang='lat' dir='ltr'><strong>salvator</strong></span> <span class='ocrx_word' id='word_1_513' title='bbox 688 3633 831 3695; x_wconf 92' lang='lat' dir='ltr'><strong>omnium</strong></span> <span class='ocrx_word' id='word_1_514' title='bbox 853 3631 1030 3710; x_wconf 89' lang='lat' dir='ltr'><strong>bominum,</strong></span> <span class='ocrx_word' id='word_1_515' title='bbox 1050 3635 1190 3697; x_wconf 79' lang='lat' dir='ltr'><strong>mauime</strong></span> <span class='ocrx_word' id='word_1_516' title='bbox 1206 3630 1363 3711; x_wconf 89' lang='lat' dir='ltr'><strong>fidelium,</strong></span> <span class='ocrx_word' id='word_1_517' title='bbox 1379 3635 1413 3697; x_wconf 92' lang='lat' dir='ltr'><strong>id</strong></span> <span class='ocrx_word' id='word_1_518' title='bbox 1430 3644 1495 3712; x_wconf 90' lang='lat' dir='ltr'><strong>est,</strong></span> <span class='ocrx_word' id='word_1_519' title='bbox 1539 3635 1662 3700; x_wconf 88' lang='lat' dir='ltr'><strong>scimur</strong></span> <span class='ocrx_word' id='word_1_520' title='bbox 1684 3655 1777 3712; x_wconf 88' lang='lat' dir='ltr'><strong>casu,</strong></span> <span class='ocrx_word' id='word_1_521' title='bbox 1797 3655 1865 3699; x_wconf 93' lang='lat' dir='ltr'><strong>non</strong></span> <span class='ocrx_word' id='word_1_522' title='bbox 1886 3635 2027 3700; x_wconf 90' lang='lat' dir='ltr'><strong>vivimus</strong></span> <span class='ocrx_word' id='word_1_523' title='bbox 2048 3645 2174 3700; x_wconf 91' lang='lat' dir='ltr'><strong>tantum</strong></span> <span class='ocrx_word' id='word_1_524' title='bbox 2196 3636 2328 3698; x_wconf 89' lang='lat' dir='ltr'><strong>caussis</strong></span> <span class='ocrx_word' id='word_1_525' title='bbox 2346 3634 2519 3712; x_wconf 86' lang='lat' dir='ltr'><strong>secundis,</strong></span> 
     </span>
     <span class='ocr_line' id='line_1_35' title="bbox 470 3713 2518 3802; baseline 0.001 -23"><span class='ocrx_word' id='word_1_526' title='bbox 470 3737 478 3756; x_wconf 86' lang='lat'>·</span> <span class='ocrx_word' id='word_1_527' title='bbox 515 3717 669 3780; x_wconf 90' lang='lat' dir='ltr'><strong>omnibus</strong></span> <span class='ocrx_word' id='word_1_528' title='bbox 690 3714 872 3796; x_wconf 86' lang='lat' dir='ltr'><strong>benefacit,</strong></span> <span class='ocrx_word' id='word_1_529' title='bbox 905 3713 1025 3782; x_wconf 88' lang='lat' dir='ltr'><strong>fovens</strong></span> <span class='ocrx_word' id='word_1_530' title='bbox 1057 3720 1170 3797; x_wconf 89' lang='lat' dir='ltr'><strong>vitam,</strong></span> <span class='ocrx_word' id='word_1_531' title='bbox 1203 3719 1344 3802; x_wconf 86' lang='lat' dir='ltr'><strong>gignens</strong></span> <span class='ocrx_word' id='word_1_532' title='bbox 1365 3713 1419 3782; x_wconf 88' lang='lat' dir='ltr'><strong>fru</strong></span> <span class='ocrx_word' id='word_1_533' title='bbox 1443 3737 1493 3796; x_wconf 90' lang='lat' dir='ltr'><strong>es,</strong></span> <span class='ocrx_word' id='word_1_534' title='bbox 1536 3721 1663 3786; x_wconf 87' lang='lat' dir='ltr'><strong>nostris</strong></span> <span class='ocrx_word' id='word_1_535' title='bbox 1690 3718 1840 3784; x_wconf 91' lang='lat' dir='ltr'><strong>consiliis</strong></span> <span class='ocrx_word' id='word_1_536' title='bbox 1867 3729 1902 3784; x_wconf 88' lang='lat' dir='ltr'><strong>et</strong></span> <span class='ocrx_word' id='word_1_537' title='bbox 1921 3721 2067 3799; x_wconf 88' lang='lat' dir='ltr'><strong>viribus,</strong></span> <span class='ocrx_word' id='word_1_538' title='bbox 2094 3723 2155 3784; x_wconf 92' lang='lat' dir='ltr'><strong>sed</strong></span> <span class='ocrx_word' id='word_1_539' title='bbox 2175 3719 2250 3782; x_wconf 91' lang='lat' dir='ltr'><strong>Deo</strong></span> <span class='ocrx_word' id='word_1_540' title='bbox 2272 3718 2459 3784; x_wconf 86' lang='lat' dir='ltr'><strong>vivificante</strong></span> <span class='ocrx_word' id='word_1_541' title='bbox 2481 3731 2518 3783; x_wconf 91' lang='lat' dir='ltr'><strong>et</strong></span> 
     </span>
     <span class='ocr_line' id='line_1_36' title="bbox 516 3799 1705 3888; baseline 0.003 -24"><span class='ocrx_word' id='word_1_542' title='bbox 516 3819 661 3867; x_wconf 90' lang='lat' dir='ltr'><strong>servans</strong></span> <span class='ocrx_word' id='word_1_543' title='bbox 683 3823 790 3888; x_wconf 85' lang='lat' dir='ltr'><strong>genus</strong></span> <span class='ocrx_word' id='word_1_544' title='bbox 811 3801 1000 3881; x_wconf 87' lang='lat' dir='ltr'><strong>humanum,</strong></span> <span class='ocrx_word' id='word_1_545' title='bbox 1027 3813 1064 3866; x_wconf 93' lang='grc' dir='ltr'><strong>ιιι</strong></span> <span class='ocrx_word' id='word_1_546' title='bbox 1086 3804 1163 3868; x_wconf 91' lang='lat' dir='ltr'><strong>inde</strong></span> <span class='ocrx_word' id='word_1_547' title='bbox 1184 3804 1248 3866; x_wconf 92' lang='lat' dir='ltr'><strong>sibi</strong></span> <span class='ocrx_word' id='word_1_548' title='bbox 1271 3799 1409 3887; x_wconf 90' lang='lat' dir='ltr'><strong>colligat</strong></span> <span class='ocrx_word' id='word_1_549' title='bbox 1459 3822 1494 3865; x_wconf 92' lang='lat' dir='ltr'><strong>c·</strong></span> <span class='ocrx_word' id='word_1_550' title='bbox 1538 3815 1705 3871; x_wconf 87' lang='lat' dir='ltr'><strong>servante.</strong></span> 
     </span>
     <span class='ocr_line' id='line_1_37' title="bbox 519 3884 2519 3974; baseline 0.002 -26"><span class='ocrx_word' id='word_1_551' title='bbox 519 3884 674 3964; x_wconf 83' lang='lat' dir='ltr'><strong>alesiam,</strong></span> <span class='ocrx_word' id='word_1_552' title='bbox 705 3889 847 3952; x_wconf 85' lang='lat' dir='ltr'><strong>maxime</strong></span> <span class='ocrx_word' id='word_1_553' title='bbox 880 3908 962 3952; x_wconf 89' lang='lat' dir='ltr'><strong>vero</strong></span> <span class='ocrx_word' id='word_1_554' title='bbox 993 3889 1114 3951; x_wconf 88' lang='lat' dir='ltr'><strong>iuvans</strong></span> <span class='ocrx_word' id='word_1_555' title='bbox 1135 3885 1339 3962; x_wconf 88' lang='lat' dir='ltr'><strong>Ecclesiam,</strong></span> <span class='ocrx_word' id='word_1_556' title='bbox 1372 3889 1495 3970; x_wconf 90' lang='lat' dir='ltr'><strong>inqua</strong></span> <span class='ocrx_word' id='word_1_557' title='bbox 1624 3888 1797 3953; x_wconf 89' lang='lat' dir='ltr'><strong>Postremo</strong></span> <span class='ocrx_word' id='word_1_558' title='bbox 1820 3889 1906 3952; x_wconf 88' lang='lat' dir='ltr'><strong>idem</strong></span> <span class='ocrx_word' id='word_1_559' title='bbox 1929 3889 2029 3954; x_wconf 86' lang='lat' dir='ltr'><strong>docet</strong></span> <span class='ocrx_word' id='word_1_560' title='bbox 2044 3889 2193 3972; x_wconf 88' lang='lat' dir='ltr'><strong>precatio</strong></span> <span class='ocrx_word' id='word_1_561' title='bbox 2214 3889 2406 3967; x_wconf 85' lang='lat' dir='ltr'><strong>Dominiea,</strong></span> <span class='ocrx_word' id='word_1_562' title='bbox 2429 3908 2519 3974; x_wconf 88' lang='lat' dir='ltr'><strong>quae</strong></span> 
     </span>
     <span class='ocr_line' id='line_1_38' title="bbox 516 3968 2518 4060; baseline 0.001 -25"><span class='ocrx_word' id='word_1_563' title='bbox 516 3992 586 4035; x_wconf 90' lang='lat' dir='ltr'><strong>non</strong></span> <span class='ocrx_word' id='word_1_564' title='bbox 608 3968 716 4034; x_wconf 91' lang='lat' dir='ltr'><strong>solum</strong></span> <span class='ocrx_word' id='word_1_565' title='bbox 737 3990 879 4052; x_wconf 83' lang='lat' dir='ltr'><strong>corpora</strong></span> <span class='ocrx_word' id='word_1_566' title='bbox 901 3968 1005 4049; x_wconf 92' lang='lat' dir='ltr'><strong>fovet,</strong></span> <span class='ocrx_word' id='word_1_567' title='bbox 1027 3972 1089 4034; x_wconf 91' lang='lat' dir='ltr'><strong>sed</strong></span> <span class='ocrx_word' id='word_1_568' title='bbox 1110 3974 1207 4037; x_wconf 88' lang='lat' dir='ltr'><strong>etiam</strong></span> <span class='ocrx_word' id='word_1_569' title='bbox 1227 3969 1368 4056; x_wconf 86' lang='lat' dir='ltr'><strong>largitur</strong></span> <span class='ocrx_word' id='word_1_570' title='bbox 1389 3981 1494 4035; x_wconf 87' lang='lat' dir='ltr'><strong>aeter-</strong></span> <span class='ocrx_word' id='word_1_571' title='bbox 1538 3995 1559 4038; x_wconf 90' lang='lat' dir='ltr'><strong>a</strong></span> <span class='ocrx_word' id='word_1_572' title='bbox 1579 3973 1655 4038; x_wconf 92' lang='lat' dir='ltr'><strong>Deo</strong></span> <span class='ocrx_word' id='word_1_573' title='bbox 1676 3986 1792 4058; x_wconf 89' lang='lat' dir='ltr'><strong>petere</strong></span> <span class='ocrx_word' id='word_1_574' title='bbox 1816 3975 1910 4038; x_wconf 89' lang='lat' dir='ltr'><strong>iubet</strong></span> <span class='ocrx_word' id='word_1_575' title='bbox 1936 3995 2053 4058; x_wconf 89' lang='lat' dir='ltr'><strong>panem</strong></span> <span class='ocrx_word' id='word_1_576' title='bbox 2081 3975 2315 4060; x_wconf 83' lang='lat' dir='ltr'><strong>quotidianum.</strong></span> <span class='ocrx_word' id='word_1_577' title='bbox 2370 3973 2518 4040; x_wconf 83' lang='lat' dir='ltr'><strong>Confite-</strong></span> 
     </span>
     <span class='ocr_line' id='line_1_39' title="bbox 515 4054 2516 4146; baseline 0 -25"><span class='ocrx_word' id='word_1_578' title='bbox 515 4076 561 4121; x_wconf 87' lang='lat' dir='ltr'><strong>na</strong></span> <span class='ocrx_word' id='word_1_579' title='bbox 583 4056 681 4120; x_wconf 90' lang='lat' dir='ltr'><strong>bona.</strong></span> <span class='ocrx_word' id='word_1_580' title='bbox 727 4056 756 4119; x_wconf 92' lang='lat' dir='ltr'><strong>l.</strong></span> <span class='ocrx_word' id='word_1_581' title='bbox 778 4056 861 4120; x_wconf 78' lang='lat' dir='ltr'><strong>&#39;lim-</strong></span> <span class='ocrx_word' id='word_1_582' title='bbox 882 4055 915 4120; x_wconf 88' lang='grc'><strong>6.</strong></span> <span class='ocrx_word' id='word_1_583' title='bbox 939 4063 1003 4132; x_wconf 85' lang='grc' dir='ltr'>Ιιιε.</span> <span class='ocrx_word' id='word_1_584' title='bbox 1029 4055 1092 4135; x_wconf 90' lang='grc'><strong>17.]</strong></span> <span class='ocrx_word' id='word_1_585' title='bbox 1115 4057 1151 4120; x_wconf 94' lang='lat' dir='ltr'><strong>ln</strong></span> <span class='ocrx_word' id='word_1_586' title='bbox 1173 4054 1249 4121; x_wconf 91' lang='lat' dir='ltr'><strong>Deo</strong></span> <span class='ocrx_word' id='word_1_587' title='bbox 1266 4059 1417 4132; x_wconf 89' lang='lat' dir='ltr'><strong>vivente,</strong></span> <span class='ocrx_word' id='word_1_588' title='bbox 1484 4057 1495 4118; x_wconf 93' lang='lat' dir='ltr'><strong>i</strong></span> <span class='ocrx_word' id='word_1_589' title='bbox 1538 4077 1610 4122; x_wconf 93' lang='lat' dir='ltr'><strong>mur</strong></span> <span class='ocrx_word' id='word_1_590' title='bbox 1632 4079 1669 4122; x_wconf 92' lang='lat' dir='ltr'><strong>er</strong></span> <span class='ocrx_word' id='word_1_591' title='bbox 1692 4057 1833 4124; x_wconf 91' lang='lat' dir='ltr'><strong>oDeum</strong></span> <span class='ocrx_word' id='word_1_592' title='bbox 1854 4057 1968 4146; x_wconf 90' lang='lat' dir='ltr'><strong>largiri</strong></span> <span class='ocrx_word' id='word_1_593' title='bbox 1988 4061 2122 4140; x_wconf 89' lang='lat' dir='ltr'><strong>victum,</strong></span> <span class='ocrx_word' id='word_1_594' title='bbox 2146 4072 2180 4124; x_wconf 88' lang='lat' dir='ltr'><strong>et</strong></span> <span class='ocrx_word' id='word_1_595' title='bbox 2200 4071 2324 4125; x_wconf 89' lang='lat' dir='ltr'><strong>terram</strong></span> <span class='ocrx_word' id='word_1_596' title='bbox 2346 4079 2411 4124; x_wconf 93' lang='lat' dir='ltr'><strong>non</strong></span> <span class='ocrx_word' id='word_1_597' title='bbox 2433 4077 2516 4123; x_wconf 84' lang='lat' dir='ltr'><strong>esse</strong></span> 
     </span>
     <span class='ocr_line' id='line_1_40' title="bbox 541 4076 2089 4221; baseline 0.003 -18"><span class='ocrx_word' id='word_1_598' title='bbox 541 4142 656 4205; x_wconf 86' lang='lat' dir='ltr'><strong>raebet</strong></span> <span class='ocrx_word' id='word_1_599' title='bbox 676 4142 775 4205; x_wconf 90' lang='lat' dir='ltr'><strong>nobis</strong></span> <span class='ocrx_word' id='word_1_600' title='bbox 796 4143 929 4206; x_wconf 88' lang='lat' dir='ltr'><strong>abunde</strong></span> <span class='ocrx_word' id='word_1_601' title='bbox 953 4143 1061 4206; x_wconf 88' lang='lat' dir='ltr'><strong>omnia</strong></span> <span class='ocrx_word' id='word_1_602' title='bbox 1083 4145 1128 4208; x_wconf 88' lang='lat' dir='ltr'><strong>ad</strong></span> <span class='ocrx_word' id='word_1_603' title='bbox 1149 4139 1332 4206; x_wconf 90' lang='lat' dir='ltr'><strong>fruendum.</strong></span> <span class='ocrx_word' id='word_1_604' title='bbox 1376 4076 1493 4206; x_wconf 71' lang='lat' dir='ltr'><strong>atatlh.</strong></span> <span class='ocrx_word' id='word_1_605' title='bbox 1538 4140 1657 4208; x_wconf 89' lang='lat' dir='ltr'><strong>foecun</strong></span> <span class='ocrx_word' id='word_1_606' title='bbox 1735 4145 1830 4221; x_wconf 92' lang='lat' dir='ltr'><strong>,nisi</strong></span> <span class='ocrx_word' id='word_1_607' title='bbox 1850 4144 1924 4210; x_wconf 89' lang='lat' dir='ltr'><strong>Deo</strong></span> <span class='ocrx_word' id='word_1_608' title='bbox 1946 4146 2089 4210; x_wconf 90' lang='lat' dir='ltr'><strong>iuvante.</strong></span> 
     </span>
     <span class='ocr_line' id='line_1_41' title="bbox 516 4165 2519 4314; baseline 0.001 -23"><span class='ocrx_word' id='word_1_609' title='bbox 516 4165 570 4291; x_wconf 68' lang='lat' dir='ltr'><strong>ll).</strong></span> <span class='ocrx_word' id='word_1_610' title='bbox 596 4231 663 4306; x_wconf 85' lang='lat' dir='ltr'><strong>[vs.</strong></span> <span class='ocrx_word' id='word_1_611' title='bbox 685 4225 753 4306; x_wconf 80' lang='grc'><strong>09.)</strong></span> <span class='ocrx_word' id='word_1_612' title='bbox 797 4224 876 4291; x_wconf 93' lang='lat' dir='ltr'><strong>Duo</strong></span> <span class='ocrx_word' id='word_1_613' title='bbox 897 4245 1054 4310; x_wconf 88' lang='lat' dir='ltr'><strong>passeres</strong></span> <span class='ocrx_word' id='word_1_614' title='bbox 1076 4246 1157 4292; x_wconf 90' lang='lat' dir='ltr'><strong>asse</strong></span> <span class='ocrx_word' id='word_1_615' title='bbox 1178 4238 1333 4304; x_wconf 90' lang='lat' dir='ltr'><strong>veneunt,</strong></span> <span class='ocrx_word' id='word_1_616' title='bbox 1354 4237 1388 4290; x_wconf 91' lang='lat' dir='ltr'><strong>et</strong></span> <span class='ocrx_word' id='word_1_617' title='bbox 1408 4245 1495 4290; x_wconf 91' lang='grc' dir='ltr'>ιιιιιιε</span> <span class='ocrx_word' id='word_1_618' title='bbox 1626 4227 1755 4314; x_wconf 80' lang='lat' dir='ltr'><strong>Collegi</strong></span> <span class='ocrx_word' id='word_1_619' title='bbox 1803 4231 2001 4295; x_wconf 89' lang='lat' dir='ltr'><strong>mediocrem</strong></span> <span class='ocrx_word' id='word_1_620' title='bbox 2043 4251 2199 4294; x_wconf 90' lang='lat' dir='ltr'><strong>acervum</strong></span> <span class='ocrx_word' id='word_1_621' title='bbox 2242 4231 2519 4310; x_wconf 83' lang='lat' dir='ltr'><strong>testimoniorum,</strong></span> 
     </span>
     <span class='ocr_line' id='line_1_42' title="bbox 517 4308 2519 4458; baseline 0.001 -81"><span class='ocrx_word' id='word_1_622' title='bbox 517 4333 560 4377; x_wconf 87' lang='lat' dir='ltr'><strong>ex</strong></span> <span class='ocrx_word' id='word_1_623' title='bbox 592 4308 658 4376; x_wconf 91' lang='lat' dir='ltr'><strong>illis</strong></span> <span class='ocrx_word' id='word_1_624' title='bbox 686 4331 755 4377; x_wconf 88' lang='lat' dir='ltr'><strong>non</strong></span> <span class='ocrx_word' id='word_1_625' title='bbox 783 4312 936 4396; x_wconf 76' lang='lat' dir='ltr'><strong>cadet⁸²)</strong></span> <span class='ocrx_word' id='word_1_626' title='bbox 959 4322 1202 4458; x_wconf 76' lang='lat' dir='ltr'><strong>superterram</strong></span> <span class='ocrx_word' id='word_1_627' title='bbox 1224 4313 1296 4376; x_wconf 89' lang='lat' dir='ltr'><strong>sine</strong></span> <span class='ocrx_word' id='word_1_628' title='bbox 1316 4310 1417 4376; x_wconf 89' lang='lat' dir='ltr'><strong>Patre</strong></span> <span class='ocrx_word' id='word_1_629' title='bbox 1437 4331 1494 4378; x_wconf 89' lang='lat' dir='ltr'><strong>ve·</strong></span> <span class='ocrx_word' id='word_1_630' title='bbox 1561 4333 1625 4379; x_wconf 89' lang='lat' dir='ltr'><strong>uae</strong></span> <span class='ocrx_word' id='word_1_631' title='bbox 1647 4325 1802 4379; x_wconf 89' lang='lat' dir='ltr'><strong>enarrant</strong></span> <span class='ocrx_word' id='word_1_632' title='bbox 1823 4314 1998 4382; x_wconf 86' lang='lat' dir='ltr'><strong>articulum</strong></span> <span class='ocrx_word' id='word_1_633' title='bbox 2026 4316 2068 4378; x_wconf 91' lang='lat' dir='ltr'><strong>de</strong></span> <span class='ocrx_word' id='word_1_634' title='bbox 2090 4313 2266 4378; x_wconf 85' lang='lat' dir='ltr'><strong>Creatione</strong></span> <span class='ocrx_word' id='word_1_635' title='bbox 2288 4336 2329 4379; x_wconf 88' lang='lat' dir='ltr'><strong>ac</strong></span> <span class='ocrx_word' id='word_1_636' title='bbox 2350 4313 2519 4379; x_wconf 81' lang='lat' dir='ltr'><strong>affirmant</strong></span> 
     </span>
     <span class='ocr_line' id='line_1_43' title="bbox 514 4393 2519 4480; baseline 0.001 -18"><span class='ocrx_word' id='word_1_637' title='bbox 514 4409 605 4475; x_wconf 80' lang='lat' dir='ltr'><strong>stro3</strong></span> <span class='ocrx_word' id='word_1_638' title='bbox 650 4398 754 4462; x_wconf 88' lang='lat' dir='ltr'><strong>vestri</strong></span> <span class='ocrx_word' id='word_1_639' title='bbox 786 4410 898 4461; x_wconf 88' lang='lat' dir='ltr'><strong>autem</strong></span> <span class='ocrx_word' id='word_1_640' title='bbox 925 4393 1035 4480; x_wconf 87' lang='lat' dir='ltr'><strong>capili</strong></span> <span class='ocrx_word' id='word_1_641' title='bbox 1059 4399 1176 4480; x_wconf 85' lang='lat' dir='ltr'><strong>capitis</strong></span> <span class='ocrx_word' id='word_1_642' title='bbox 1198 4415 1313 4462; x_wconf 87' lang='lat' dir='ltr'><strong>omnes</strong></span> <span class='ocrx_word' id='word_1_643' title='bbox 1334 4398 1495 4461; x_wconf 91' lang='lat' dir='ltr'><strong>numerati</strong></span> <span class='ocrx_word' id='word_1_644' title='bbox 1574 4421 1647 4465; x_wconf 89' lang='lat' dir='ltr'><strong>eum</strong></span> <span class='ocrx_word' id='word_1_645' title='bbox 1669 4401 1790 4464; x_wconf 87' lang='lat' dir='ltr'><strong>adesse</strong></span> <span class='ocrx_word' id='word_1_646' title='bbox 1812 4401 1972 4464; x_wconf 88' lang='lat' dir='ltr'><strong>creaturis</strong></span> <span class='ocrx_word' id='word_1_647' title='bbox 1996 4410 2252 4464; x_wconf 88' lang='lat' dir='ltr'><strong>sustentatorem</strong></span> <span class='ocrx_word' id='word_1_648' title='bbox 2275 4412 2308 4465; x_wconf 90' lang='lat' dir='ltr'><strong>et</strong></span> <span class='ocrx_word' id='word_1_649' title='bbox 2329 4401 2519 4465; x_wconf 91' lang='lat' dir='ltr'><strong>moderato·</strong></span> 
     </span>
     <span class='ocr_line' id='line_1_44' title="bbox 517 4479 2518 4568; baseline 0.001 -22"><span class='ocrx_word' id='word_1_650' title='bbox 517 4495 605 4548; x_wconf 89' lang='lat' dir='ltr'><strong>sunt.</strong></span> <span class='ocrx_word' id='word_1_651' title='bbox 629 4480 719 4546; x_wconf 86' lang='lat' dir='ltr'><strong>Psal.</strong></span> <span class='ocrx_word' id='word_1_652' title='bbox 744 4479 818 4546; x_wconf 89' lang='grc'><strong>163.</strong></span> <span class='ocrx_word' id='word_1_653' title='bbox 842 4487 906 4559; x_wconf 82' lang='lat' dir='ltr'><strong>[vs.</strong></span> <span class='ocrx_word' id='word_1_654' title='bbox 928 4483 995 4561; x_wconf 76' lang='grc'><strong>97.)</strong></span> <span class='ocrx_word' id='word_1_655' title='bbox 1013 4481 1131 4547; x_wconf 87' lang='lat' dir='ltr'><strong>Omnia</strong></span> <span class='ocrx_word' id='word_1_656' title='bbox 1151 4504 1173 4547; x_wconf 90' lang='lat' dir='ltr'><strong>a</strong></span> <span class='ocrx_word' id='word_1_657' title='bbox 1193 4493 1228 4548; x_wconf 88' lang='lat' dir='ltr'><strong>te</strong></span> <span class='ocrx_word' id='word_1_658' title='bbox 1249 4485 1495 4565; x_wconf 79' lang='lat' dir='ltr'><strong>expectant,⁸⁸)</strong></span> <span class='ocrx_word' id='word_1_659' title='bbox 1540 4505 1621 4564; x_wconf 87' lang='lat' dir='ltr'><strong>rem,</strong></span> <span class='ocrx_word' id='word_1_660' title='bbox 1654 4497 1688 4548; x_wconf 91' lang='lat' dir='ltr'><strong>et</strong></span> <span class='ocrx_word' id='word_1_661' title='bbox 1715 4483 1857 4549; x_wconf 85' lang='lat' dir='ltr'><strong>refutant</strong></span> <span class='ocrx_word' id='word_1_662' title='bbox 1889 4505 1910 4548; x_wconf 98' lang='lat' dir='ltr'><strong>o</strong></span> <span class='ocrx_word' id='word_1_663' title='bbox 1934 4486 2061 4549; x_wconf 87' lang='lat' dir='ltr'><strong>iniones</strong></span> <span class='ocrx_word' id='word_1_664' title='bbox 2096 4482 2276 4568; x_wconf 89' lang='lat' dir='ltr'><strong>Epicureas</strong></span> <span class='ocrx_word' id='word_1_665' title='bbox 2309 4496 2342 4550; x_wconf 88' lang='lat' dir='ltr'><strong>et</strong></span> <span class='ocrx_word' id='word_1_666' title='bbox 2370 4484 2518 4549; x_wconf 86' lang='lat' dir='ltr'><strong>Stoicus.</strong></span> 
     </span>
     <span class='ocr_line' id='line_1_45' title="bbox 514 4563 2520 4655; baseline 0.001 -23"><span class='ocrx_word' id='word_1_667' title='bbox 514 4579 555 4632; x_wconf 91' lang='grc' dir='ltr'><strong>ιιι</strong></span> <span class='ocrx_word' id='word_1_668' title='bbox 576 4569 637 4633; x_wconf 90' lang='lat' dir='ltr'><strong>des</strong></span> <span class='ocrx_word' id='word_1_669' title='bbox 659 4571 708 4632; x_wconf 87' lang='lat' dir='ltr'><strong>eis</strong></span> <span class='ocrx_word' id='word_1_670' title='bbox 731 4587 844 4632; x_wconf 88' lang='lat' dir='ltr'><strong>escam</strong></span> <span class='ocrx_word' id='word_1_671' title='bbox 861 4568 895 4630; x_wconf 94' lang='lat' dir='ltr'><strong>in</strong></span> <span class='ocrx_word' id='word_1_672' title='bbox 915 4578 1065 4652; x_wconf 89' lang='lat' dir='ltr'><strong>tempore</strong></span> <span class='ocrx_word' id='word_1_673' title='bbox 1087 4589 1161 4647; x_wconf 90' lang='lat' dir='ltr'><strong>suo,</strong></span> <span class='ocrx_word' id='word_1_674' title='bbox 1178 4567 1277 4632; x_wconf 90' lang='lat' dir='ltr'><strong>dante</strong></span> <span class='ocrx_word' id='word_1_675' title='bbox 1294 4578 1328 4630; x_wconf 90' lang='lat' dir='ltr'><strong>te</strong></span> <span class='ocrx_word' id='word_1_676' title='bbox 1344 4564 1409 4631; x_wconf 92' lang='lat' dir='ltr'><strong>illis</strong></span> <span class='ocrx_word' id='word_1_677' title='bbox 1428 4563 1497 4632; x_wconf 86' lang='lat' dir='ltr'><strong>col·</strong></span> <span class='ocrx_word' id='word_1_678' title='bbox 1540 4571 1625 4644; x_wconf 88' lang='lat' dir='ltr'><strong>Quia</strong></span> <span class='ocrx_word' id='word_1_679' title='bbox 1647 4570 1732 4634; x_wconf 91' lang='lat' dir='ltr'><strong>enim</strong></span> <span class='ocrx_word' id='word_1_680' title='bbox 1753 4571 1910 4654; x_wconf 89' lang='lat' dir='ltr'><strong>promittit</strong></span> <span class='ocrx_word' id='word_1_681' title='bbox 1956 4589 2015 4634; x_wconf 90' lang='lat' dir='ltr'><strong>eus</strong></span> <span class='ocrx_word' id='word_1_682' title='bbox 2036 4573 2100 4655; x_wconf 91' lang='lat' dir='ltr'><strong>piis</strong></span> <span class='ocrx_word' id='word_1_683' title='bbox 2121 4581 2155 4634; x_wconf 90' lang='lat' dir='ltr'><strong>et</strong></span> <span class='ocrx_word' id='word_1_684' title='bbox 2176 4571 2406 4636; x_wconf 86' lang='lat' dir='ltr'><strong>invocantibus</strong></span> <span class='ocrx_word' id='word_1_685' title='bbox 2427 4571 2520 4634; x_wconf 89' lang='lat' dir='ltr'><strong>bona</strong></span> 
     </span>
     <span class='ocr_line' id='line_1_46' title="bbox 518 4649 2520 4742; baseline 0 -25"><span class='ocrx_word' id='word_1_686' title='bbox 518 4651 639 4739; x_wconf 85' lang='lat' dir='ltr'><strong>ligent,</strong></span> <span class='ocrx_word' id='word_1_687' title='bbox 671 4655 840 4739; x_wconf 89' lang='lat' dir='ltr'><strong>aperiente</strong></span> <span class='ocrx_word' id='word_1_688' title='bbox 862 4664 895 4716; x_wconf 87' lang='grc' dir='ltr'><strong>ιε</strong></span> <span class='ocrx_word' id='word_1_689' title='bbox 923 4673 1054 4718; x_wconf 90' lang='lat' dir='ltr'><strong>manum</strong></span> <span class='ocrx_word' id='word_1_690' title='bbox 1075 4664 1164 4717; x_wconf 89' lang='lat' dir='ltr'><strong>tuam</strong></span> <span class='ocrx_word' id='word_1_691' title='bbox 1187 4655 1296 4717; x_wconf 90' lang='lat' dir='ltr'><strong>omnia</strong></span> <span class='ocrx_word' id='word_1_692' title='bbox 1316 4649 1498 4734; x_wconf 88' lang='lat' dir='ltr'><strong>implebun·</strong></span> <span class='ocrx_word' id='word_1_693' title='bbox 1540 4668 1573 4721; x_wconf 92' lang='lat' dir='ltr'><strong>at</strong></span> <span class='ocrx_word' id='word_1_694' title='bbox 1594 4656 1736 4720; x_wconf 90' lang='lat' dir='ltr'><strong>minatur</strong></span> <span class='ocrx_word' id='word_1_695' title='bbox 1755 4674 1883 4738; x_wconf 89' lang='lat' dir='ltr'><strong>poenas</strong></span> <span class='ocrx_word' id='word_1_696' title='bbox 1905 4654 2024 4738; x_wconf 87' lang='lat' dir='ltr'><strong>impiis,</strong></span> <span class='ocrx_word' id='word_1_697' title='bbox 2047 4666 2178 4721; x_wconf 90' lang='lat' dir='ltr'><strong>constat</strong></span> <span class='ocrx_word' id='word_1_698' title='bbox 2200 4675 2274 4720; x_wconf 90' lang='lat' dir='ltr'><strong>eum</strong></span> <span class='ocrx_word' id='word_1_699' title='bbox 2291 4653 2396 4720; x_wconf 91' lang='lat' dir='ltr'><strong>libere</strong></span> <span class='ocrx_word' id='word_1_700' title='bbox 2413 4673 2520 4742; x_wconf 90' lang='lat' dir='ltr'><strong>agere</strong></span> 
     </span>
     <span class='ocr_line' id='line_1_47' title="bbox 517 4736 2520 4826; baseline 0 -24"><span class='ocrx_word' id='word_1_701' title='bbox 517 4751 573 4802; x_wconf 90' lang='lat' dir='ltr'><strong>tur</strong></span> <span class='ocrx_word' id='word_1_702' title='bbox 595 4739 764 4816; x_wconf 88' lang='lat' dir='ltr'><strong>bonitate,</strong></span> <span class='ocrx_word' id='word_1_703' title='bbox 793 4747 966 4803; x_wconf 88' lang='lat' dir='ltr'><strong>avertente</strong></span> <span class='ocrx_word' id='word_1_704' title='bbox 991 4751 1024 4801; x_wconf 89' lang='lat' dir='ltr'><strong>te</strong></span> <span class='ocrx_word' id='word_1_705' title='bbox 1046 4736 1166 4802; x_wconf 88' lang='lat' dir='ltr'><strong>faciem</strong></span> <span class='ocrx_word' id='word_1_706' title='bbox 1187 4738 1419 4814; x_wconf 87' lang='lat' dir='ltr'><strong>turbabuntur,</strong></span> <span class='ocrx_word' id='word_1_707' title='bbox 1440 4757 1497 4802; x_wconf 91' lang='lat' dir='ltr'><strong>au·</strong></span> <span class='ocrx_word' id='word_1_708' title='bbox 1539 4763 1604 4806; x_wconf 94' lang='lat' dir='ltr'><strong>nec</strong></span> <span class='ocrx_word' id='word_1_709' title='bbox 1626 4739 1796 4826; x_wconf 87' lang='lat' dir='ltr'><strong>alligatum</strong></span> <span class='ocrx_word' id='word_1_710' title='bbox 1818 4759 1894 4803; x_wconf 92' lang='lat' dir='ltr'><strong>esse</strong></span> <span class='ocrx_word' id='word_1_711' title='bbox 1916 4743 2045 4805; x_wconf 87' lang='lat' dir='ltr'><strong>caussis</strong></span> <span class='ocrx_word' id='word_1_712' title='bbox 2064 4743 2232 4819; x_wconf 87' lang='lat' dir='ltr'><strong>secundis,</strong></span> <span class='ocrx_word' id='word_1_713' title='bbox 2253 4744 2312 4806; x_wconf 91' lang='lat' dir='ltr'><strong>sed</strong></span> <span class='ocrx_word' id='word_1_714' title='bbox 2336 4739 2437 4805; x_wconf 86' lang='lat' dir='ltr'><strong>multa</strong></span> <span class='ocrx_word' id='word_1_715' title='bbox 2458 4741 2520 4804; x_wconf 92' lang='lat' dir='ltr'><strong>mi·</strong></span> 
     </span>
     <span class='ocr_line' id='line_1_48' title="bbox 516 4819 2522 4912; baseline 0 -23"><span class='ocrx_word' id='word_1_716' title='bbox 516 4823 607 4889; x_wconf 88' lang='lat' dir='ltr'><strong>feres</strong></span> <span class='ocrx_word' id='word_1_717' title='bbox 638 4825 787 4908; x_wconf 87' lang='lat' dir='ltr'><strong>spiritum</strong></span> <span class='ocrx_word' id='word_1_718' title='bbox 809 4844 942 4902; x_wconf 89' lang='lat' dir='ltr'><strong>eorum,</strong></span> <span class='ocrx_word' id='word_1_719' title='bbox 976 4834 1009 4888; x_wconf 85' lang='lat' dir='ltr'><strong>et</strong></span> <span class='ocrx_word' id='word_1_720' title='bbox 1036 4823 1206 4888; x_wconf 88' lang='lat' dir='ltr'><strong>deficient-</strong></span> <span class='ocrx_word' id='word_1_721' title='bbox 1220 4833 1252 4887; x_wconf 91' lang='lat' dir='ltr'><strong>et</strong></span> <span class='ocrx_word' id='word_1_722' title='bbox 1272 4824 1307 4886; x_wconf 94' lang='lat' dir='ltr'><strong>in</strong></span> <span class='ocrx_word' id='word_1_723' title='bbox 1328 4819 1498 4907; x_wconf 90' lang='lat' dir='ltr'><strong>pulverem</strong></span> <span class='ocrx_word' id='word_1_724' title='bbox 1541 4828 1648 4912; x_wconf 90' lang='lat' dir='ltr'><strong>tigare</strong></span> <span class='ocrx_word' id='word_1_725' title='bbox 1675 4835 1811 4908; x_wconf 88' lang='lat' dir='ltr'><strong>propter</strong></span> <span class='ocrx_word' id='word_1_726' title='bbox 1830 4826 1925 4909; x_wconf 87' lang='lat' dir='ltr'><strong>pios,</strong></span> <span class='ocrx_word' id='word_1_727' title='bbox 1957 4825 2059 4891; x_wconf 88' lang='lat' dir='ltr'><strong>multa</strong></span> <span class='ocrx_word' id='word_1_728' title='bbox 2080 4847 2281 4910; x_wconf 84' lang='lat' dir='ltr'><strong>exasperare</strong></span> <span class='ocrx_word' id='word_1_729' title='bbox 2300 4838 2437 4911; x_wconf 88' lang='lat' dir='ltr'><strong>propter</strong></span> <span class='ocrx_word' id='word_1_730' title='bbox 2458 4826 2522 4889; x_wconf 92' lang='lat' dir='ltr'><strong>irn-</strong></span> 
     </span>
     <span class='ocr_line' id='line_1_49' title="bbox 518 4909 2521 4996; baseline 0.001 -22"><span class='ocrx_word' id='word_1_731' title='bbox 518 4929 615 4974; x_wconf 91' lang='lat' dir='ltr'><strong>suum</strong></span> <span class='ocrx_word' id='word_1_732' title='bbox 636 4920 855 4974; x_wconf 91' lang='lat' dir='ltr'><strong>revertentur.</strong></span> <span class='ocrx_word' id='word_1_733' title='bbox 899 4910 1019 4973; x_wconf 89' lang='lat' dir='ltr'><strong>Emitte</strong></span> <span class='ocrx_word' id='word_1_734' title='bbox 1041 4911 1191 4993; x_wconf 84' lang='lat' dir='ltr'><strong>spiritum</strong></span> <span class='ocrx_word' id='word_1_735' title='bbox 1212 4919 1316 4986; x_wconf 91' lang='lat' dir='ltr'><strong>tuum,</strong></span> <span class='ocrx_word' id='word_1_736' title='bbox 1350 4919 1388 4972; x_wconf 80' lang='lat' dir='ltr'><strong>et·</strong></span> <span class='ocrx_word' id='word_1_737' title='bbox 1405 4927 1498 4972; x_wconf 87' lang='lat' dir='ltr'><strong>crea·</strong></span> <span class='ocrx_word' id='word_1_738' title='bbox 1540 4915 1625 4996; x_wconf 89' lang='lat' dir='ltr'><strong>pios.</strong></span> <span class='ocrx_word' id='word_1_739' title='bbox 1669 4913 1762 4978; x_wconf 84' lang='lat' dir='ltr'><strong>Sicut</strong></span> <span class='ocrx_word' id='word_1_740' title='bbox 1784 4910 1936 4993; x_wconf 84' lang='lat' dir='ltr'><strong>exempla</strong></span> <span class='ocrx_word' id='word_1_741' title='bbox 1957 4914 2146 4977; x_wconf 88' lang='lat' dir='ltr'><strong>ostendunt.</strong></span> <span class='ocrx_word' id='word_1_742' title='bbox 2190 4910 2332 4995; x_wconf 87' lang='lat' dir='ltr'><strong>Propter</strong></span> <span class='ocrx_word' id='word_1_743' title='bbox 2352 4909 2521 4976; x_wconf 91' lang='lat' dir='ltr'><strong>idolorum</strong></span> 
     </span>
     <span class='ocr_line' id='line_1_50' title="bbox 518 4991 2521 5083; baseline 0.001 -24"><span class='ocrx_word' id='word_1_744' title='bbox 518 4997 654 5072; x_wconf 90' lang='lat' dir='ltr'><strong>buntur,</strong></span> <span class='ocrx_word' id='word_1_745' title='bbox 675 5007 708 5057; x_wconf 91' lang='lat' dir='ltr'><strong>et</strong></span> <span class='ocrx_word' id='word_1_746' title='bbox 730 4995 909 5058; x_wconf 86' lang='lat' dir='ltr'><strong>renovabis</strong></span> <span class='ocrx_word' id='word_1_747' title='bbox 930 4991 1049 5059; x_wconf 88' lang='lat' dir='ltr'><strong>faciem</strong></span> <span class='ocrx_word' id='word_1_748' title='bbox 1070 5007 1191 5058; x_wconf 88' lang='lat' dir='ltr'><strong>terrae.</strong></span> <span class='ocrx_word' id='word_1_749' title='bbox 1212 4991 1305 5057; x_wconf 89' lang='lat' dir='ltr'><strong>Psal.</strong></span> <span class='ocrx_word' id='word_1_750' title='bbox 1336 4992 1409 5056; x_wconf 89' lang='grc'><strong>144.</strong></span> <span class='ocrx_word' id='word_1_751' title='bbox 1432 4998 1496 5070; x_wconf 91' lang='lat' dir='ltr'><strong>[vs.</strong></span> <span class='ocrx_word' id='word_1_752' title='bbox 1542 4996 1650 5063; x_wconf 86' lang='lat' dir='ltr'><strong>cultus</strong></span> <span class='ocrx_word' id='word_1_753' title='bbox 1672 4995 1845 5060; x_wconf 91' lang='lat' dir='ltr'><strong>triennium</strong></span> <span class='ocrx_word' id='word_1_754' title='bbox 1853 4999 1900 5073; x_wconf 79' lang='lat'><strong>³⁶)</strong></span> <span class='ocrx_word' id='word_1_755' title='bbox 1922 5017 1988 5060; x_wconf 95' lang='lat' dir='ltr'><strong>non</strong></span> <span class='ocrx_word' id='word_1_756' title='bbox 2009 4997 2093 5082; x_wconf 91' lang='lat' dir='ltr'><strong>pluit</strong></span> <span class='ocrx_word' id='word_1_757' title='bbox 2113 5011 2274 5083; x_wconf 89' lang='lat' dir='ltr'><strong>regnante</strong></span> <span class='ocrx_word' id='word_1_758' title='bbox 2296 4996 2431 5074; x_wconf 87' lang='lat' dir='ltr'><strong>Achab,</strong></span> <span class='ocrx_word' id='word_1_759' title='bbox 2455 4998 2521 5062; x_wconf 91' lang='lat' dir='ltr'><strong>sed</strong></span> 
     </span>
     <span class='ocr_line' id='line_1_51' title="bbox 520 5077 2539 5167; baseline 0 -20"><span class='ocrx_word' id='word_1_760' title='bbox 520 5081 589 5162; x_wconf 83' lang='lat'><strong>15.]</strong></span> <span class='ocrx_word' id='word_1_761' title='bbox 612 5077 711 5144; x_wconf 81' lang='lat' dir='ltr'><strong>Oculi</strong></span> <span class='ocrx_word' id='word_1_762' title='bbox 734 5081 875 5143; x_wconf 84' lang='grc' dir='ltr'>οιιιιιίιιιιι</span> <span class='ocrx_word' id='word_1_763' title='bbox 896 5079 930 5143; x_wconf 88' lang='lat' dir='ltr'><strong>in</strong></span> <span class='ocrx_word' id='word_1_764' title='bbox 952 5092 986 5143; x_wconf 88' lang='lat' dir='ltr'><strong>te</strong></span> <span class='ocrx_word' id='word_1_765' title='bbox 1008 5089 1162 5161; x_wconf 79' lang='lat' dir='ltr'><strong>sperant,</strong></span> <span class='ocrx_word' id='word_1_766' title='bbox 1191 5089 1226 5144; x_wconf 86' lang='grc' dir='ltr'><strong>ει</strong></span> <span class='ocrx_word' id='word_1_767' title='bbox 1244 5089 1282 5142; x_wconf 88' lang='lat' dir='ltr'><strong>tn</strong></span> <span class='ocrx_word' id='word_1_768' title='bbox 1303 5079 1364 5142; x_wconf 82' lang='lat' dir='ltr'><strong>das</strong></span> <span class='ocrx_word' id='word_1_769' title='bbox 1386 5097 1499 5142; x_wconf 75' lang='lat' dir='ltr'><strong>eseam</strong></span> <span class='ocrx_word' id='word_1_770' title='bbox 1540 5083 1688 5148; x_wconf 84' lang='lat' dir='ltr'><strong>redditae</strong></span> <span class='ocrx_word' id='word_1_771' title='bbox 1709 5091 1787 5144; x_wconf 89' lang='lat' dir='ltr'><strong>sunt</strong></span> <span class='ocrx_word' id='word_1_772' title='bbox 1807 5077 1938 5164; x_wconf 83' lang='lat' dir='ltr'><strong>pluviae</strong></span> <span class='ocrx_word' id='word_1_773' title='bbox 1958 5079 2032 5148; x_wconf 85' lang='lat' dir='ltr'><strong>Elia</strong></span> <span class='ocrx_word' id='word_1_774' title='bbox 2052 5093 2193 5167; x_wconf 84' lang='lat' dir='ltr'><strong>petente.</strong></span> <span class='ocrx_word' id='word_1_775' title='bbox 2216 5082 2353 5148; x_wconf 82' lang='lat' dir='ltr'><strong>Talibus</strong></span> <span class='ocrx_word' id='word_1_776' title='bbox 2370 5083 2539 5154; x_wconf 73' lang='lat' dir='ltr'><strong>testimo,</strong></span> 
     </span>
     <span class='ocr_line' id='line_1_52' title="bbox 516 5163 2522 5248; baseline 0.001 -16"><span class='ocrx_word' id='word_1_777' title='bbox 516 5163 587 5232; x_wconf 86' lang='lat' dir='ltr'><strong>illis</strong></span> <span class='ocrx_word' id='word_1_778' title='bbox 609 5169 813 5248; x_wconf 88' lang='lat' dir='ltr'><strong>intempore</strong></span> <span class='ocrx_word' id='word_1_779' title='bbox 835 5177 1032 5248; x_wconf 89' lang='lat' dir='ltr'><strong>opportuno.</strong></span> <span class='ocrx_word' id='word_1_780' title='bbox 1053 5163 1176 5248; x_wconf 87' lang='lat' dir='ltr'><strong>Aperis</strong></span> <span class='ocrx_word' id='word_1_781' title='bbox 1197 5175 1236 5229; x_wconf 94' lang='lat' dir='ltr'><strong>tu</strong></span> <span class='ocrx_word' id='word_1_782' title='bbox 1256 5184 1388 5227; x_wconf 91' lang='lat' dir='ltr'><strong>manum</strong></span> <span class='ocrx_word' id='word_1_783' title='bbox 1408 5173 1499 5226; x_wconf 89' lang='lat' dir='ltr'><strong>tuam</strong></span> <span class='ocrx_word' id='word_1_784' title='bbox 1540 5171 1604 5233; x_wconf 89' lang='lat' dir='ltr'><strong>niis</strong></span> <span class='ocrx_word' id='word_1_785' title='bbox 1626 5166 1871 5233; x_wconf 81' lang='lat' dir='ltr'><strong>continuandae</strong></span> <span class='ocrx_word' id='word_1_786' title='bbox 1893 5179 1970 5232; x_wconf 90' lang='lat' dir='ltr'><strong>sunt</strong></span> <span class='ocrx_word' id='word_1_787' title='bbox 1992 5180 2120 5234; x_wconf 88' lang='lat' dir='ltr'><strong>mentes</strong></span> <span class='ocrx_word' id='word_1_788' title='bbox 2142 5169 2175 5234; x_wconf 90' lang='lat' dir='ltr'><strong>in</strong></span> <span class='ocrx_word' id='word_1_789' title='bbox 2196 5169 2417 5236; x_wconf 81' lang='lat' dir='ltr'><strong>invocatione.</strong></span> <span class='ocrx_word' id='word_1_790' title='bbox 2439 5168 2522 5234; x_wconf 91' lang='lat' dir='ltr'><strong>Non</strong></span> 
     </span>
     <span class='ocr_line' id='line_1_53' title="bbox 520 5246 2524 5338; baseline 0.001 -21"><span class='ocrx_word' id='word_1_791' title='bbox 520 5264 554 5317; x_wconf 88' lang='lat' dir='ltr'><strong>et</strong></span> <span class='ocrx_word' id='word_1_792' title='bbox 575 5247 695 5336; x_wconf 87' lang='lat' dir='ltr'><strong>imples</strong></span> <span class='ocrx_word' id='word_1_793' title='bbox 718 5271 818 5316; x_wconf 87' lang='lat' dir='ltr'><strong>omne</strong></span> <span class='ocrx_word' id='word_1_794' title='bbox 838 5248 959 5315; x_wconf 88' lang='lat' dir='ltr'><strong>animal</strong></span> <span class='ocrx_word' id='word_1_795' title='bbox 980 5251 1219 5316; x_wconf 90' lang='lat' dir='ltr'><strong>benedictione.</strong></span> <span class='ocrx_word' id='word_1_796' title='bbox 1241 5246 1333 5313; x_wconf 83' lang='lat' dir='ltr'><strong>Psal.</strong></span> <span class='ocrx_word' id='word_1_797' title='bbox 1355 5247 1408 5312; x_wconf 72' lang='lat'><strong>32.</strong></span> <span class='ocrx_word' id='word_1_798' title='bbox 1432 5254 1498 5326; x_wconf 88' lang='lat' dir='ltr'><strong>[vs.</strong></span> <span class='ocrx_word' id='word_1_799' title='bbox 1542 5255 1628 5318; x_wconf 90' lang='lat' dir='ltr'><strong>enim</strong></span> <span class='ocrx_word' id='word_1_800' title='bbox 1656 5262 1797 5338; x_wconf 88' lang='lat' dir='ltr'><strong>possunt</strong></span> <span class='ocrx_word' id='word_1_801' title='bbox 1822 5273 1844 5318; x_wconf 89' lang='lat' dir='ltr'><strong>a</strong></span> <span class='ocrx_word' id='word_1_802' title='bbox 1862 5251 1938 5318; x_wconf 91' lang='lat' dir='ltr'><strong>Deo</strong></span> <span class='ocrx_word' id='word_1_803' title='bbox 1959 5265 2074 5337; x_wconf 87' lang='lat' dir='ltr'><strong>petere</strong></span> <span class='ocrx_word' id='word_1_804' title='bbox 2094 5253 2218 5319; x_wconf 88' lang='lat' dir='ltr'><strong>victum</strong></span> <span class='ocrx_word' id='word_1_805' title='bbox 2240 5267 2273 5318; x_wconf 91' lang='lat' dir='ltr'><strong>et</strong></span> <span class='ocrx_word' id='word_1_806' title='bbox 2294 5259 2383 5319; x_wconf 90' lang='lat' dir='ltr'><strong>vitae</strong></span> <span class='ocrx_word' id='word_1_807' title='bbox 2404 5251 2524 5320; x_wconf 90' lang='lat' dir='ltr'><strong>defen-</strong></span> 
     </span>
    </p>
   </div>
   <div class='ocr_carea' id='block_1_3' title="bbox 519 5423 716 5438">
    <p class='ocr_par' dir='ltr' id='par_1_3' title="bbox 519 5423 716 5438">
     <span class='ocr_line' id='line_1_54' title="bbox 519 5423 716 5438; baseline -0.015 0"><span class='ocrx_word' id='word_1_808' title='bbox 519 5423 716 5438; x_wconf 58' lang='grc'><strong>*1</strong></span> 
     </span>
    </p>
   </div>
   <div class='ocr_carea' id='block_1_4' title="bbox 519 5506 2269 5682">
    <p class='ocr_par' dir='ltr' id='par_1_4' title="bbox 519 5506 2269 5682">
     <span class='ocr_line' id='line_1_55' title="bbox 519 5506 2269 5578; baseline -0.002 -14"><span class='ocrx_word' id='word_1_809' title='bbox 519 5511 568 5577; x_wconf 75' lang='grc'><strong>82)</strong></span> <span class='ocrx_word' id='word_1_810' title='bbox 590 5510 677 5578; x_wconf 75' lang='lat' dir='ltr'><strong>tadei]</strong></span> <span class='ocrx_word' id='word_1_811' title='bbox 696 5510 770 5564; x_wconf 77' lang='lat' dir='ltr'><strong>Etttt.</strong></span> <span class='ocrx_word' id='word_1_812' title='bbox 787 5509 829 5559; x_wconf 74' lang='lat' dir='ltr'><strong>ii.</strong></span> <span class='ocrx_word' id='word_1_813' title='bbox 847 5509 889 5559; x_wconf 76' lang='lat'><strong>24.</strong></span> <span class='ocrx_word' id='word_1_814' title='bbox 908 5509 950 5563; x_wconf 76' lang='lat'><strong>28.</strong></span> <span class='ocrx_word' id='word_1_815' title='bbox 967 5508 1019 5568; x_wconf 79' lang='lat'><strong>30..</strong></span> <span class='ocrx_word' id='word_1_816' title='bbox 1035 5509 1097 5574; x_wconf 80' lang='lat' dir='ltr'><strong>opp.</strong></span> <span class='ocrx_word' id='word_1_817' title='bbox 1117 5511 1140 5559; x_wconf 90' lang='lat'><strong>1.</strong></span> <span class='ocrx_word' id='word_1_818' title='bbox 1157 5511 1183 5562; x_wconf 82' lang='grc'><strong>2.</strong></span> <span class='ocrx_word' id='word_1_819' title='bbox 1202 5506 1271 5562; x_wconf 82' lang='lat' dir='ltr'><strong>eadit</strong></span> <span class='ocrx_word' id='word_1_820' title='bbox 1543 5509 1590 5575; x_wconf 87' lang='grc'><strong>84)</strong></span> <span class='ocrx_word' id='word_1_821' title='bbox 1608 5511 1679 5564; x_wconf 82' lang='lat' dir='ltr'><strong>Deut.</strong></span> <span class='ocrx_word' id='word_1_822' title='bbox 1697 5511 1740 5563; x_wconf 84' lang='lat' dir='ltr'><strong>to.</strong></span> <span class='ocrx_word' id='word_1_823' title='bbox 1759 5537 1793 5548; x_wconf 92' lang='lat'>-</span> <span class='ocrx_word' id='word_1_824' title='bbox 1810 5513 1921 5566; x_wconf 83' lang='lat' dir='ltr'><strong>tuorum.</strong></span> <span class='ocrx_word' id='word_1_825' title='bbox 1938 5511 2042 5566; x_wconf 71' lang='lat' dir='ltr'><strong>admi</strong></span> <span class='ocrx_word' id='word_1_826' title='bbox 2058 5511 2095 5566; x_wconf 72' lang='lat' dir='ltr'><strong>ab</strong></span> <span class='ocrx_word' id='word_1_827' title='bbox 2112 5509 2185 5565; x_wconf 71' lang='lat' dir='ltr'><strong>litlllt.</strong></span> <span class='ocrx_word' id='word_1_828' title='bbox 2204 5512 2226 5564; x_wconf 93' lang='lat' dir='ltr'><strong>l.</strong></span> <span class='ocrx_word' id='word_1_829' title='bbox 2244 5513 2269 5564; x_wconf 74' lang='grc'><strong>3.</strong></span> 
     </span>
     <span class='ocr_line' id='line_1_56' title="bbox 519 5611 2148 5682; baseline 0 -14"><span class='ocrx_word' id='word_1_830' title='bbox 519 5613 569 5680; x_wconf 77' lang='grc' dir='ltr'>ιιι)</span> <span class='ocrx_word' id='word_1_831' title='bbox 587 5613 734 5682; x_wconf 76' lang='lat' dir='ltr'><strong>expromt]</strong></span> <span class='ocrx_word' id='word_1_832' title='bbox 752 5613 827 5668; x_wconf 76' lang='lat' dir='ltr'><strong>Edltt.</strong></span> <span class='ocrx_word' id='word_1_833' title='bbox 845 5613 888 5663; x_wconf 72' lang='lat' dir='ltr'><strong>ti.</strong></span> <span class='ocrx_word' id='word_1_834' title='bbox 904 5613 947 5664; x_wconf 73' lang='lat'><strong>24.</strong></span> <span class='ocrx_word' id='word_1_835' title='bbox 964 5611 1075 5662; x_wconf 73' lang='grc' dir='ltr'>ιιι-34</span> <span class='ocrx_word' id='word_1_836' title='bbox 1094 5613 1156 5676; x_wconf 84' lang='lat' dir='ltr'><strong>opp.</strong></span> <span class='ocrx_word' id='word_1_837' title='bbox 1176 5613 1201 5661; x_wconf 87' lang='lat'><strong>1.</strong></span> <span class='ocrx_word' id='word_1_838' title='bbox 1218 5613 1243 5661; x_wconf 78' lang='grc' dir='ltr'><strong>ι.</strong></span> <span class='ocrx_word' id='word_1_839' title='bbox 1260 5615 1397 5676; x_wconf 81' lang='lat' dir='ltr'><strong>expectent</strong></span> <span class='ocrx_word' id='word_1_840' title='bbox 1519 5635 1524 5664; x_wconf 86' lang='lat' dir='ltr'><strong>t</strong></span> <span class='ocrx_word' id='word_1_841' title='bbox 1544 5611 1592 5678; x_wconf 77' lang='lat'><strong>85)</strong></span> <span class='ocrx_word' id='word_1_842' title='bbox 1611 5612 1760 5678; x_wconf 85' lang='lat' dir='ltr'><strong>triennum]</strong></span> <span class='ocrx_word' id='word_1_843' title='bbox 1778 5613 1852 5667; x_wconf 68' lang='lat' dir='ltr'><strong>satta</strong></span> <span class='ocrx_word' id='word_1_844' title='bbox 1873 5616 1896 5668; x_wconf 86' lang='lat' dir='ltr'><strong>t·</strong></span> <span class='ocrx_word' id='word_1_845' title='bbox 1913 5617 1937 5668; x_wconf 83' lang='grc' dir='ltr'><strong>ι.</strong></span> <span class='ocrx_word' id='word_1_846' title='bbox 1955 5617 1979 5668; x_wconf 83' lang='lat' dir='ltr'><strong>t.</strong></span> <span class='ocrx_word' id='word_1_847' title='bbox 1999 5614 2023 5668; x_wconf 85' lang='grc'><strong>7.</strong></span> <span class='ocrx_word' id='word_1_848' title='bbox 2039 5613 2148 5668; x_wconf 74' lang='lat' dir='ltr'><strong>menno</strong></span> 
     </span>
    </p>
   </div>
   <div class='ocr_carea' id='block_1_5' title="bbox 0 0 2949 6724">
    <p class='ocr_par' dir='ltr' id='par_1_5' title="bbox 0 0 2949 6724">
     <span class='ocr_line' id='line_1_57' title="bbox 0 0 2949 6724; baseline 0 0"><span class='ocrx_word' id='word_1_849' title='bbox 0 0 2949 6724; x_wconf 95' lang='lat' dir='ltr'><strong> </strong></span> 
     </span>
    </p>
   </div>
  </div>
 </body>
</html>
