<?xml version="1.0" encoding="UTF-8"?>
<!DOCTYPE html PUBLIC "-//W3C//DTD XHTML 1.0 Transitional//EN"
    "http://www.w3.org/TR/xhtml1/DTD/xhtml1-transitional.dtd">
<html xmlns="http://www.w3.org/1999/xhtml" xml:lang="en" lang="en">
 <head>
  <title>
</title>
<meta http-equiv="Content-Type" content="text/html;charset=utf-8" />
  <meta name='ocr-system' content='tesseract 3.04.00' />
  <meta name='ocr-capabilities' content='ocr_page ocr_carea ocr_par ocr_line ocrx_word'/>
</head>
<body>
  <div class='ocr_page' id='page_1' title='image "./philippimelanth08melagoog_0276.png"; bbox 0 0 5859 6734; ppageno 0'>
   <div class='ocr_carea' id='block_1_1' title="bbox 516 689 2512 778">
    <p class='ocr_par' dir='ltr' id='par_1_1' title="bbox 516 689 2512 778">
     <span class='ocr_line' id='line_1_1' title="bbox 516 689 2512 778; baseline 0.003 -21"><span class='ocrx_word' id='word_1_1' title='bbox 516 709 581 778; x_wconf 63' lang='lat'>523</span> <span class='ocrx_word' id='word_1_2' title='bbox 1146 694 1256 759; x_wconf 87' lang='lat' dir='ltr'>PHlL.</span> <span class='ocrx_word' id='word_1_3' title='bbox 1273 693 1377 758; x_wconf 85' lang='lat' dir='ltr'>MEL.</span> <span class='ocrx_word' id='word_1_4' title='bbox 1395 691 1581 757; x_wconf 81' lang='lat' dir='ltr'>SCRIPTA</span> <span class='ocrx_word' id='word_1_5' title='bbox 1597 689 1872 755; x_wconf 82' lang='lat' dir='ltr'>DOGMATICA.</span> <span class='ocrx_word' id='word_1_6' title='bbox 2314 721 2316 726; x_wconf 56' lang='lat'><strong><em>¹</em></strong></span> <span class='ocrx_word' id='word_1_7' title='bbox 2445 699 2512 764; x_wconf 70' lang='lat'>524</span> 
     </span>
    </p>
   </div>
   <div class='ocr_carea' id='block_1_2' title="bbox 518 872 2511 2734">
    <p class='ocr_par' dir='ltr' id='par_1_2' title="bbox 518 872 2511 2734">
     <span class='ocr_line' id='line_1_2' title="bbox 518 872 2403 978; baseline -0.01 -18"><span class='ocrx_word' id='word_1_8' title='bbox 518 891 775 978; x_wconf 83' lang='lat' dir='ltr'>Prophetarum3</span> <span class='ocrx_word' id='word_1_9' title='bbox 798 906 872 949; x_wconf 89' lang='lat' dir='ltr'>cum</span> <span class='ocrx_word' id='word_1_10' title='bbox 892 886 993 968; x_wconf 85' lang='lat' dir='ltr'>igitur</span> <span class='ocrx_word' id='word_1_11' title='bbox 1010 877 1224 964; x_wconf 88' lang='lat' dir='ltr'>Evangelium</span> <span class='ocrx_word' id='word_1_12' title='bbox 1248 875 1337 942; x_wconf 90' lang='lat' dir='ltr'>clare</span> <span class='ocrx_word' id='word_1_13' title='bbox 1358 877 1490 955; x_wconf 86' lang='lat' dir='ltr'>doceat,</span> <span class='ocrx_word' id='word_1_14' title='bbox 1637 872 1698 936; x_wconf 88' lang='lat' dir='ltr'>DE</span> <span class='ocrx_word' id='word_1_15' title='bbox 1719 872 2087 938; x_wconf 78' lang='lat' dir='ltr'><strong>RESURRECTIONE</strong></span> <span class='ocrx_word' id='word_1_16' title='bbox 2109 874 2403 942; x_wconf 82' lang='lat' dir='ltr'>MORTUORUM.</span> 
     </span>
     <span class='ocr_line' id='line_1_3' title="bbox 518 961 1490 1064; baseline -0.019 -23"><span class='ocrx_word' id='word_1_17' title='bbox 518 995 656 1064; x_wconf 85' lang='lat' dir='ltr'>regnum</span> <span class='ocrx_word' id='word_1_18' title='bbox 677 971 801 1037; x_wconf 79' lang='lat' dir='ltr'>Christi</span> <span class='ocrx_word' id='word_1_19' title='bbox 823 989 900 1034; x_wconf 89' lang='lat' dir='ltr'>esse</span> <span class='ocrx_word' id='word_1_20' title='bbox 923 964 1113 1049; x_wconf 75' lang='lat' dir='ltr'>spirituale,</span> <span class='ocrx_word' id='word_1_21' title='bbox 1141 962 1259 1026; x_wconf 84' lang='lat' dir='ltr'>afferre</span> <span class='ocrx_word' id='word_1_22' title='bbox 1286 962 1375 1025; x_wconf 93' lang='lat' dir='ltr'>bona</span> <span class='ocrx_word' id='word_1_23' title='bbox 1398 961 1490 1044; x_wconf 87' lang='lat' dir='ltr'>spiri-</span> 
     </span>
     <span class='ocr_line' id='line_1_4' title="bbox 519 1039 2506 1131; baseline -0.008 -4"><span class='ocrx_word' id='word_1_24' title='bbox 519 1060 622 1128; x_wconf 86' lang='lat' dir='ltr'>tualia</span> <span class='ocrx_word' id='word_1_25' title='bbox 650 1069 683 1122; x_wconf 91' lang='lat' dir='ltr'>et</span> <span class='ocrx_word' id='word_1_26' title='bbox 709 1068 862 1130; x_wconf 89' lang='lat' dir='ltr'>aeterna,</span> <span class='ocrx_word' id='word_1_27' title='bbox 895 1073 957 1114; x_wconf 89' lang='lat' dir='ltr'>uec</span> <span class='ocrx_word' id='word_1_28' title='bbox 984 1067 1149 1131; x_wconf 88' lang='lat' dir='ltr'>occupare</span> <span class='ocrx_word' id='word_1_29' title='bbox 1178 1046 1430 1109; x_wconf 84' lang='lat' dir='ltr'>dominationem</span> <span class='ocrx_word' id='word_1_30' title='bbox 1456 1046 1491 1108; x_wconf 89' lang='lat' dir='ltr'>in</span> <span class='ocrx_word' id='word_1_31' title='bbox 1618 1039 1786 1104; x_wconf 85' lang='lat' dir='ltr'>Articulus</span> <span class='ocrx_word' id='word_1_32' title='bbox 1809 1042 1851 1104; x_wconf 92' lang='lat' dir='ltr'>de</span> <span class='ocrx_word' id='word_1_33' title='bbox 1872 1044 1940 1104; x_wconf 90' lang='lat' dir='ltr'>vita</span> <span class='ocrx_word' id='word_1_34' title='bbox 1957 1053 2092 1105; x_wconf 91' lang='lat' dir='ltr'>aeterna</span> <span class='ocrx_word' id='word_1_35' title='bbox 2110 1055 2144 1105; x_wconf 93' lang='lat' dir='ltr'>et</span> <span class='ocrx_word' id='word_1_36' title='bbox 2161 1046 2405 1110; x_wconf 82' lang='lat' dir='ltr'>resurrectione</span> <span class='ocrx_word' id='word_1_37' title='bbox 2422 1069 2506 1112; x_wconf 89' lang='lat' dir='ltr'>mor-</span> 
     </span>
     <span class='ocr_line' id='line_1_5' title="bbox 519 1125 2504 1221; baseline -0.008 -11"><span class='ocrx_word' id='word_1_38' title='bbox 519 1145 659 1221; x_wconf 87' lang='lat' dir='ltr'>mundo,</span> <span class='ocrx_word' id='word_1_39' title='bbox 682 1142 742 1205; x_wconf 88' lang='lat' dir='ltr'>sed</span> <span class='ocrx_word' id='word_1_40' title='bbox 764 1159 816 1203; x_wconf 87' lang='lat' dir='ltr'>ma</span> <span class='ocrx_word' id='word_1_41' title='bbox 841 1141 868 1199; x_wconf 91' lang='lat' dir='ltr'>&#39;s</span> <span class='ocrx_word' id='word_1_42' title='bbox 890 1138 955 1219; x_wconf 91' lang='lat' dir='ltr'>pati</span> <span class='ocrx_word' id='word_1_43' title='bbox 979 1132 1252 1216; x_wconf 88' lang='lat' dir='ltr'>persecutionem,</span> <span class='ocrx_word' id='word_1_44' title='bbox 1276 1130 1434 1194; x_wconf 89' lang='lat' dir='ltr'>dehemus</span> <span class='ocrx_word' id='word_1_45' title='bbox 1458 1141 1492 1191; x_wconf 93' lang='lat' dir='ltr'>et</span> <span class='ocrx_word' id='word_1_46' title='bbox 1533 1138 1664 1190; x_wconf 89' lang='lat' dir='ltr'>tuorum</span> <span class='ocrx_word' id='word_1_47' title='bbox 1701 1137 1754 1187; x_wconf 88' lang='lat' dir='ltr'>est</span> <span class='ocrx_word' id='word_1_48' title='bbox 1785 1125 1869 1188; x_wconf 91' lang='lat' dir='ltr'>inter</span> <span class='ocrx_word' id='word_1_49' title='bbox 1901 1125 2098 1207; x_wconf 90' lang='lat' dir='ltr'>praecipuos</span> <span class='ocrx_word' id='word_1_50' title='bbox 2131 1125 2289 1190; x_wconf 80' lang='lat' dir='ltr'>articulos</span> <span class='ocrx_word' id='word_1_51' title='bbox 2322 1129 2504 1216; x_wconf 76' lang='lat' dir='ltr'>Evangelii.</span> 
     </span>
     <span class='ocr_line' id='line_1_6' title="bbox 521 1145 2505 1312; baseline -0.007 -20"><span class='ocrx_word' id='word_1_52' title='bbox 521 1226 706 1312; x_wconf 86' lang='lat' dir='ltr'>Prophetas</span> <span class='ocrx_word' id='word_1_53' title='bbox 748 1145 933 1307; x_wconf 62' lang='lat' dir='ltr'>intehlgere</span> <span class='ocrx_word' id='word_1_54' title='bbox 972 1222 1061 1282; x_wconf 90' lang='lat' dir='ltr'>iuxta</span> <span class='ocrx_word' id='word_1_55' title='bbox 1099 1211 1324 1298; x_wconf 88' lang='lat' dir='ltr'>Evangelium.</span> <span class='ocrx_word' id='word_1_56' title='bbox 1376 1213 1491 1295; x_wconf 83' lang='lat' dir='ltr'>ltaque</span> <span class='ocrx_word' id='word_1_57' title='bbox 1534 1211 1610 1273; x_wconf 93' lang='lat' dir='ltr'>ldeo</span> <span class='ocrx_word' id='word_1_58' title='bbox 1640 1211 1673 1272; x_wconf 93' lang='lat' dir='ltr'>in</span> <span class='ocrx_word' id='word_1_59' title='bbox 1693 1209 1789 1271; x_wconf 91' lang='lat' dir='ltr'>Novo</span> <span class='ocrx_word' id='word_1_60' title='bbox 1812 1207 2024 1272; x_wconf 88' lang='lat' dir='ltr'>Testamento</span> <span class='ocrx_word' id='word_1_61' title='bbox 2053 1207 2235 1273; x_wconf 79' lang='lat' dir='ltr'>clarissime</span> <span class='ocrx_word' id='word_1_62' title='bbox 2256 1217 2450 1293; x_wconf 85' lang='lat' dir='ltr'>proponitur</span> <span class='ocrx_word' id='word_1_63' title='bbox 2472 1230 2505 1280; x_wconf 92' lang='lat' dir='ltr'>et</span> 
     </span>
     <span class='ocr_line' id='line_1_7' title="bbox 521 1289 2506 1398; baseline -0.007 -22"><span class='ocrx_word' id='word_1_64' title='bbox 521 1310 675 1398; x_wconf 79' lang='lat' dir='ltr'>Apostoli</span> <span class='ocrx_word' id='word_1_65' title='bbox 712 1309 746 1372; x_wconf 88' lang='lat' dir='ltr'>in</span> <span class='ocrx_word' id='word_1_66' title='bbox 776 1309 872 1372; x_wconf 86' lang='lat' dir='ltr'>Actis</span> <span class='ocrx_word' id='word_1_67' title='bbox 901 1312 986 1385; x_wconf 90' lang='lat' dir='ltr'>[cap.</span> <span class='ocrx_word' id='word_1_68' title='bbox 1019 1302 1064 1379; x_wconf 70' lang='lat'>2]</span> <span class='ocrx_word' id='word_1_69' title='bbox 1098 1301 1280 1364; x_wconf 87' lang='lat' dir='ltr'>sententias</span> <span class='ocrx_word' id='word_1_70' title='bbox 1313 1298 1355 1362; x_wconf 94' lang='lat' dir='ltr'>de</span> <span class='ocrx_word' id='word_1_71' title='bbox 1385 1316 1490 1380; x_wconf 83' lang='lat' dir='ltr'>regno</span> <span class='ocrx_word' id='word_1_72' title='bbox 1535 1313 1637 1376; x_wconf 89' lang='lat' dir='ltr'>saepe</span> <span class='ocrx_word' id='word_1_73' title='bbox 1654 1289 1847 1356; x_wconf 88' lang='lat' dir='ltr'>inculcatur.</span> <span class='ocrx_word' id='word_1_74' title='bbox 1881 1292 1923 1355; x_wconf 89' lang='lat' dir='ltr'>Et</span> <span class='ocrx_word' id='word_1_75' title='bbox 1941 1294 1982 1355; x_wconf 93' lang='lat' dir='ltr'>de</span> <span class='ocrx_word' id='word_1_76' title='bbox 2001 1312 2042 1354; x_wconf 91' lang='lat' dir='ltr'>eo</span> <span class='ocrx_word' id='word_1_77' title='bbox 2061 1303 2173 1356; x_wconf 85' lang='lat' dir='ltr'>extant</span> <span class='ocrx_word' id='word_1_78' title='bbox 2191 1297 2367 1358; x_wconf 77' lang='lat' dir='ltr'>conciones</span> <span class='ocrx_word' id='word_1_79' title='bbox 2382 1297 2506 1363; x_wconf 85' lang='lat' dir='ltr'>Christi</span> 
     </span>
     <span class='ocr_line' id='line_1_8' title="bbox 522 1375 2506 1480; baseline -0.014 -21"><span class='ocrx_word' id='word_1_80' title='bbox 522 1397 686 1480; x_wconf 86' lang='lat' dir='ltr'>promisso</span> <span class='ocrx_word' id='word_1_81' title='bbox 709 1392 830 1456; x_wconf 90' lang='lat' dir='ltr'>Davidi</span> <span class='ocrx_word' id='word_1_82' title='bbox 857 1388 946 1452; x_wconf 86' lang='lat' dir='ltr'>clare</span> <span class='ocrx_word' id='word_1_83' title='bbox 974 1383 1176 1450; x_wconf 84' lang='lat' dir='ltr'>transierunt</span> <span class='ocrx_word' id='word_1_84' title='bbox 1202 1383 1246 1446; x_wconf 90' lang='lat' dir='ltr'>ad</span> <span class='ocrx_word' id='word_1_85' title='bbox 1266 1380 1333 1445; x_wconf 91' lang='lat' dir='ltr'>hoc</span> <span class='ocrx_word' id='word_1_86' title='bbox 1353 1400 1492 1465; x_wconf 86' lang='lat' dir='ltr'>regnum</span> <span class='ocrx_word' id='word_1_87' title='bbox 1533 1375 1827 1442; x_wconf 81' lang='lat' dir='ltr'>manifestissimae.</span> <span class='ocrx_word' id='word_1_88' title='bbox 1869 1375 1987 1439; x_wconf 85' lang='lat' dir='ltr'>Matth.</span> <span class='ocrx_word' id='word_1_89' title='bbox 2004 1375 2057 1439; x_wconf 67' lang='lat'>25.</span> <span class='ocrx_word' id='word_1_90' title='bbox 2072 1378 2119 1461; x_wconf 71' lang='lat'>⁹⁸)</span> <span class='ocrx_word' id='word_1_91' title='bbox 2147 1383 2211 1455; x_wconf 92' lang='lat' dir='ltr'>[vs.</span> <span class='ocrx_word' id='word_1_92' title='bbox 2233 1377 2300 1456; x_wconf 73' lang='lat' dir='ltr'>ta]</span> <span class='ocrx_word' id='word_1_93' title='bbox 2323 1379 2389 1443; x_wconf 86' lang='lat' dir='ltr'>Ubi</span> <span class='ocrx_word' id='word_1_94' title='bbox 2411 1381 2506 1447; x_wconf 88' lang='lat' dir='ltr'>Chri.</span> 
     </span>
     <span class='ocr_line' id='line_1_9' title="bbox 523 1458 2506 1566; baseline -0.007 -22"><span class='ocrx_word' id='word_1_95' title='bbox 523 1475 703 1566; x_wconf 81' lang='lat' dir='ltr'>spirituale,</span> <span class='ocrx_word' id='word_1_96' title='bbox 724 1477 906 1539; x_wconf 78' lang='lat' dir='ltr'>subiectum</span> <span class='ocrx_word' id='word_1_97' title='bbox 926 1470 1150 1555; x_wconf 84' lang='lat' dir='ltr'>persecutioni</span> <span class='ocrx_word' id='word_1_98' title='bbox 1172 1480 1232 1532; x_wconf 91' lang='lat' dir='ltr'>etc.</span> <span class='ocrx_word' id='word_1_99' title='bbox 1274 1466 1316 1528; x_wconf 90' lang='lat' dir='ltr'>Et</span> <span class='ocrx_word' id='word_1_100' title='bbox 1338 1464 1491 1530; x_wconf 86' lang='lat' dir='ltr'>Christus</span> <span class='ocrx_word' id='word_1_101' title='bbox 1534 1475 1605 1528; x_wconf 87' lang='lat' dir='ltr'>stus</span> <span class='ocrx_word' id='word_1_102' title='bbox 1628 1462 1719 1526; x_wconf 87' lang='lat' dir='ltr'>clare</span> <span class='ocrx_word' id='word_1_103' title='bbox 1741 1458 1882 1526; x_wconf 87' lang='lat' dir='ltr'>affimrat</span> <span class='ocrx_word' id='word_1_104' title='bbox 1904 1462 2009 1523; x_wconf 90' lang='lat' dir='ltr'>iustos</span> <span class='ocrx_word' id='word_1_105' title='bbox 2031 1459 2201 1525; x_wconf 87' lang='lat' dir='ltr'>habituros</span> <span class='ocrx_word' id='word_1_106' title='bbox 2219 1481 2294 1526; x_wconf 88' lang='lat' dir='ltr'>esse</span> <span class='ocrx_word' id='word_1_107' title='bbox 2311 1476 2506 1545; x_wconf 89' lang='lat' dir='ltr'>perpetuam</span> 
     </span>
     <span class='ocr_line' id='line_1_10' title="bbox 523 1547 2505 1647; baseline -0.007 -21"><span class='ocrx_word' id='word_1_108' title='bbox 523 1561 731 1647; x_wconf 82' lang='lat' dir='ltr'>reprehendit</span> <span class='ocrx_word' id='word_1_109' title='bbox 758 1561 833 1643; x_wconf 92' lang='lat' dir='ltr'>ipse</span> <span class='ocrx_word' id='word_1_110' title='bbox 859 1554 1060 1640; x_wconf 83' lang='lat' dir='ltr'>Apostolos,</span> <span class='ocrx_word' id='word_1_111' title='bbox 1094 1573 1167 1616; x_wconf 89' lang='lat' dir='ltr'>cum</span> <span class='ocrx_word' id='word_1_112' title='bbox 1200 1551 1362 1614; x_wconf 91' lang='lat' dir='ltr'>haberent</span> <span class='ocrx_word' id='word_1_113' title='bbox 1388 1549 1493 1613; x_wconf 88' lang='lat' dir='ltr'>ludai-</span> <span class='ocrx_word' id='word_1_114' title='bbox 1534 1547 1709 1623; x_wconf 89' lang='lat' dir='ltr'>laetitiam,</span> <span class='ocrx_word' id='word_1_115' title='bbox 1737 1547 1855 1628; x_wconf 91' lang='lat' dir='ltr'>impios</span> <span class='ocrx_word' id='word_1_116' title='bbox 1877 1565 1958 1610; x_wconf 91' lang='lat' dir='ltr'>vero</span> <span class='ocrx_word' id='word_1_117' title='bbox 1980 1557 2174 1628; x_wconf 87' lang='lat' dir='ltr'>perpetuam</span> <span class='ocrx_word' id='word_1_118' title='bbox 2194 1547 2355 1610; x_wconf 86' lang='lat' dir='ltr'>tristitiam</span> <span class='ocrx_word' id='word_1_119' title='bbox 2377 1559 2409 1611; x_wconf 92' lang='lat' dir='ltr'>et</span> <span class='ocrx_word' id='word_1_120' title='bbox 2431 1569 2505 1613; x_wconf 89' lang='lat' dir='ltr'>cru·</span> 
     </span>
     <span class='ocr_line' id='line_1_11' title="bbox 524 1629 2504 1728; baseline -0.008 -17"><span class='ocrx_word' id='word_1_121' title='bbox 524 1668 597 1711; x_wconf 90' lang='lat' dir='ltr'>oaru</span> <span class='ocrx_word' id='word_1_122' title='bbox 628 1645 895 1728; x_wconf 89' lang='lat' dir='ltr'>persuasionem,</span> <span class='ocrx_word' id='word_1_123' title='bbox 939 1661 980 1705; x_wconf 89' lang='lat' dir='ltr'>ac</span> <span class='ocrx_word' id='word_1_124' title='bbox 1011 1649 1167 1723; x_wconf 87' lang='lat' dir='ltr'>putarent</span> <span class='ocrx_word' id='word_1_125' title='bbox 1199 1656 1238 1700; x_wconf 91' lang='lat' dir='ltr'>se</span> <span class='ocrx_word' id='word_1_126' title='bbox 1269 1644 1492 1717; x_wconf 87' lang='lat' dir='ltr'>occupaturos</span> <span class='ocrx_word' id='word_1_127' title='bbox 1536 1634 1639 1696; x_wconf 88' lang='lat' dir='ltr'>ciatus</span> <span class='ocrx_word' id='word_1_128' title='bbox 1662 1633 1734 1695; x_wconf 91' lang='lat' dir='ltr'>sine</span> <span class='ocrx_word' id='word_1_129' title='bbox 1755 1629 1829 1694; x_wconf 88' lang='lat' dir='ltr'>line.</span> <span class='ocrx_word' id='word_1_130' title='bbox 1873 1630 1916 1694; x_wconf 91' lang='lat' dir='ltr'>Et</span> <span class='ocrx_word' id='word_1_131' title='bbox 1937 1629 2026 1693; x_wconf 87' lang='lat' dir='ltr'>loan.</span> <span class='ocrx_word' id='word_1_132' title='bbox 2051 1648 2122 1711; x_wconf 89' lang='lat' dir='ltr'>cap.</span> <span class='ocrx_word' id='word_1_133' title='bbox 2145 1629 2177 1691; x_wconf 89' lang='lat'>5.</span> <span class='ocrx_word' id='word_1_134' title='bbox 2199 1631 2275 1693; x_wconf 89' lang='lat' dir='ltr'>item</span> <span class='ocrx_word' id='word_1_135' title='bbox 2296 1630 2327 1693; x_wconf 88' lang='grc'>6.</span> <span class='ocrx_word' id='word_1_136' title='bbox 2351 1636 2416 1709; x_wconf 90' lang='lat' dir='ltr'>[vs.</span> <span class='ocrx_word' id='word_1_137' title='bbox 2436 1634 2504 1712; x_wconf 71' lang='lat' dir='ltr'>ab]</span> 
     </span>
     <span class='ocr_line' id='line_1_12' title="bbox 523 1711 2506 1797; baseline -0.007 -2"><span class='ocrx_word' id='word_1_138' title='bbox 523 1749 601 1796; x_wconf 88' lang='lat' dir='ltr'>esse</span> <span class='ocrx_word' id='word_1_139' title='bbox 620 1729 731 1793; x_wconf 89' lang='lat' dir='ltr'>mundi</span> <span class='ocrx_word' id='word_1_140' title='bbox 751 1728 793 1790; x_wconf 90' lang='lat' dir='ltr'>im</span> <span class='ocrx_word' id='word_1_141' title='bbox 817 1727 893 1790; x_wconf 86' lang='lat' dir='ltr'>cria.</span> <span class='ocrx_word' id='word_1_142' title='bbox 1537 1718 1627 1781; x_wconf 86' lang='lat' dir='ltr'>llaec</span> <span class='ocrx_word' id='word_1_143' title='bbox 1648 1726 1700 1779; x_wconf 92' lang='lat' dir='ltr'>est</span> <span class='ocrx_word' id='word_1_144' title='bbox 1722 1726 1830 1780; x_wconf 89' lang='lat' dir='ltr'>autem</span> <span class='ocrx_word' id='word_1_145' title='bbox 1851 1713 2006 1779; x_wconf 84' lang='lat' dir='ltr'>voluntas</span> <span class='ocrx_word' id='word_1_146' title='bbox 2026 1711 2137 1777; x_wconf 89' lang='lat' dir='ltr'>Patris</span> <span class='ocrx_word' id='word_1_147' title='bbox 2158 1715 2232 1791; x_wconf 91' lang='lat' dir='ltr'>mei,</span> <span class='ocrx_word' id='word_1_148' title='bbox 2258 1717 2313 1797; x_wconf 91' lang='lat' dir='ltr'>qui</span> <span class='ocrx_word' id='word_1_149' title='bbox 2335 1716 2421 1779; x_wconf 87' lang='lat' dir='ltr'>misit</span> <span class='ocrx_word' id='word_1_150' title='bbox 2442 1737 2506 1794; x_wconf 90' lang='lat' dir='ltr'>me,</span> 
     </span>
     <span class='ocr_line' id='line_1_13' title="bbox 609 1748 2509 1893; baseline -0.006 -17"><span class='ocrx_word' id='word_1_151' title='bbox 609 1812 776 1888; x_wconf 86' lang='lat' dir='ltr'>Secundo,</span> <span class='ocrx_word' id='word_1_152' title='bbox 787 1748 973 1893; x_wconf 59' lang='lat' dir='ltr'>Prophetae</span> <span class='ocrx_word' id='word_1_153' title='bbox 983 1808 1058 1891; x_wconf 92' lang='lat' dir='ltr'>ipsi,</span> <span class='ocrx_word' id='word_1_154' title='bbox 1102 1825 1170 1870; x_wconf 89' lang='lat' dir='ltr'>uan</span> <span class='ocrx_word' id='word_1_155' title='bbox 1191 1824 1268 1868; x_wconf 88' lang='lat' dir='ltr'>uam</span> <span class='ocrx_word' id='word_1_156' title='bbox 1285 1803 1387 1865; x_wconf 89' lang='lat' dir='ltr'>variis</span> <span class='ocrx_word' id='word_1_157' title='bbox 1398 1813 1494 1866; x_wconf 91' lang='lat' dir='ltr'>utun·</span> <span class='ocrx_word' id='word_1_158' title='bbox 1535 1813 1573 1868; x_wconf 89' lang='lat' dir='ltr'>ut</span> <span class='ocrx_word' id='word_1_159' title='bbox 1594 1803 1710 1878; x_wconf 88' lang='lat' dir='ltr'>omnis,</span> <span class='ocrx_word' id='word_1_160' title='bbox 1731 1801 1788 1884; x_wconf 91' lang='lat' dir='ltr'>qui</span> <span class='ocrx_word' id='word_1_161' title='bbox 1809 1801 1897 1864; x_wconf 91' lang='lat' dir='ltr'>videt</span> <span class='ocrx_word' id='word_1_162' title='bbox 1908 1798 2024 1863; x_wconf 84' lang='lat' dir='ltr'>Filium</span> <span class='ocrx_word' id='word_1_163' title='bbox 2046 1811 2078 1861; x_wconf 91' lang='lat' dir='ltr'>et</span> <span class='ocrx_word' id='word_1_164' title='bbox 2101 1798 2206 1862; x_wconf 90' lang='lat' dir='ltr'>eredit</span> <span class='ocrx_word' id='word_1_165' title='bbox 2226 1800 2259 1862; x_wconf 92' lang='lat' dir='ltr'>in</span> <span class='ocrx_word' id='word_1_166' title='bbox 2277 1819 2364 1876; x_wconf 90' lang='lat' dir='ltr'>eum,</span> <span class='ocrx_word' id='word_1_167' title='bbox 2385 1797 2509 1865; x_wconf 91' lang='lat' dir='ltr'>habeat</span> 
     </span>
     <span class='ocr_line' id='line_1_14' title="bbox 524 1884 2509 1982; baseline -0.007 -19"><span class='ocrx_word' id='word_1_168' title='bbox 524 1909 578 1963; x_wconf 86' lang='lat' dir='ltr'>tur</span> <span class='ocrx_word' id='word_1_169' title='bbox 598 1896 735 1982; x_wconf 89' lang='lat' dir='ltr'>figuris,</span> <span class='ocrx_word' id='word_1_170' title='bbox 764 1907 875 1958; x_wconf 92' lang='lat' dir='ltr'>tamen</span> <span class='ocrx_word' id='word_1_171' title='bbox 901 1894 1030 1956; x_wconf 89' lang='lat' dir='ltr'>interim</span> <span class='ocrx_word' id='word_1_172' title='bbox 1055 1903 1153 1955; x_wconf 83' lang='lat' dir='ltr'>atram</span> <span class='ocrx_word' id='word_1_173' title='bbox 1203 1891 1304 1952; x_wconf 83' lang='lat' dir='ltr'>iserte</span> <span class='ocrx_word' id='word_1_174' title='bbox 1329 1897 1495 1950; x_wconf 87' lang='lat' dir='ltr'>testantur</span> <span class='ocrx_word' id='word_1_175' title='bbox 1537 1889 1634 1952; x_wconf 89' lang='lat' dir='ltr'>vitam</span> <span class='ocrx_word' id='word_1_176' title='bbox 1651 1897 1835 1960; x_wconf 90' lang='lat' dir='ltr'>aeternam;</span> <span class='ocrx_word' id='word_1_177' title='bbox 1857 1896 1889 1947; x_wconf 92' lang='lat' dir='ltr'>et</span> <span class='ocrx_word' id='word_1_178' title='bbox 1906 1904 1968 1968; x_wconf 85' lang='lat' dir='ltr'>ego</span> <span class='ocrx_word' id='word_1_179' title='bbox 1980 1884 2187 1947; x_wconf 87' lang='lat' dir='ltr'>resuscitabo</span> <span class='ocrx_word' id='word_1_180' title='bbox 2197 1903 2271 1946; x_wconf 93' lang='lat' dir='ltr'>eum</span> <span class='ocrx_word' id='word_1_181' title='bbox 2281 1884 2316 1946; x_wconf 91' lang='lat' dir='ltr'>in</span> <span class='ocrx_word' id='word_1_182' title='bbox 2327 1886 2509 1950; x_wconf 90' lang='lat' dir='ltr'>novissimo</span> 
     </span>
     <span class='ocr_line' id='line_1_15' title="bbox 524 1964 2509 2066; baseline -0.005 -21"><span class='ocrx_word' id='word_1_183' title='bbox 524 2001 663 2066; x_wconf 87' lang='lat' dir='ltr'>reguum</span> <span class='ocrx_word' id='word_1_184' title='bbox 684 1978 808 2044; x_wconf 85' lang='lat' dir='ltr'>Christi</span> <span class='ocrx_word' id='word_1_185' title='bbox 837 1976 909 2042; x_wconf 87' lang='lat' dir='ltr'>lore</span> <span class='ocrx_word' id='word_1_186' title='bbox 938 1973 1117 2059; x_wconf 89' lang='lat' dir='ltr'>spirituale.</span> <span class='ocrx_word' id='word_1_187' title='bbox 1162 1969 1282 2036; x_wconf 90' lang='lat' dir='ltr'>Daniel</span> <span class='ocrx_word' id='word_1_188' title='bbox 1305 1968 1396 2037; x_wconf 91' lang='lat' dir='ltr'>clare</span> <span class='ocrx_word' id='word_1_189' title='bbox 1418 1972 1495 2034; x_wconf 90' lang='lat' dir='ltr'>dicit</span> <span class='ocrx_word' id='word_1_190' title='bbox 1538 1972 1600 2036; x_wconf 92' lang='lat' dir='ltr'>die.</span> <span class='ocrx_word' id='word_1_191' title='bbox 1634 1972 1676 2034; x_wconf 93' lang='lat' dir='ltr'>Et</span> <span class='ocrx_word' id='word_1_192' title='bbox 1697 1990 1757 2052; x_wconf 91' lang='lat' dir='ltr'>pro</span> <span class='ocrx_word' id='word_1_193' title='bbox 1782 1980 1884 2055; x_wconf 89' lang='lat' dir='ltr'>ugnat</span> <span class='ocrx_word' id='word_1_194' title='bbox 1905 1968 1993 2032; x_wconf 89' lang='lat' dir='ltr'>hunc</span> <span class='ocrx_word' id='word_1_195' title='bbox 2015 1964 2186 2033; x_wconf 86' lang='lat' dir='ltr'>articulrun</span> <span class='ocrx_word' id='word_1_196' title='bbox 2208 1968 2367 2032; x_wconf 88' lang='lat' dir='ltr'>acerrime</span> <span class='ocrx_word' id='word_1_197' title='bbox 2384 1967 2509 2036; x_wconf 91' lang='lat' dir='ltr'>Paulus</span> 
     </span>
     <span class='ocr_line' id='line_1_16' title="bbox 526 2050 2511 2143; baseline -0.004 -15"><span class='ocrx_word' id='word_1_198' title='bbox 526 2065 572 2143; x_wconf 86' lang='grc'>[9,</span> <span class='ocrx_word' id='word_1_199' title='bbox 592 2063 678 2142; x_wconf 55' lang='lat'>264:</span> <span class='ocrx_word' id='word_1_200' title='bbox 718 2061 871 2126; x_wconf 86' lang='lat' dir='ltr'>Christus</span> <span class='ocrx_word' id='word_1_201' title='bbox 897 2062 1073 2126; x_wconf 90' lang='lat' dir='ltr'>occidetur.</span> <span class='ocrx_word' id='word_1_202' title='bbox 1120 2057 1162 2120; x_wconf 92' lang='lat' dir='ltr'>Et</span> <span class='ocrx_word' id='word_1_203' title='bbox 1186 2055 1304 2120; x_wconf 87' lang='lat' dir='ltr'>Esaias</span> <span class='ocrx_word' id='word_1_204' title='bbox 1328 2054 1493 2134; x_wconf 79' lang='lat'>[53,10.]:</span> <span class='ocrx_word' id='word_1_205' title='bbox 1539 2057 1568 2120; x_wconf 90' lang='lat'>1.</span> <span class='ocrx_word' id='word_1_206' title='bbox 1584 2054 1730 2120; x_wconf 89' lang='lat' dir='ltr'>Corinth.</span> <span class='ocrx_word' id='word_1_207' title='bbox 1769 2055 1800 2117; x_wconf 92' lang='lat'>5.</span> <span class='ocrx_word' id='word_1_208' title='bbox 1834 2055 1975 2118; x_wconf 85' lang='lat' dir='ltr'>Prodest</span> <span class='ocrx_word' id='word_1_209' title='bbox 1996 2064 2104 2117; x_wconf 90' lang='lat' dir='ltr'>autem</span> <span class='ocrx_word' id='word_1_210' title='bbox 2126 2050 2251 2115; x_wconf 86' lang='lat' dir='ltr'>habere</span> <span class='ocrx_word' id='word_1_211' title='bbox 2272 2054 2305 2115; x_wconf 91' lang='lat' dir='ltr'>in</span> <span class='ocrx_word' id='word_1_212' title='bbox 2328 2067 2511 2140; x_wconf 87' lang='lat' dir='ltr'>conspectu</span> 
     </span>
     <span class='ocr_line' id='line_1_17' title="bbox 525 2136 2510 2227; baseline -0.004 -16"><span class='ocrx_word' id='word_1_213' title='bbox 525 2149 632 2212; x_wconf 89' lang='lat' dir='ltr'>Ponet</span> <span class='ocrx_word' id='word_1_214' title='bbox 660 2148 802 2211; x_wconf 87' lang='lat' dir='ltr'>animam</span> <span class='ocrx_word' id='word_1_215' title='bbox 830 2165 924 2208; x_wconf 87' lang='lat' dir='ltr'>suam</span> <span class='ocrx_word' id='word_1_216' title='bbox 954 2163 1014 2227; x_wconf 92' lang='lat' dir='ltr'>pro</span> <span class='ocrx_word' id='word_1_217' title='bbox 1066 2153 1190 2207; x_wconf 88' lang='lat' dir='ltr'>eccato.</span> <span class='ocrx_word' id='word_1_218' title='bbox 1235 2139 1325 2225; x_wconf 88' lang='lat' dir='ltr'>Ergo</span> <span class='ocrx_word' id='word_1_219' title='bbox 1346 2160 1413 2204; x_wconf 88' lang='lat' dir='ltr'>uon</span> <span class='ocrx_word' id='word_1_220' title='bbox 1435 2139 1495 2203; x_wconf 90' lang='lat' dir='ltr'>ha·</span> <span class='ocrx_word' id='word_1_221' title='bbox 1536 2137 1640 2205; x_wconf 88' lang='lat' dir='ltr'>multa</span> <span class='ocrx_word' id='word_1_222' title='bbox 1660 2140 1858 2217; x_wconf 88' lang='lat' dir='ltr'>testimonia,</span> <span class='ocrx_word' id='word_1_223' title='bbox 1878 2153 1915 2204; x_wconf 93' lang='lat' dir='ltr'>ut</span> <span class='ocrx_word' id='word_1_224' title='bbox 1935 2141 2083 2202; x_wconf 89' lang='lat' dir='ltr'>timorem</span> <span class='ocrx_word' id='word_1_225' title='bbox 2105 2150 2139 2200; x_wconf 92' lang='lat' dir='ltr'>et</span> <span class='ocrx_word' id='word_1_226' title='bbox 2156 2136 2255 2202; x_wconf 86' lang='lat' dir='ltr'>fidem</span> <span class='ocrx_word' id='word_1_227' title='bbox 2272 2141 2455 2205; x_wconf 87' lang='lat' dir='ltr'>excitemus</span> <span class='ocrx_word' id='word_1_228' title='bbox 2477 2155 2510 2205; x_wconf 91' lang='lat' dir='ltr'>et</span> 
     </span>
     <span class='ocr_line' id='line_1_18' title="bbox 525 2163 2509 2312; baseline -0.004 -16"><span class='ocrx_word' id='word_1_229' title='bbox 525 2233 615 2296; x_wconf 91' lang='lat' dir='ltr'>behit</span> <span class='ocrx_word' id='word_1_230' title='bbox 636 2232 886 2295; x_wconf 87' lang='lat' dir='ltr'>dominationem</span> <span class='ocrx_word' id='word_1_231' title='bbox 908 2163 1116 2312; x_wconf 77' lang='lat' dir='ltr'>corporalem</span> <span class='ocrx_word' id='word_1_232' title='bbox 1133 2227 1167 2288; x_wconf 93' lang='lat' dir='ltr'>in</span> <span class='ocrx_word' id='word_1_233' title='bbox 1188 2225 1252 2290; x_wconf 89' lang='lat' dir='ltr'>hac</span> <span class='ocrx_word' id='word_1_234' title='bbox 1274 2227 1352 2289; x_wconf 90' lang='lat' dir='ltr'>vita.</span> <span class='ocrx_word' id='word_1_235' title='bbox 1396 2223 1496 2287; x_wconf 88' lang='lat' dir='ltr'>Prae·</span> <span class='ocrx_word' id='word_1_236' title='bbox 1538 2223 1779 2290; x_wconf 88' lang='lat' dir='ltr'>confirmemus.</span> <span class='ocrx_word' id='word_1_237' title='bbox 1824 2222 1906 2288; x_wconf 89' lang='lat' dir='ltr'>Cum</span> <span class='ocrx_word' id='word_1_238' title='bbox 1938 2234 2047 2288; x_wconf 91' lang='lat' dir='ltr'>autem</span> <span class='ocrx_word' id='word_1_239' title='bbox 2078 2226 2259 2287; x_wconf 87' lang='lat' dir='ltr'>sententiae</span> <span class='ocrx_word' id='word_1_240' title='bbox 2290 2225 2367 2288; x_wconf 88' lang='lat' dir='ltr'>novi</span> <span class='ocrx_word' id='word_1_241' title='bbox 2395 2223 2509 2290; x_wconf 85' lang='lat' dir='ltr'>Testa·</span> 
     </span>
     <span class='ocr_line' id='line_1_19' title="bbox 526 2305 2509 2397; baseline -0.003 -17"><span class='ocrx_word' id='word_1_242' title='bbox 526 2327 618 2380; x_wconf 65' lang='lat' dir='ltr'>terea</span> <span class='ocrx_word' id='word_1_243' title='bbox 638 2311 803 2379; x_wconf 83' lang='lat' dir='ltr'>allinnant</span> <span class='ocrx_word' id='word_1_244' title='bbox 823 2333 960 2397; x_wconf 85' lang='lat' dir='ltr'>regnum</span> <span class='ocrx_word' id='word_1_245' title='bbox 974 2311 1097 2376; x_wconf 85' lang='lat' dir='ltr'>Christi</span> <span class='ocrx_word' id='word_1_246' title='bbox 1119 2329 1196 2374; x_wconf 87' lang='lat' dir='ltr'>esse</span> <span class='ocrx_word' id='word_1_247' title='bbox 1208 2321 1388 2387; x_wconf 88' lang='lat' dir='ltr'>aeternum,</span> <span class='ocrx_word' id='word_1_248' title='bbox 1402 2306 1494 2371; x_wconf 89' lang='lat' dir='ltr'>nulla</span> <span class='ocrx_word' id='word_1_249' title='bbox 1538 2312 1636 2374; x_wconf 91' lang='lat' dir='ltr'>menti</span> <span class='ocrx_word' id='word_1_250' title='bbox 1662 2312 1744 2374; x_wconf 90' lang='lat' dir='ltr'>satis</span> <span class='ocrx_word' id='word_1_251' title='bbox 1771 2320 1870 2373; x_wconf 89' lang='lat' dir='ltr'>notae</span> <span class='ocrx_word' id='word_1_252' title='bbox 1896 2309 1978 2386; x_wconf 91' lang='lat' dir='ltr'>sint,</span> <span class='ocrx_word' id='word_1_253' title='bbox 2008 2305 2202 2393; x_wconf 85' lang='lat' dir='ltr'>colligemus</span> <span class='ocrx_word' id='word_1_254' title='bbox 2224 2306 2348 2393; x_wconf 85' lang='lat' dir='ltr'>aliquot</span> <span class='ocrx_word' id='word_1_255' title='bbox 2368 2312 2509 2374; x_wconf 82' lang='lat' dir='ltr'>maxime</span> 
     </span>
     <span class='ocr_line' id='line_1_20' title="bbox 527 2391 2510 2482; baseline -0.002 -20"><span class='ocrx_word' id='word_1_256' title='bbox 527 2411 638 2464; x_wconf 87' lang='lat' dir='ltr'>autem</span> <span class='ocrx_word' id='word_1_257' title='bbox 666 2395 852 2482; x_wconf 86' lang='lat' dir='ltr'>corporalis</span> <span class='ocrx_word' id='word_1_258' title='bbox 879 2397 995 2480; x_wconf 91' lang='lat' dir='ltr'>politia</span> <span class='ocrx_word' id='word_1_259' title='bbox 1023 2407 1074 2459; x_wconf 90' lang='lat' dir='ltr'>est</span> <span class='ocrx_word' id='word_1_260' title='bbox 1101 2406 1238 2459; x_wconf 89' lang='lat' dir='ltr'>aeterna</span> <span class='ocrx_word' id='word_1_261' title='bbox 1259 2395 1293 2458; x_wconf 93' lang='lat' dir='ltr'>in</span> <span class='ocrx_word' id='word_1_262' title='bbox 1324 2392 1389 2456; x_wconf 91' lang='lat' dir='ltr'>hac</span> <span class='ocrx_word' id='word_1_263' title='bbox 1411 2394 1495 2468; x_wconf 85' lang='lat' dir='ltr'>vita3</span> <span class='ocrx_word' id='word_1_264' title='bbox 1538 2391 1677 2459; x_wconf 85' lang='lat' dir='ltr'>illustria</span> <span class='ocrx_word' id='word_1_265' title='bbox 1697 2395 1820 2459; x_wconf 90' lang='lat' dir='ltr'>veteris</span> <span class='ocrx_word' id='word_1_266' title='bbox 1837 2393 2035 2457; x_wconf 85' lang='lat' dir='ltr'>Testamenti</span> <span class='ocrx_word' id='word_1_267' title='bbox 2056 2392 2150 2467; x_wconf 92' lang='lat' dir='ltr'>loca;</span> <span class='ocrx_word' id='word_1_268' title='bbox 2173 2405 2249 2456; x_wconf 89' lang='lat' dir='ltr'>sunt</span> <span class='ocrx_word' id='word_1_269' title='bbox 2271 2395 2356 2458; x_wconf 92' lang='lat' dir='ltr'>enim</span> <span class='ocrx_word' id='word_1_270' title='bbox 2377 2396 2411 2458; x_wconf 90' lang='lat' dir='ltr'>in</span> <span class='ocrx_word' id='word_1_271' title='bbox 2428 2392 2510 2460; x_wconf 89' lang='lat' dir='ltr'>Pro·</span> 
     </span>
     <span class='ocr_line' id='line_1_21' title="bbox 526 2475 2332 2566; baseline -0.004 -20"><span class='ocrx_word' id='word_1_272' title='bbox 526 2484 600 2548; x_wconf 89' lang='lat' dir='ltr'>ideo</span> <span class='ocrx_word' id='word_1_273' title='bbox 621 2482 746 2566; x_wconf 88' lang='lat' dir='ltr'>figuras</span> <span class='ocrx_word' id='word_1_274' title='bbox 767 2480 952 2562; x_wconf 89' lang='lat' dir='ltr'>corporalis</span> <span class='ocrx_word' id='word_1_275' title='bbox 973 2479 1122 2564; x_wconf 90' lang='lat' dir='ltr'>politiae,</span> <span class='ocrx_word' id='word_1_276' title='bbox 1153 2497 1236 2562; x_wconf 90' lang='lat' dir='ltr'>quas</span> <span class='ocrx_word' id='word_1_277' title='bbox 1257 2479 1419 2543; x_wconf 92' lang='lat' dir='ltr'>interdum</span> <span class='ocrx_word' id='word_1_278' title='bbox 1440 2497 1495 2541; x_wconf 78' lang='lat' dir='ltr'>ao</span> <span class='ocrx_word' id='word_1_279' title='bbox 1538 2477 1646 2563; x_wconf 92' lang='lat' dir='ltr'>phetis</span> <span class='ocrx_word' id='word_1_280' title='bbox 1669 2479 1750 2542; x_wconf 87' lang='lat' dir='ltr'>satis</span> <span class='ocrx_word' id='word_1_281' title='bbox 1773 2475 1864 2541; x_wconf 89' lang='lat' dir='ltr'>clara</span> <span class='ocrx_word' id='word_1_282' title='bbox 1886 2489 1918 2541; x_wconf 92' lang='lat' dir='ltr'>et</span> <span class='ocrx_word' id='word_1_283' title='bbox 1939 2478 2114 2560; x_wconf 86' lang='lat' dir='ltr'>perspicua</span> <span class='ocrx_word' id='word_1_284' title='bbox 2137 2479 2332 2541; x_wconf 90' lang='lat' dir='ltr'>testimonia.</span> 
     </span>
     <span class='ocr_line' id='line_1_22' title="bbox 528 2560 2510 2641; baseline -0.001 -11"><span class='ocrx_word' id='word_1_285' title='bbox 528 2567 735 2631; x_wconf 83' lang='lat' dir='ltr'>commodant</span> <span class='ocrx_word' id='word_1_286' title='bbox 761 2566 806 2628; x_wconf 91' lang='lat' dir='ltr'>ad</span> <span class='ocrx_word' id='word_1_287' title='bbox 830 2586 867 2628; x_wconf 90' lang='lat' dir='ltr'>re</span> <span class='ocrx_word' id='word_1_288' title='bbox 892 2586 968 2630; x_wconf 90' lang='lat' dir='ltr'>num</span> <span class='ocrx_word' id='word_1_289' title='bbox 990 2562 1112 2627; x_wconf 83' lang='lat' dir='ltr'>Christi</span> <span class='ocrx_word' id='word_1_290' title='bbox 1141 2573 1327 2641; x_wconf 88' lang='lat' dir='ltr'>aeternum,</span> <span class='ocrx_word' id='word_1_291' title='bbox 1355 2580 1495 2626; x_wconf 88' lang='lat' dir='ltr'>necesse</span> <span class='ocrx_word' id='word_1_292' title='bbox 1622 2562 1740 2627; x_wconf 89' lang='lat' dir='ltr'>Esaias</span> <span class='ocrx_word' id='word_1_293' title='bbox 1757 2561 1810 2624; x_wconf 70' lang='lat'>26.</span> <span class='ocrx_word' id='word_1_294' title='bbox 1825 2565 1870 2638; x_wconf 71' lang='lat'>⁹⁷)</span> <span class='ocrx_word' id='word_1_295' title='bbox 1893 2567 1956 2640; x_wconf 88' lang='lat' dir='ltr'>[vs.</span> <span class='ocrx_word' id='word_1_296' title='bbox 1972 2560 2038 2639; x_wconf 88' lang='grc'><strong>19.]</strong></span> <span class='ocrx_word' id='word_1_297' title='bbox 2060 2560 2183 2624; x_wconf 87' lang='lat' dir='ltr'>Vivent</span> <span class='ocrx_word' id='word_1_298' title='bbox 2202 2564 2320 2626; x_wconf 86' lang='lat' dir='ltr'>mortui</span> <span class='ocrx_word' id='word_1_299' title='bbox 2337 2565 2394 2641; x_wconf 91' lang='lat' dir='ltr'>tui,</span> <span class='ocrx_word' id='word_1_300' title='bbox 2411 2565 2510 2630; x_wconf 89' lang='lat' dir='ltr'>inter-</span> 
     </span>
     <span class='ocr_line' id='line_1_23' title="bbox 528 2586 2510 2734; baseline -0.001 -20"><span class='ocrx_word' id='word_1_301' title='bbox 528 2661 581 2714; x_wconf 92' lang='lat' dir='ltr'>est</span> <span class='ocrx_word' id='word_1_302' title='bbox 599 2647 780 2734; x_wconf 79' lang='lat' dir='ltr'>allegorice</span> <span class='ocrx_word' id='word_1_303' title='bbox 800 2586 949 2733; x_wconf 65' lang='lat' dir='ltr'>intehigi.</span> <span class='ocrx_word' id='word_1_304' title='bbox 1539 2646 1617 2711; x_wconf 82' lang='lat' dir='ltr'>lecti</span> <span class='ocrx_word' id='word_1_305' title='bbox 1655 2649 1718 2712; x_wconf 92' lang='lat' dir='ltr'>mei</span> <span class='ocrx_word' id='word_1_306' title='bbox 1750 2657 1940 2731; x_wconf 82' lang='lat' dir='ltr'>resurgent3</span> <span class='ocrx_word' id='word_1_307' title='bbox 1978 2645 2240 2729; x_wconf 75' lang='lat' dir='ltr'>expergiscimini</span> <span class='ocrx_word' id='word_1_308' title='bbox 2273 2659 2307 2710; x_wconf 93' lang='lat' dir='ltr'>et</span> <span class='ocrx_word' id='word_1_309' title='bbox 2334 2645 2510 2727; x_wconf 89' lang='lat' dir='ltr'>laetamini,</span> 
     </span>
    </p>
   </div>
   <div class='ocr_carea' id='block_1_3' title="bbox 611 2727 2510 2878">
    <p class='ocr_par' dir='ltr' id='par_1_3' title="bbox 611 2727 2510 2878">
     <span class='ocr_line' id='line_1_24' title="bbox 611 2727 2510 2878; baseline -0.001 -81"><span class='ocrx_word' id='word_1_310' title='bbox 611 2733 721 2816; x_wconf 79' lang='lat' dir='ltr'>Atque</span> <span class='ocrx_word' id='word_1_311' title='bbox 742 2731 775 2794; x_wconf 95' lang='lat' dir='ltr'>id</span> <span class='ocrx_word' id='word_1_312' title='bbox 797 2751 934 2878; x_wconf 65' lang='lat' dir='ltr'>reqnum</span> <span class='ocrx_word' id='word_1_313' title='bbox 955 2744 1123 2796; x_wconf 89' lang='lat' dir='ltr'>aeternum</span> <span class='ocrx_word' id='word_1_314' title='bbox 1144 2732 1178 2794; x_wconf 91' lang='lat' dir='ltr'>in</span> <span class='ocrx_word' id='word_1_315' title='bbox 1199 2730 1263 2792; x_wconf 88' lang='lat' dir='ltr'>hac</span> <span class='ocrx_word' id='word_1_316' title='bbox 1285 2731 1363 2806; x_wconf 88' lang='lat' dir='ltr'>vita,</span> <span class='ocrx_word' id='word_1_317' title='bbox 1384 2730 1416 2792; x_wconf 91' lang='lat' dir='ltr'>iu</span> <span class='ocrx_word' id='word_1_318' title='bbox 1429 2731 1495 2812; x_wconf 90' lang='lat' dir='ltr'>spi·</span> <span class='ocrx_word' id='word_1_319' title='bbox 1540 2733 1596 2817; x_wconf 91' lang='lat' dir='ltr'>qul</span> <span class='ocrx_word' id='word_1_320' title='bbox 1622 2731 1777 2795; x_wconf 89' lang='lat' dir='ltr'>habitatis</span> <span class='ocrx_word' id='word_1_321' title='bbox 1804 2731 1837 2792; x_wconf 92' lang='lat' dir='ltr'>in</span> <span class='ocrx_word' id='word_1_322' title='bbox 1865 2727 2019 2813; x_wconf 78' lang='lat' dir='ltr'>pulvere3</span> <span class='ocrx_word' id='word_1_323' title='bbox 2048 2731 2125 2813; x_wconf 85' lang='lat' dir='ltr'>quia</span> <span class='ocrx_word' id='word_1_324' title='bbox 2152 2750 2209 2792; x_wconf 91' lang='lat' dir='ltr'>ros</span> <span class='ocrx_word' id='word_1_325' title='bbox 2237 2742 2312 2796; x_wconf 91' lang='lat' dir='ltr'>tuus</span> <span class='ocrx_word' id='word_1_326' title='bbox 2336 2735 2396 2796; x_wconf 91' lang='lat' dir='ltr'>erit</span> <span class='ocrx_word' id='word_1_327' title='bbox 2420 2732 2510 2798; x_wconf 90' lang='lat' dir='ltr'>velut</span> 
     </span>
    </p>
   </div>
   <div class='ocr_carea' id='block_1_4' title="bbox 521 2815 2510 5254">
    <p class='ocr_par' dir='ltr' id='par_1_4' title="bbox 521 2815 2510 5254">
     <span class='ocr_line' id='line_1_25' title="bbox 527 2815 2510 2902; baseline 0.001 -21"><span class='ocrx_word' id='word_1_328' title='bbox 527 2819 591 2881; x_wconf 87' lang='lat' dir='ltr'>ritu</span> <span class='ocrx_word' id='word_1_329' title='bbox 624 2827 657 2880; x_wconf 89' lang='lat' dir='ltr'>et</span> <span class='ocrx_word' id='word_1_330' title='bbox 689 2815 755 2880; x_wconf 83' lang='lat' dir='ltr'>fide</span> <span class='ocrx_word' id='word_1_331' title='bbox 783 2818 837 2879; x_wconf 91' lang='lat' dir='ltr'>ino</span> <span class='ocrx_word' id='word_1_332' title='bbox 862 2828 974 2891; x_wconf 87' lang='lat' dir='ltr'>oatur,</span> <span class='ocrx_word' id='word_1_333' title='bbox 1007 2827 1040 2879; x_wconf 93' lang='lat' dir='ltr'>et</span> <span class='ocrx_word' id='word_1_334' title='bbox 1090 2825 1185 2878; x_wconf 91' lang='lat' dir='ltr'>ostea</span> <span class='ocrx_word' id='word_1_335' title='bbox 1212 2816 1309 2878; x_wconf 88' lang='lat' dir='ltr'>durat</span> <span class='ocrx_word' id='word_1_336' title='bbox 1334 2825 1494 2897; x_wconf 89' lang='lat' dir='ltr'>perpetuo</span> <span class='ocrx_word' id='word_1_337' title='bbox 1538 2835 1595 2880; x_wconf 90' lang='lat' dir='ltr'>ros</span> <span class='ocrx_word' id='word_1_338' title='bbox 1617 2826 1796 2899; x_wconf 88' lang='lat' dir='ltr'>pratorum,</span> <span class='ocrx_word' id='word_1_339' title='bbox 1818 2822 1849 2877; x_wconf 86' lang='lat' dir='ltr'>et</span> <span class='ocrx_word' id='word_1_340' title='bbox 1869 2824 1959 2876; x_wconf 91' lang='lat' dir='ltr'>terra</span> <span class='ocrx_word' id='word_1_341' title='bbox 1980 2825 2127 2878; x_wconf 89' lang='lat' dir='ltr'>mortuos</span> <span class='ocrx_word' id='word_1_342' title='bbox 2146 2815 2262 2878; x_wconf 86' lang='lat' dir='ltr'>eiiciet.</span> <span class='ocrx_word' id='word_1_343' title='bbox 2295 2815 2390 2880; x_wconf 87' lang='lat' dir='ltr'>Vade</span> <span class='ocrx_word' id='word_1_344' title='bbox 2406 2839 2510 2902; x_wconf 91' lang='lat' dir='ltr'>popu·</span> 
     </span>
     <span class='ocr_line' id='line_1_26' title="bbox 527 2895 2510 2985; baseline 0.001 -21"><span class='ocrx_word' id='word_1_345' title='bbox 527 2912 605 2985; x_wconf 84' lang='lat' dir='ltr'>post</span> <span class='ocrx_word' id='word_1_346' title='bbox 628 2897 715 2963; x_wconf 88' lang='lat' dir='ltr'>hanc</span> <span class='ocrx_word' id='word_1_347' title='bbox 736 2900 845 2964; x_wconf 81' lang='lat' dir='ltr'>vitam.</span> <span class='ocrx_word' id='word_1_348' title='bbox 889 2901 967 2964; x_wconf 91' lang='lat' dir='ltr'>ldeo</span> <span class='ocrx_word' id='word_1_349' title='bbox 987 2898 1077 2982; x_wconf 93' lang='lat' dir='ltr'>Prop</span> <span class='ocrx_word' id='word_1_350' title='bbox 1102 2910 1177 2962; x_wconf 90' lang='lat' dir='ltr'>etae</span> <span class='ocrx_word' id='word_1_351' title='bbox 1197 2898 1358 2962; x_wconf 89' lang='lat' dir='ltr'>interdum</span> <span class='ocrx_word' id='word_1_352' title='bbox 1380 2899 1425 2960; x_wconf 86' lang='lat' dir='ltr'>ita</span> <span class='ocrx_word' id='word_1_353' title='bbox 1445 2895 1495 2961; x_wconf 92' lang='lat' dir='ltr'>lo·</span> <span class='ocrx_word' id='word_1_354' title='bbox 1538 2900 1593 2965; x_wconf 89' lang='lat' dir='ltr'>lus</span> <span class='ocrx_word' id='word_1_355' title='bbox 1615 2917 1708 2963; x_wconf 90' lang='lat' dir='ltr'>meus</span> <span class='ocrx_word' id='word_1_356' title='bbox 1729 2901 1815 2963; x_wconf 89' lang='lat' dir='ltr'>intra</span> <span class='ocrx_word' id='word_1_357' title='bbox 1838 2895 1989 2962; x_wconf 90' lang='lat' dir='ltr'>cubicula</span> <span class='ocrx_word' id='word_1_358' title='bbox 2010 2911 2078 2975; x_wconf 92' lang='lat' dir='ltr'>tua,</span> <span class='ocrx_word' id='word_1_359' title='bbox 2101 2895 2218 2963; x_wconf 88' lang='lat' dir='ltr'>claude</span> <span class='ocrx_word' id='word_1_360' title='bbox 2240 2901 2324 2964; x_wconf 89' lang='lat' dir='ltr'>ostia</span> <span class='ocrx_word' id='word_1_361' title='bbox 2346 2915 2413 2979; x_wconf 93' lang='lat' dir='ltr'>tua,</span> <span class='ocrx_word' id='word_1_362' title='bbox 2435 2906 2510 2966; x_wconf 90' lang='lat' dir='ltr'>abs·</span> 
     </span>
     <span class='ocr_line' id='line_1_27' title="bbox 528 2982 2508 3068; baseline 0.001 -19"><span class='ocrx_word' id='word_1_363' title='bbox 528 2996 679 3068; x_wconf 63' lang='lat' dir='ltr'>quuutura</span> <span class='ocrx_word' id='word_1_364' title='bbox 701 2993 825 3048; x_wconf 82' lang='lat' dir='ltr'>ut-non</span> <span class='ocrx_word' id='word_1_365' title='bbox 848 2985 1038 3049; x_wconf 85' lang='lat' dir='ltr'>discernant</span> <span class='ocrx_word' id='word_1_366' title='bbox 1064 2995 1213 3065; x_wconf 89' lang='lat' dir='ltr'>tempora</span> <span class='ocrx_word' id='word_1_367' title='bbox 1233 2982 1331 3046; x_wconf 92' lang='lat' dir='ltr'>huius</span> <span class='ocrx_word' id='word_1_368' title='bbox 1353 2983 1440 3045; x_wconf 89' lang='lat' dir='ltr'>vitae</span> <span class='ocrx_word' id='word_1_369' title='bbox 1462 2993 1496 3044; x_wconf 92' lang='lat' dir='ltr'>et</span> <span class='ocrx_word' id='word_1_370' title='bbox 1540 2985 1684 3048; x_wconf 90' lang='lat' dir='ltr'>condere</span> <span class='ocrx_word' id='word_1_371' title='bbox 1714 2983 1877 3048; x_wconf 91' lang='lat' dir='ltr'>modicum</span> <span class='ocrx_word' id='word_1_372' title='bbox 1910 2983 1952 3045; x_wconf 89' lang='lat' dir='ltr'>ad</span> <span class='ocrx_word' id='word_1_373' title='bbox 1981 2994 2194 3060; x_wconf 83' lang='lat' dir='ltr'>momentrun,</span> <span class='ocrx_word' id='word_1_374' title='bbox 2226 2984 2332 3048; x_wconf 89' lang='lat' dir='ltr'>donee</span> <span class='ocrx_word' id='word_1_375' title='bbox 2363 2998 2508 3050; x_wconf 89' lang='lat' dir='ltr'>transeat</span> 
     </span>
     <span class='ocr_line' id='line_1_28' title="bbox 525 3063 2510 3152; baseline -0.001 -17"><span class='ocrx_word' id='word_1_376' title='bbox 525 3071 655 3135; x_wconf 85' lang='lat' dir='ltr'>futurae</span> <span class='ocrx_word' id='word_1_377' title='bbox 682 3068 778 3132; x_wconf 86' lang='lat' dir='ltr'>vitae.</span> <span class='ocrx_word' id='word_1_378' title='bbox 822 3069 986 3132; x_wconf 86' lang='lat' dir='ltr'>Interdum</span> <span class='ocrx_word' id='word_1_379' title='bbox 1013 3087 1094 3132; x_wconf 88' lang='lat' dir='ltr'>vero</span> <span class='ocrx_word' id='word_1_380' title='bbox 1123 3068 1312 3130; x_wconf 90' lang='lat' dir='ltr'>discernunt</span> <span class='ocrx_word' id='word_1_381' title='bbox 1334 3076 1365 3128; x_wconf 89' lang='lat' dir='ltr'>et</span> <span class='ocrx_word' id='word_1_382' title='bbox 1385 3063 1495 3147; x_wconf 90' lang='lat' dir='ltr'>palam</span> <span class='ocrx_word' id='word_1_383' title='bbox 1538 3068 1717 3152; x_wconf 79' lang='lat' dir='ltr'>indignatio</span> <span class='ocrx_word' id='word_1_384' title='bbox 1739 3087 1822 3131; x_wconf 90' lang='lat' dir='ltr'>mea.</span> <span class='ocrx_word' id='word_1_385' title='bbox 1861 3065 1951 3130; x_wconf 91' lang='lat' dir='ltr'>Ecce</span> <span class='ocrx_word' id='word_1_386' title='bbox 1971 3067 2056 3129; x_wconf 89' lang='lat' dir='ltr'>euim</span> <span class='ocrx_word' id='word_1_387' title='bbox 2078 3066 2238 3132; x_wconf 87' lang='lat' dir='ltr'>Dominus</span> <span class='ocrx_word' id='word_1_388' title='bbox 2260 3071 2446 3152; x_wconf 82' lang='lat' dir='ltr'>egredietur</span> <span class='ocrx_word' id='word_1_389' title='bbox 2468 3072 2510 3134; x_wconf 92' lang='lat' dir='ltr'>de</span> 
     </span>
     <span class='ocr_line' id='line_1_29' title="bbox 525 3150 2510 3235; baseline -0.002 -15"><span class='ocrx_word' id='word_1_390' title='bbox 525 3152 757 3230; x_wconf 81' lang='lat' dir='ltr'>vaticinantur,</span> <span class='ocrx_word' id='word_1_391' title='bbox 785 3150 972 3218; x_wconf 87' lang='lat' dir='ltr'>Ecclesiam</span> <span class='ocrx_word' id='word_1_392' title='bbox 992 3154 1026 3216; x_wconf 92' lang='lat' dir='ltr'>in</span> <span class='ocrx_word' id='word_1_393' title='bbox 1047 3151 1200 3235; x_wconf 49' lang='lat' dir='ltr'>haesita</span> <span class='ocrx_word' id='word_1_394' title='bbox 1220 3170 1395 3234; x_wconf 86' lang='lat' dir='ltr'>passuram</span> <span class='ocrx_word' id='word_1_395' title='bbox 1417 3169 1495 3214; x_wconf 91' lang='lat' dir='ltr'>esse</span> <span class='ocrx_word' id='word_1_396' title='bbox 1539 3152 1615 3217; x_wconf 88' lang='lat' dir='ltr'>loco</span> <span class='ocrx_word' id='word_1_397' title='bbox 1637 3172 1711 3230; x_wconf 91' lang='lat' dir='ltr'>suo,</span> <span class='ocrx_word' id='word_1_398' title='bbox 1732 3163 1768 3214; x_wconf 94' lang='lat' dir='ltr'>ut</span> <span class='ocrx_word' id='word_1_399' title='bbox 1785 3152 1923 3234; x_wconf 89' lang='lat' dir='ltr'>dissipet</span> <span class='ocrx_word' id='word_1_400' title='bbox 1942 3151 2143 3235; x_wconf 87' lang='lat' dir='ltr'>iniquitatem</span> <span class='ocrx_word' id='word_1_401' title='bbox 2158 3150 2367 3216; x_wconf 77' lang='lat' dir='ltr'>habitantium</span> <span class='ocrx_word' id='word_1_402' title='bbox 2387 3164 2510 3217; x_wconf 90' lang='lat' dir='ltr'>terram</span> 
     </span>
     <span class='ocr_line' id='line_1_30' title="bbox 526 3233 2508 3323; baseline 0.001 -23"><span class='ocrx_word' id='word_1_403' title='bbox 526 3237 782 3323; x_wconf 87' lang='lat' dir='ltr'>persecutiones.</span> <span class='ocrx_word' id='word_1_404' title='bbox 826 3236 919 3302; x_wconf 85' lang='lat' dir='ltr'>Sicut</span> <span class='ocrx_word' id='word_1_405' title='bbox 940 3237 1037 3301; x_wconf 90' lang='lat' dir='ltr'>docet</span> <span class='ocrx_word' id='word_1_406' title='bbox 1060 3235 1184 3300; x_wconf 87' lang='lat' dir='ltr'>Psalm.</span> <span class='ocrx_word' id='word_1_407' title='bbox 1200 3236 1232 3299; x_wconf 68' lang='lat'>2.</span> <span class='ocrx_word' id='word_1_408' title='bbox 1256 3241 1318 3312; x_wconf 92' lang='lat' dir='ltr'>[vs.</span> <span class='ocrx_word' id='word_1_409' title='bbox 1340 3234 1384 3314; x_wconf 68' lang='grc'>2.]</span> <span class='ocrx_word' id='word_1_410' title='bbox 1407 3234 1496 3298; x_wconf 78' lang='lat' dir='ltr'>Asti·</span> <span class='ocrx_word' id='word_1_411' title='bbox 1540 3247 1754 3314; x_wconf 80' lang='lat' dir='ltr'>contraeas,</span> <span class='ocrx_word' id='word_1_412' title='bbox 1783 3246 1817 3299; x_wconf 93' lang='lat' dir='ltr'>et</span> <span class='ocrx_word' id='word_1_413' title='bbox 1837 3233 1998 3300; x_wconf 89' lang='lat' dir='ltr'>revelabit</span> <span class='ocrx_word' id='word_1_414' title='bbox 2019 3246 2107 3299; x_wconf 88' lang='lat' dir='ltr'>terra</span> <span class='ocrx_word' id='word_1_415' title='bbox 2128 3237 2316 3319; x_wconf 89' lang='lat' dir='ltr'>sanguinem</span> <span class='ocrx_word' id='word_1_416' title='bbox 2338 3255 2451 3313; x_wconf 93' lang='lat' dir='ltr'>suum,</span> <span class='ocrx_word' id='word_1_417' title='bbox 2474 3252 2508 3301; x_wconf 91' lang='lat' dir='ltr'>et</span> 
     </span>
     <span class='ocr_line' id='line_1_31' title="bbox 526 3317 2507 3405; baseline 0 -21"><span class='ocrx_word' id='word_1_418' title='bbox 526 3331 637 3386; x_wconf 88' lang='lat' dir='ltr'>terunt</span> <span class='ocrx_word' id='word_1_419' title='bbox 668 3339 766 3404; x_wconf 82' lang='lat' dir='ltr'>reges</span> <span class='ocrx_word' id='word_1_420' title='bbox 800 3331 923 3398; x_wconf 90' lang='lat' dir='ltr'>terrae,</span> <span class='ocrx_word' id='word_1_421' title='bbox 956 3332 990 3384; x_wconf 92' lang='lat' dir='ltr'>et</span> <span class='ocrx_word' id='word_1_422' title='bbox 1015 3321 1182 3405; x_wconf 90' lang='lat' dir='ltr'>principes</span> <span class='ocrx_word' id='word_1_423' title='bbox 1211 3329 1436 3384; x_wconf 90' lang='lat' dir='ltr'>convenerunt</span> <span class='ocrx_word' id='word_1_424' title='bbox 1461 3320 1495 3382; x_wconf 93' lang='lat' dir='ltr'>iu</span> <span class='ocrx_word' id='word_1_425' title='bbox 1539 3341 1607 3385; x_wconf 93' lang='lat' dir='ltr'>non</span> <span class='ocrx_word' id='word_1_426' title='bbox 1639 3322 1764 3403; x_wconf 91' lang='lat' dir='ltr'>operiet</span> <span class='ocrx_word' id='word_1_427' title='bbox 1796 3318 1883 3384; x_wconf 91' lang='lat' dir='ltr'>ultra</span> <span class='ocrx_word' id='word_1_428' title='bbox 1911 3317 2103 3384; x_wconf 84' lang='lat' dir='ltr'>interfectos</span> <span class='ocrx_word' id='word_1_429' title='bbox 2132 3339 2223 3386; x_wconf 90' lang='lat' dir='ltr'>suos.</span> <span class='ocrx_word' id='word_1_430' title='bbox 2270 3319 2359 3384; x_wconf 89' lang='lat' dir='ltr'>llaec</span> <span class='ocrx_word' id='word_1_431' title='bbox 2389 3323 2507 3385; x_wconf 89' lang='lat' dir='ltr'>concio</span> 
     </span>
     <span class='ocr_line' id='line_1_32' title="bbox 525 3401 2508 3489; baseline -0.001 -19"><span class='ocrx_word' id='word_1_432' title='bbox 525 3425 626 3470; x_wconf 89' lang='lat' dir='ltr'>unum</span> <span class='ocrx_word' id='word_1_433' title='bbox 664 3404 826 3468; x_wconf 85' lang='lat' dir='ltr'>adversus</span> <span class='ocrx_word' id='word_1_434' title='bbox 854 3404 1032 3469; x_wconf 92' lang='lat' dir='ltr'>Dominum</span> <span class='ocrx_word' id='word_1_435' title='bbox 1060 3415 1093 3470; x_wconf 89' lang='lat' dir='ltr'>et</span> <span class='ocrx_word' id='word_1_436' title='bbox 1128 3407 1291 3469; x_wconf 90' lang='lat' dir='ltr'>adversus</span> <span class='ocrx_word' id='word_1_437' title='bbox 1327 3401 1495 3468; x_wconf 90' lang='lat' dir='ltr'>Christum</span> <span class='ocrx_word' id='word_1_438' title='bbox 1540 3404 1721 3471; x_wconf 87' lang='lat' dir='ltr'>clarissime</span> <span class='ocrx_word' id='word_1_439' title='bbox 1757 3402 1902 3489; x_wconf 91' lang='lat' dir='ltr'>loquitur</span> <span class='ocrx_word' id='word_1_440' title='bbox 1933 3406 1974 3468; x_wconf 88' lang='lat' dir='ltr'>de</span> <span class='ocrx_word' id='word_1_441' title='bbox 2006 3404 2242 3470; x_wconf 83' lang='lat' dir='ltr'>resuscitandis</span> <span class='ocrx_word' id='word_1_442' title='bbox 2273 3406 2423 3482; x_wconf 91' lang='lat' dir='ltr'>mortuis,</span> <span class='ocrx_word' id='word_1_443' title='bbox 2464 3407 2508 3469; x_wconf 93' lang='lat' dir='ltr'>de</span> 
     </span>
     <span class='ocr_line' id='line_1_33' title="bbox 526 3485 2508 3575; baseline 0.002 -23"><span class='ocrx_word' id='word_1_444' title='bbox 526 3489 608 3552; x_wconf 84' lang='lat' dir='ltr'>aias.</span> <span class='ocrx_word' id='word_1_445' title='bbox 650 3486 693 3550; x_wconf 89' lang='lat' dir='ltr'>Et</span> <span class='ocrx_word' id='word_1_446' title='bbox 710 3485 832 3552; x_wconf 87' lang='lat' dir='ltr'>Psalm.</span> <span class='ocrx_word' id='word_1_447' title='bbox 847 3488 919 3551; x_wconf 87' lang='lat'>115.</span> <span class='ocrx_word' id='word_1_448' title='bbox 938 3495 998 3565; x_wconf 90' lang='lat' dir='ltr'>[vs.</span> <span class='ocrx_word' id='word_1_449' title='bbox 1011 3487 1043 3565; x_wconf 88' lang='grc'>6,</span> <span class='ocrx_word' id='word_1_450' title='bbox 1059 3488 1101 3554; x_wconf 87' lang='lat' dir='ltr'>al.</span> <span class='ocrx_word' id='word_1_451' title='bbox 1115 3488 1189 3566; x_wconf 85' lang='grc'><strong>114,</strong></span> <span class='ocrx_word' id='word_1_452' title='bbox 1209 3488 1272 3566; x_wconf 83' lang='grc'><strong>15.]</strong></span> <span class='ocrx_word' id='word_1_453' title='bbox 1288 3485 1442 3552; x_wconf 89' lang='lat' dir='ltr'>Pretiosa</span> <span class='ocrx_word' id='word_1_454' title='bbox 1460 3489 1494 3550; x_wconf 92' lang='lat' dir='ltr'>in</span> <span class='ocrx_word' id='word_1_455' title='bbox 1539 3490 1667 3575; x_wconf 88' lang='lat' dir='ltr'>gaudiis</span> <span class='ocrx_word' id='word_1_456' title='bbox 1690 3499 1892 3566; x_wconf 87' lang='lat' dir='ltr'>sanctorum,</span> <span class='ocrx_word' id='word_1_457' title='bbox 1913 3491 1955 3553; x_wconf 93' lang='lat' dir='ltr'>de</span> <span class='ocrx_word' id='word_1_458' title='bbox 1975 3491 2091 3572; x_wconf 92' lang='lat' dir='ltr'>poenis</span> <span class='ocrx_word' id='word_1_459' title='bbox 2113 3491 2283 3572; x_wconf 89' lang='lat' dir='ltr'>impioram</span> <span class='ocrx_word' id='word_1_460' title='bbox 2301 3501 2332 3552; x_wconf 89' lang='lat' dir='ltr'>et</span> <span class='ocrx_word' id='word_1_461' title='bbox 2350 3491 2391 3554; x_wconf 93' lang='lat' dir='ltr'>de</span> <span class='ocrx_word' id='word_1_462' title='bbox 2412 3510 2508 3572; x_wconf 89' lang='lat' dir='ltr'>prae·</span> 
     </span>
     <span class='ocr_line' id='line_1_34' title="bbox 525 3569 2508 3659; baseline -0.001 -21"><span class='ocrx_word' id='word_1_463' title='bbox 525 3583 707 3654; x_wconf 85' lang='lat' dir='ltr'>conspectu</span> <span class='ocrx_word' id='word_1_464' title='bbox 718 3572 852 3635; x_wconf 91' lang='lat' dir='ltr'>Domini</span> <span class='ocrx_word' id='word_1_465' title='bbox 868 3593 959 3637; x_wconf 94' lang='lat' dir='ltr'>mors</span> <span class='ocrx_word' id='word_1_466' title='bbox 977 3584 1169 3637; x_wconf 89' lang='lat' dir='ltr'>sanctorum</span> <span class='ocrx_word' id='word_1_467' title='bbox 1187 3575 1266 3637; x_wconf 87' lang='lat' dir='ltr'>eius.</span> <span class='ocrx_word' id='word_1_468' title='bbox 1310 3571 1353 3635; x_wconf 94' lang='lat' dir='ltr'>Et</span> <span class='ocrx_word' id='word_1_469' title='bbox 1369 3569 1493 3635; x_wconf 90' lang='lat' dir='ltr'>Psalm.</span> <span class='ocrx_word' id='word_1_470' title='bbox 1538 3576 1623 3639; x_wconf 87' lang='lat' dir='ltr'>senti</span> <span class='ocrx_word' id='word_1_471' title='bbox 1651 3571 1829 3639; x_wconf 82' lang='lat' dir='ltr'>aillictione</span> <span class='ocrx_word' id='word_1_472' title='bbox 1855 3570 2038 3637; x_wconf 87' lang='lat' dir='ltr'>Ecclesiae.</span> <span class='ocrx_word' id='word_1_473' title='bbox 2089 3573 2200 3645; x_wconf 88' lang='lat' dir='ltr'>Quare</span> <span class='ocrx_word' id='word_1_474' title='bbox 2228 3573 2400 3659; x_wconf 86' lang='lat' dir='ltr'>diligenter</span> <span class='ocrx_word' id='word_1_475' title='bbox 2429 3594 2508 3637; x_wconf 92' lang='lat' dir='ltr'>con-</span> 
     </span>
     <span class='ocr_line' id='line_1_35' title="bbox 526 3654 2509 3760; baseline 0.002 -42"><span class='ocrx_word' id='word_1_476' title='bbox 526 3654 579 3720; x_wconf 82' lang='lat'>⁷1.</span> <span class='ocrx_word' id='word_1_477' title='bbox 592 3659 637 3730; x_wconf 79' lang='lat'>⁰⁴)</span> <span class='ocrx_word' id='word_1_478' title='bbox 687 3655 861 3721; x_wconf 83' lang='lat' dir='ltr'>Pretiosos</span> <span class='ocrx_word' id='word_1_479' title='bbox 889 3657 1027 3760; x_wconf 75' lang='lat' dir='ltr'>sanguis</span> <span class='ocrx_word' id='word_1_480' title='bbox 1056 3676 1169 3720; x_wconf 93' lang='lat' dir='ltr'>eorum</span> <span class='ocrx_word' id='word_1_481' title='bbox 1192 3677 1304 3721; x_wconf 89' lang='lat' dir='ltr'>coram</span> <span class='ocrx_word' id='word_1_482' title='bbox 1323 3657 1408 3737; x_wconf 90' lang='lat' dir='ltr'>ipso.</span> <span class='ocrx_word' id='word_1_483' title='bbox 1451 3654 1495 3718; x_wconf 91' lang='lat' dir='ltr'>Et</span> <span class='ocrx_word' id='word_1_484' title='bbox 1538 3659 1714 3724; x_wconf 91' lang='lat' dir='ltr'>siderauda</span> <span class='ocrx_word' id='word_1_485' title='bbox 1740 3669 1802 3722; x_wconf 92' lang='lat' dir='ltr'>est.</span> <span class='ocrx_word' id='word_1_486' title='bbox 1845 3655 1966 3721; x_wconf 86' lang='lat' dir='ltr'>Mortui</span> <span class='ocrx_word' id='word_1_487' title='bbox 1994 3658 2058 3735; x_wconf 92' lang='lat' dir='ltr'>tui,</span> <span class='ocrx_word' id='word_1_488' title='bbox 2085 3658 2205 3741; x_wconf 91' lang='lat' dir='ltr'>inquit,</span> <span class='ocrx_word' id='word_1_489' title='bbox 2235 3660 2356 3723; x_wconf 90' lang='lat' dir='ltr'>vivent.</span> <span class='ocrx_word' id='word_1_490' title='bbox 2399 3659 2509 3722; x_wconf 89' lang='lat' dir='ltr'>Vocat</span> 
     </span>
     <span class='ocr_line' id='line_1_36' title="bbox 525 3738 2508 3824; baseline -0.001 -19"><span class='ocrx_word' id='word_1_491' title='bbox 525 3752 667 3805; x_wconf 84' lang='lat' dir='ltr'>venuste</span> <span class='ocrx_word' id='word_1_492' title='bbox 700 3742 858 3805; x_wconf 90' lang='lat' dir='ltr'>describit</span> <span class='ocrx_word' id='word_1_493' title='bbox 889 3740 1007 3805; x_wconf 77' lang='lat' dir='ltr'>Esaias</span> <span class='ocrx_word' id='word_1_494' title='bbox 1040 3738 1226 3805; x_wconf 90' lang='lat' dir='ltr'>Ecclesiam</span> <span class='ocrx_word' id='word_1_495' title='bbox 1254 3742 1287 3803; x_wconf 92' lang='lat' dir='ltr'>in</span> <span class='ocrx_word' id='word_1_496' title='bbox 1319 3739 1383 3802; x_wconf 91' lang='lat' dir='ltr'>hac</span> <span class='ocrx_word' id='word_1_497' title='bbox 1415 3741 1494 3817; x_wconf 86' lang='lat' dir='ltr'>vita,</span> <span class='ocrx_word' id='word_1_498' title='bbox 1538 3754 1673 3807; x_wconf 91' lang='lat' dir='ltr'>sanctos</span> <span class='ocrx_word' id='word_1_499' title='bbox 1702 3755 1850 3806; x_wconf 90' lang='lat' dir='ltr'>mortuos</span> <span class='ocrx_word' id='word_1_500' title='bbox 1878 3741 1959 3819; x_wconf 90' lang='lat' dir='ltr'>Dei,</span> <span class='ocrx_word' id='word_1_501' title='bbox 1986 3751 2022 3805; x_wconf 92' lang='lat' dir='ltr'>ut</span> <span class='ocrx_word' id='word_1_502' title='bbox 2051 3741 2214 3824; x_wconf 85' lang='lat' dir='ltr'>significet</span> <span class='ocrx_word' id='word_1_503' title='bbox 2242 3741 2427 3808; x_wconf 86' lang='lat' dir='ltr'>Ecclesiam</span> <span class='ocrx_word' id='word_1_504' title='bbox 2455 3743 2508 3807; x_wconf 87' lang='lat' dir='ltr'>hir</span> 
     </span>
     <span class='ocr_line' id='line_1_37' title="bbox 527 3823 2509 3911; baseline 0.001 -23"><span class='ocrx_word' id='word_1_505' title='bbox 527 3843 597 3907; x_wconf 85' lang='lat' dir='ltr'>cap.</span> <span class='ocrx_word' id='word_1_506' title='bbox 620 3823 672 3887; x_wconf 84' lang='lat'>30.</span> <span class='ocrx_word' id='word_1_507' title='bbox 696 3831 759 3902; x_wconf 90' lang='lat' dir='ltr'>[vs.</span> <span class='ocrx_word' id='word_1_508' title='bbox 782 3825 847 3902; x_wconf 66' lang='lat' dir='ltr'>DQ]</span> <span class='ocrx_word' id='word_1_509' title='bbox 879 3823 981 3890; x_wconf 89' lang='lat' dir='ltr'>Dabit</span> <span class='ocrx_word' id='word_1_510' title='bbox 1003 3826 1098 3888; x_wconf 91' lang='lat' dir='ltr'>vobis</span> <span class='ocrx_word' id='word_1_511' title='bbox 1119 3823 1280 3888; x_wconf 87' lang='lat' dir='ltr'>Dominus</span> <span class='ocrx_word' id='word_1_512' title='bbox 1301 3843 1421 3905; x_wconf 90' lang='lat' dir='ltr'>panem</span> <span class='ocrx_word' id='word_1_513' title='bbox 1443 3845 1494 3886; x_wconf 90' lang='lat' dir='ltr'>ar·</span> <span class='ocrx_word' id='word_1_514' title='bbox 1538 3823 1641 3911; x_wconf 84' lang='lat' dir='ltr'>affligi</span> <span class='ocrx_word' id='word_1_515' title='bbox 1663 3839 1798 3908; x_wconf 91' lang='lat' dir='ltr'>propter</span> <span class='ocrx_word' id='word_1_516' title='bbox 1815 3825 1933 3890; x_wconf 93' lang='lat' dir='ltr'>Deum.</span> <span class='ocrx_word' id='word_1_517' title='bbox 1963 3825 2003 3897; x_wconf 88' lang='lat' dir='ltr'>Q.</span> <span class='ocrx_word' id='word_1_518' title='bbox 2023 3826 2054 3888; x_wconf 95' lang='lat' dir='ltr'>d.</span> <span class='ocrx_word' id='word_1_519' title='bbox 2068 3830 2113 3901; x_wconf 82' lang='lat'>⁹⁸)</span> <span class='ocrx_word' id='word_1_520' title='bbox 2135 3823 2205 3891; x_wconf 89' lang='lat' dir='ltr'>Filii</span> <span class='ocrx_word' id='word_1_521' title='bbox 2226 3828 2275 3891; x_wconf 91' lang='lat' dir='ltr'>tui</span> <span class='ocrx_word' id='word_1_522' title='bbox 2297 3831 2389 3910; x_wconf 81' lang='lat' dir='ltr'>et⁹⁹)</span> <span class='ocrx_word' id='word_1_523' title='bbox 2412 3829 2509 3892; x_wconf 90' lang='lat' dir='ltr'>inter·</span> 
     </span>
     <span class='ocr_line' id='line_1_38' title="bbox 526 3903 2508 3994; baseline 0.002 -24"><span class='ocrx_word' id='word_1_524' title='bbox 526 3918 614 3970; x_wconf 89' lang='lat' dir='ltr'>ctum</span> <span class='ocrx_word' id='word_1_525' title='bbox 635 3919 668 3970; x_wconf 88' lang='lat' dir='ltr'>et</span> <span class='ocrx_word' id='word_1_526' title='bbox 689 3927 807 3991; x_wconf 88' lang='lat' dir='ltr'>aquam</span> <span class='ocrx_word' id='word_1_527' title='bbox 829 3909 992 3992; x_wconf 79' lang='lat' dir='ltr'>exiguam,</span> <span class='ocrx_word' id='word_1_528' title='bbox 1015 3919 1049 3971; x_wconf 91' lang='lat' dir='ltr'>et</span> <span class='ocrx_word' id='word_1_529' title='bbox 1069 3928 1137 3972; x_wconf 92' lang='lat' dir='ltr'>non</span> <span class='ocrx_word' id='word_1_530' title='bbox 1159 3903 1288 3971; x_wconf 74' lang='lat' dir='ltr'>auferet</span> <span class='ocrx_word' id='word_1_531' title='bbox 1307 3906 1395 3970; x_wconf 91' lang='lat' dir='ltr'>ultra</span> <span class='ocrx_word' id='word_1_532' title='bbox 1417 3926 1439 3969; x_wconf 91' lang='lat' dir='ltr'>a</span> <span class='ocrx_word' id='word_1_533' title='bbox 1461 3918 1494 3970; x_wconf 92' lang='lat' dir='ltr'>te</span> <span class='ocrx_word' id='word_1_534' title='bbox 1539 3908 1617 3974; x_wconf 79' lang='lat' dir='ltr'>fecti</span> <span class='ocrx_word' id='word_1_535' title='bbox 1638 3923 1773 3994; x_wconf 90' lang='lat' dir='ltr'>propter</span> <span class='ocrx_word' id='word_1_536' title='bbox 1794 3921 1844 3987; x_wconf 91' lang='lat' dir='ltr'>te,</span> <span class='ocrx_word' id='word_1_537' title='bbox 1872 3910 1981 3992; x_wconf 88' lang='lat' dir='ltr'>etqui</span> <span class='ocrx_word' id='word_1_538' title='bbox 2003 3911 2059 3973; x_wconf 92' lang='lat' dir='ltr'>tibi</span> <span class='ocrx_word' id='word_1_539' title='bbox 2081 3930 2183 3975; x_wconf 90' lang='lat' dir='ltr'>curae</span> <span class='ocrx_word' id='word_1_540' title='bbox 2205 3923 2299 3990; x_wconf 90' lang='lat' dir='ltr'>sunt,</span> <span class='ocrx_word' id='word_1_541' title='bbox 2323 3914 2439 3976; x_wconf 88' lang='lat' dir='ltr'>iterum</span> <span class='ocrx_word' id='word_1_542' title='bbox 2461 3913 2508 3974; x_wconf 89' lang='lat' dir='ltr'>vi·</span> 
     </span>
     <span class='ocr_line' id='line_1_39' title="bbox 526 3989 2506 4070; baseline 0.001 -15"><span class='ocrx_word' id='word_1_543' title='bbox 526 3990 695 4055; x_wconf 89' lang='lat' dir='ltr'>doctorem</span> <span class='ocrx_word' id='word_1_544' title='bbox 722 4003 812 4055; x_wconf 91' lang='lat' dir='ltr'>tuum</span> <span class='ocrx_word' id='word_1_545' title='bbox 841 4003 903 4056; x_wconf 86' lang='lat' dir='ltr'>etc.</span> <span class='ocrx_word' id='word_1_546' title='bbox 955 3991 1016 4055; x_wconf 88' lang='lat' dir='ltr'>llic</span> <span class='ocrx_word' id='word_1_547' title='bbox 1042 4003 1181 4057; x_wconf 87' lang='lat' dir='ltr'>testatur</span> <span class='ocrx_word' id='word_1_548' title='bbox 1202 3989 1388 4055; x_wconf 85' lang='lat' dir='ltr'>Ecclesiam</span> <span class='ocrx_word' id='word_1_549' title='bbox 1416 4011 1494 4054; x_wconf 92' lang='lat' dir='ltr'>con·</span> <span class='ocrx_word' id='word_1_550' title='bbox 1538 4006 1627 4059; x_wconf 92' lang='lat' dir='ltr'>vent.</span> <span class='ocrx_word' id='word_1_551' title='bbox 1672 3992 1788 4067; x_wconf 91' lang='lat' dir='ltr'>Qualis</span> <span class='ocrx_word' id='word_1_552' title='bbox 1814 4005 1923 4057; x_wconf 92' lang='lat' dir='ltr'>autem</span> <span class='ocrx_word' id='word_1_553' title='bbox 1950 3994 2011 4057; x_wconf 90' lang='lat' dir='ltr'>erit</span> <span class='ocrx_word' id='word_1_554' title='bbox 2031 3995 2100 4057; x_wconf 93' lang='lat' dir='ltr'>vita</span> <span class='ocrx_word' id='word_1_555' title='bbox 2120 3995 2274 4059; x_wconf 69' lang='lat' dir='ltr'>aeterna?</span> <span class='ocrx_word' id='word_1_556' title='bbox 2316 3994 2506 4070; x_wconf 88' lang='lat' dir='ltr'>Laetamini,</span> 
     </span>
     <span class='ocr_line' id='line_1_40' title="bbox 527 4073 2506 4163; baseline 0.002 -25"><span class='ocrx_word' id='word_1_557' title='bbox 527 4075 723 4138; x_wconf 89' lang='lat' dir='ltr'>servandam</span> <span class='ocrx_word' id='word_1_558' title='bbox 741 4093 827 4154; x_wconf 90' lang='lat' dir='ltr'>esse,</span> <span class='ocrx_word' id='word_1_559' title='bbox 844 4075 905 4138; x_wconf 92' lang='lat' dir='ltr'>sed</span> <span class='ocrx_word' id='word_1_560' title='bbox 921 4087 1030 4139; x_wconf 88' lang='lat' dir='ltr'>tamen</span> <span class='ocrx_word' id='word_1_561' title='bbox 1045 4074 1349 4141; x_wconf 84' lang='lat' dir='ltr'>interalllictiones.</span> <span class='ocrx_word' id='word_1_562' title='bbox 1374 4073 1496 4140; x_wconf 90' lang='lat' dir='ltr'>Daniel</span> <span class='ocrx_word' id='word_1_563' title='bbox 1537 4081 1655 4163; x_wconf 88' lang='lat' dir='ltr'>lnquit;</span> <span class='ocrx_word' id='word_1_564' title='bbox 1692 4077 1758 4142; x_wconf 91' lang='lat' dir='ltr'>hoc</span> <span class='ocrx_word' id='word_1_565' title='bbox 1791 4090 1860 4157; x_wconf 90' lang='lat' dir='ltr'>est,</span> <span class='ocrx_word' id='word_1_566' title='bbox 1892 4080 1959 4163; x_wconf 92' lang='lat' dir='ltr'>pii,</span> <span class='ocrx_word' id='word_1_567' title='bbox 1995 4091 2155 4161; x_wconf 92' lang='lat' dir='ltr'>perpetua</span> <span class='ocrx_word' id='word_1_568' title='bbox 2185 4077 2324 4160; x_wconf 89' lang='lat' dir='ltr'>laetitia,</span> <span class='ocrx_word' id='word_1_569' title='bbox 2357 4075 2506 4160; x_wconf 82' lang='lat' dir='ltr'>perfecta</span> 
     </span>
     <span class='ocr_line' id='line_1_41' title="bbox 527 4157 2506 4249; baseline 0.003 -27"><span class='ocrx_word' id='word_1_570' title='bbox 527 4157 646 4241; x_wconf 77' lang='lat' dir='ltr'>[capii.</span> <span class='ocrx_word' id='word_1_571' title='bbox 648 4165 783 4241; x_wconf 70' lang='lat' dir='ltr'>laperte</span> <span class='ocrx_word' id='word_1_572' title='bbox 793 4160 990 4224; x_wconf 88' lang='lat' dir='ltr'>vaticinatur</span> <span class='ocrx_word' id='word_1_573' title='bbox 1000 4161 1286 4245; x_wconf 85' lang='lat' dir='ltr'>depersecutione</span> <span class='ocrx_word' id='word_1_574' title='bbox 1297 4171 1374 4224; x_wconf 90' lang='lat' dir='ltr'>ante</span> <span class='ocrx_word' id='word_1_575' title='bbox 1384 4161 1496 4224; x_wconf 86' lang='lat' dir='ltr'>novis·</span> <span class='ocrx_word' id='word_1_576' title='bbox 1538 4166 1722 4249; x_wconf 89' lang='lat' dir='ltr'>cognitione</span> <span class='ocrx_word' id='word_1_577' title='bbox 1744 4162 1808 4228; x_wconf 90' lang='lat' dir='ltr'>Dei</span> <span class='ocrx_word' id='word_1_578' title='bbox 1836 4175 1868 4227; x_wconf 90' lang='lat' dir='ltr'>et</span> <span class='ocrx_word' id='word_1_579' title='bbox 1894 4159 2042 4246; x_wconf 82' lang='lat' dir='ltr'>perfecta</span> <span class='ocrx_word' id='word_1_580' title='bbox 2067 4164 2188 4227; x_wconf 90' lang='lat' dir='ltr'>iustitia</span> <span class='ocrx_word' id='word_1_581' title='bbox 2216 4165 2287 4229; x_wconf 90' lang='lat' dir='ltr'>sine</span> <span class='ocrx_word' id='word_1_582' title='bbox 2308 4174 2448 4244; x_wconf 90' lang='lat' dir='ltr'>peccato</span> <span class='ocrx_word' id='word_1_583' title='bbox 2472 4176 2506 4227; x_wconf 92' lang='lat' dir='ltr'>et</span> 
     </span>
     <span class='ocr_line' id='line_1_42' title="bbox 525 4243 2506 4332; baseline 0.003 -25"><span class='ocrx_word' id='word_1_584' title='bbox 525 4243 642 4307; x_wconf 89' lang='lat' dir='ltr'>simum</span> <span class='ocrx_word' id='word_1_585' title='bbox 659 4243 760 4316; x_wconf 82' lang='lat' dir='ltr'>diem3</span> <span class='ocrx_word' id='word_1_586' title='bbox 783 4243 850 4321; x_wconf 72' lang='lat' dir='ltr'>ill,</span> <span class='ocrx_word' id='word_1_587' title='bbox 871 4243 937 4322; x_wconf 85' lang='lat'>33.]</span> <span class='ocrx_word' id='word_1_588' title='bbox 960 4244 1003 4308; x_wconf 93' lang='lat' dir='ltr'>Et</span> <span class='ocrx_word' id='word_1_589' title='bbox 1024 4246 1114 4310; x_wconf 91' lang='lat' dir='ltr'>docti</span> <span class='ocrx_word' id='word_1_590' title='bbox 1135 4248 1167 4308; x_wconf 92' lang='lat' dir='ltr'>in</span> <span class='ocrx_word' id='word_1_591' title='bbox 1188 4244 1311 4328; x_wconf 91' lang='lat' dir='ltr'>populo</span> <span class='ocrx_word' id='word_1_592' title='bbox 1330 4244 1496 4308; x_wconf 90' lang='lat' dir='ltr'>docebunt</span> <span class='ocrx_word' id='word_1_593' title='bbox 1536 4260 1643 4315; x_wconf 93' lang='lat' dir='ltr'>morte</span> <span class='ocrx_word' id='word_1_594' title='bbox 1666 4268 1796 4332; x_wconf 92' lang='lat' dir='ltr'>semper</span> <span class='ocrx_word' id='word_1_595' title='bbox 1817 4250 1969 4313; x_wconf 92' lang='lat' dir='ltr'>virebunt</span> <span class='ocrx_word' id='word_1_596' title='bbox 1991 4259 2022 4311; x_wconf 92' lang='lat' dir='ltr'>et</span> <span class='ocrx_word' id='word_1_597' title='bbox 2045 4246 2210 4312; x_wconf 88' lang='lat' dir='ltr'>llorebunt</span> <span class='ocrx_word' id='word_1_598' title='bbox 2231 4250 2317 4312; x_wconf 90' lang='lat' dir='ltr'>siout</span> <span class='ocrx_word' id='word_1_599' title='bbox 2337 4257 2433 4330; x_wconf 91' lang='lat' dir='ltr'>prata</span> <span class='ocrx_word' id='word_1_600' title='bbox 2455 4267 2506 4312; x_wconf 91' lang='lat' dir='ltr'>re-</span> 
     </span>
     <span class='ocr_line' id='line_1_43' title="bbox 525 4324 2506 4417; baseline 0.004 -28"><span class='ocrx_word' id='word_1_601' title='bbox 525 4324 695 4410; x_wconf 87' lang='lat' dir='ltr'>plurimos,</span> <span class='ocrx_word' id='word_1_602' title='bbox 719 4338 752 4390; x_wconf 91' lang='lat' dir='ltr'>et</span> <span class='ocrx_word' id='word_1_603' title='bbox 773 4341 868 4392; x_wconf 90' lang='lat' dir='ltr'>ruent</span> <span class='ocrx_word' id='word_1_604' title='bbox 888 4330 923 4391; x_wconf 91' lang='lat' dir='ltr'>in</span> <span class='ocrx_word' id='word_1_605' title='bbox 945 4326 1063 4413; x_wconf 83' lang='lat' dir='ltr'>gladio.</span> <span class='ocrx_word' id='word_1_606' title='bbox 1109 4329 1151 4393; x_wconf 93' lang='lat' dir='ltr'>Et</span> <span class='ocrx_word' id='word_1_607' title='bbox 1172 4341 1291 4412; x_wconf 91' lang='lat' dir='ltr'>postea</span> <span class='ocrx_word' id='word_1_608' title='bbox 1313 4328 1422 4393; x_wconf 89' lang='lat' dir='ltr'>statim</span> <span class='ocrx_word' id='word_1_609' title='bbox 1444 4349 1495 4392; x_wconf 90' lang='lat' dir='ltr'>se-</span> <span class='ocrx_word' id='word_1_610' title='bbox 1537 4336 1707 4398; x_wconf 87' lang='lat' dir='ltr'>virescunt</span> <span class='ocrx_word' id='word_1_611' title='bbox 1733 4352 1819 4397; x_wconf 91' lang='lat' dir='ltr'>rore.</span> <span class='ocrx_word' id='word_1_612' title='bbox 1863 4331 1992 4396; x_wconf 90' lang='lat' dir='ltr'>Deinde</span> <span class='ocrx_word' id='word_1_613' title='bbox 2018 4334 2163 4417; x_wconf 79' lang='lat' dir='ltr'>aspergit</span> <span class='ocrx_word' id='word_1_614' title='bbox 2185 4329 2443 4397; x_wconf 90' lang='lat' dir='ltr'>consolationem</span> <span class='ocrx_word' id='word_1_615' title='bbox 2465 4333 2506 4397; x_wconf 94' lang='lat' dir='ltr'>de</span> 
     </span>
     <span class='ocr_line' id='line_1_44' title="bbox 525 4410 2505 4502; baseline 0.003 -28"><span class='ocrx_word' id='word_1_616' title='bbox 525 4410 636 4494; x_wconf 92' lang='lat' dir='ltr'>quitur</span> <span class='ocrx_word' id='word_1_617' title='bbox 659 4410 725 4489; x_wconf 73' lang='lat' dir='ltr'>HD,</span> <span class='ocrx_word' id='word_1_618' title='bbox 749 4412 766 4473; x_wconf 93' lang='lat' dir='ltr'>l</span> <span class='ocrx_word' id='word_1_619' title='bbox 790 4420 872 4496; x_wconf 86' lang='lat' dir='ltr'>sq.]:</span> <span class='ocrx_word' id='word_1_620' title='bbox 891 4412 928 4474; x_wconf 90' lang='lat' dir='ltr'>lrr</span> <span class='ocrx_word' id='word_1_621' title='bbox 950 4423 1097 4498; x_wconf 91' lang='lat' dir='ltr'>tempore</span> <span class='ocrx_word' id='word_1_622' title='bbox 1112 4412 1171 4478; x_wconf 92' lang='lat' dir='ltr'>illo</span> <span class='ocrx_word' id='word_1_623' title='bbox 1195 4410 1377 4478; x_wconf 84' lang='lat' dir='ltr'>salvabitru</span> <span class='ocrx_word' id='word_1_624' title='bbox 1392 4434 1495 4499; x_wconf 92' lang='lat' dir='ltr'>popu·</span> <span class='ocrx_word' id='word_1_625' title='bbox 1537 4417 1780 4483; x_wconf 84' lang='lat' dir='ltr'>afflictionibus.</span> <span class='ocrx_word' id='word_1_626' title='bbox 1824 4417 1891 4482; x_wconf 91' lang='lat' dir='ltr'>Sed</span> <span class='ocrx_word' id='word_1_627' title='bbox 1913 4416 2088 4500; x_wconf 89' lang='lat' dir='ltr'>aliquantis</span> <span class='ocrx_word' id='word_1_628' title='bbox 2112 4437 2149 4480; x_wconf 91' lang='lat' dir='ltr'>er</span> <span class='ocrx_word' id='word_1_629' title='bbox 2170 4428 2300 4502; x_wconf 88' lang='lat' dir='ltr'>oportet</span> <span class='ocrx_word' id='word_1_630' title='bbox 2319 4414 2505 4482; x_wconf 89' lang='lat' dir='ltr'>Ecclesiam</span> 
     </span>
     <span class='ocr_line' id='line_1_45' title="bbox 525 4438 2506 4588; baseline 0.004 -33"><span class='ocrx_word' id='word_1_631' title='bbox 525 4492 578 4557; x_wconf 90' lang='lat' dir='ltr'>lus</span> <span class='ocrx_word' id='word_1_632' title='bbox 599 4503 676 4559; x_wconf 77' lang='lat' dir='ltr'>taus</span> <span class='ocrx_word' id='word_1_633' title='bbox 698 4498 820 4573; x_wconf 88' lang='lat' dir='ltr'>omnis,</span> <span class='ocrx_word' id='word_1_634' title='bbox 842 4498 898 4581; x_wconf 93' lang='lat' dir='ltr'>qui</span> <span class='ocrx_word' id='word_1_635' title='bbox 920 4498 1063 4579; x_wconf 89' lang='lat' dir='ltr'>scriptus</span> <span class='ocrx_word' id='word_1_636' title='bbox 1086 4509 1137 4562; x_wconf 92' lang='lat' dir='ltr'>est</span> <span class='ocrx_word' id='word_1_637' title='bbox 1157 4499 1192 4562; x_wconf 90' lang='lat' dir='ltr'>iu</span> <span class='ocrx_word' id='word_1_638' title='bbox 1212 4498 1316 4572; x_wconf 89' lang='lat' dir='ltr'>libro;</span> <span class='ocrx_word' id='word_1_639' title='bbox 1349 4496 1494 4562; x_wconf 91' lang='lat' dir='ltr'>etmulti</span> <span class='ocrx_word' id='word_1_640' title='bbox 1537 4500 1640 4588; x_wconf 82' lang='lat' dir='ltr'>affligi</span> <span class='ocrx_word' id='word_1_641' title='bbox 1667 4517 1700 4568; x_wconf 91' lang='lat' dir='ltr'>et</span> <span class='ocrx_word' id='word_1_642' title='bbox 1728 4515 1864 4566; x_wconf 90' lang='lat' dir='ltr'>mortem</span> <span class='ocrx_word' id='word_1_643' title='bbox 1897 4503 2032 4585; x_wconf 90' lang='lat' dir='ltr'>perpeti.</span> <span class='ocrx_word' id='word_1_644' title='bbox 2082 4438 2196 4567; x_wconf 70' lang='lat' dir='ltr'>Erunt</span> <span class='ocrx_word' id='word_1_645' title='bbox 2212 4498 2329 4566; x_wconf 88' lang='lat' dir='ltr'>inclusi</span> <span class='ocrx_word' id='word_1_646' title='bbox 2357 4499 2506 4566; x_wconf 89' lang='lat' dir='ltr'>velutin</span> 
     </span>
     <span class='ocr_line' id='line_1_46' title="bbox 525 4576 2506 4668; baseline 0.004 -28"><span class='ocrx_word' id='word_1_647' title='bbox 525 4579 567 4640; x_wconf 92' lang='lat' dir='ltr'>de</span> <span class='ocrx_word' id='word_1_648' title='bbox 588 4576 651 4656; x_wconf 91' lang='lat' dir='ltr'>his,</span> <span class='ocrx_word' id='word_1_649' title='bbox 672 4580 729 4663; x_wconf 91' lang='lat' dir='ltr'>qui</span> <span class='ocrx_word' id='word_1_650' title='bbox 751 4580 914 4645; x_wconf 90' lang='lat' dir='ltr'>dormiunt</span> <span class='ocrx_word' id='word_1_651' title='bbox 936 4583 969 4644; x_wconf 91' lang='lat' dir='ltr'>in</span> <span class='ocrx_word' id='word_1_652' title='bbox 991 4594 1100 4646; x_wconf 90' lang='lat' dir='ltr'>terrae</span> <span class='ocrx_word' id='word_1_653' title='bbox 1114 4582 1264 4664; x_wconf 89' lang='lat' dir='ltr'>pulvere,</span> <span class='ocrx_word' id='word_1_654' title='bbox 1281 4580 1494 4668; x_wconf 82' lang='lat' dir='ltr'>evigilabunt,</span> <span class='ocrx_word' id='word_1_655' title='bbox 1538 4585 1707 4665; x_wconf 87' lang='lat' dir='ltr'>cubiculo,</span> <span class='ocrx_word' id='word_1_656' title='bbox 1730 4585 1874 4651; x_wconf 87' lang='lat' dir='ltr'>scilicet:</span> <span class='ocrx_word' id='word_1_657' title='bbox 1899 4585 1982 4658; x_wconf 88' lang='lat' dir='ltr'>Quia</span> <span class='ocrx_word' id='word_1_658' title='bbox 2005 4588 2226 4650; x_wconf 88' lang='lat' dir='ltr'>servabuntur</span> <span class='ocrx_word' id='word_1_659' title='bbox 2246 4588 2278 4648; x_wconf 92' lang='lat' dir='ltr'>in</span> <span class='ocrx_word' id='word_1_660' title='bbox 2301 4583 2452 4649; x_wconf 86' lang='lat' dir='ltr'>Ecclesia</span> <span class='ocrx_word' id='word_1_661' title='bbox 2473 4601 2506 4649; x_wconf 91' lang='lat' dir='ltr'>et</span> 
     </span>
     <span class='ocr_line' id='line_1_47' title="bbox 525 4659 2505 4756; baseline 0.004 -33"><span class='ocrx_word' id='word_1_662' title='bbox 525 4659 581 4724; x_wconf 88' lang='lat' dir='ltr'>alii</span> <span class='ocrx_word' id='word_1_663' title='bbox 600 4663 632 4725; x_wconf 91' lang='lat' dir='ltr'>in</span> <span class='ocrx_word' id='word_1_664' title='bbox 650 4665 749 4728; x_wconf 89' lang='lat' dir='ltr'>vitam</span> <span class='ocrx_word' id='word_1_665' title='bbox 771 4675 955 4743; x_wconf 90' lang='lat' dir='ltr'>aeternam,</span> <span class='ocrx_word' id='word_1_666' title='bbox 976 4665 1032 4729; x_wconf 90' lang='lat' dir='ltr'>alii</span> <span class='ocrx_word' id='word_1_667' title='bbox 1054 4669 1086 4729; x_wconf 91' lang='lat' dir='ltr'>in</span> <span class='ocrx_word' id='word_1_668' title='bbox 1109 4669 1321 4752; x_wconf 91' lang='lat' dir='ltr'>opprobrium</span> <span class='ocrx_word' id='word_1_669' title='bbox 1338 4669 1384 4753; x_wconf 78' lang='lat'>⁹⁶)</span> <span class='ocrx_word' id='word_1_670' title='bbox 1408 4689 1494 4733; x_wconf 91' lang='lat' dir='ltr'>sern-</span> <span class='ocrx_word' id='word_1_671' title='bbox 1536 4675 1639 4738; x_wconf 91' lang='lat' dir='ltr'>verbo</span> <span class='ocrx_word' id='word_1_672' title='bbox 1668 4692 1774 4756; x_wconf 90' lang='lat' dir='ltr'>usque</span> <span class='ocrx_word' id='word_1_673' title='bbox 1801 4671 1844 4734; x_wconf 89' lang='lat' dir='ltr'>ad</span> <span class='ocrx_word' id='word_1_674' title='bbox 1871 4671 2033 4735; x_wconf 90' lang='lat' dir='ltr'>iudicium.</span> <span class='ocrx_word' id='word_1_675' title='bbox 2076 4669 2201 4736; x_wconf 91' lang='lat' dir='ltr'>Postea</span> <span class='ocrx_word' id='word_1_676' title='bbox 2227 4672 2441 4735; x_wconf 89' lang='lat' dir='ltr'>concionatur</span> <span class='ocrx_word' id='word_1_677' title='bbox 2464 4671 2505 4732; x_wconf 94' lang='lat' dir='ltr'>de</span> 
     </span>
     <span class='ocr_line' id='line_1_48' title="bbox 522 4745 2506 4892; baseline 0.006 -84"><span class='ocrx_word' id='word_1_678' title='bbox 522 4745 694 4892; x_wconf 62' lang='lat' dir='ltr'>pitemum.</span> <span class='ocrx_word' id='word_1_679' title='bbox 738 4748 780 4814; x_wconf 90' lang='lat' dir='ltr'>lli</span> <span class='ocrx_word' id='word_1_680' title='bbox 806 4747 874 4813; x_wconf 93' lang='lat' dir='ltr'>loci</span> <span class='ocrx_word' id='word_1_681' title='bbox 904 4760 936 4813; x_wconf 93' lang='lat' dir='ltr'>et</span> <span class='ocrx_word' id='word_1_682' title='bbox 958 4747 1082 4814; x_wconf 80' lang='lat' dir='ltr'>similes</span> <span class='ocrx_word' id='word_1_683' title='bbox 1110 4752 1240 4816; x_wconf 91' lang='lat' dir='ltr'>tenendi</span> <span class='ocrx_word' id='word_1_684' title='bbox 1261 4764 1356 4830; x_wconf 88' lang='lat' dir='ltr'>sunt,</span> <span class='ocrx_word' id='word_1_685' title='bbox 1377 4766 1414 4819; x_wconf 90' lang='lat' dir='ltr'>ut</span> <span class='ocrx_word' id='word_1_686' title='bbox 1434 4754 1494 4819; x_wconf 91' lang='lat' dir='ltr'>ha·</span> <span class='ocrx_word' id='word_1_687' title='bbox 1536 4759 1650 4841; x_wconf 91' lang='lat' dir='ltr'>poenis</span> <span class='ocrx_word' id='word_1_688' title='bbox 1672 4758 1859 4838; x_wconf 86' lang='lat' dir='ltr'>impiorrun,</span> <span class='ocrx_word' id='word_1_689' title='bbox 1887 4766 1919 4819; x_wconf 94' lang='lat' dir='ltr'>et</span> <span class='ocrx_word' id='word_1_690' title='bbox 1941 4757 2057 4840; x_wconf 91' lang='lat' dir='ltr'>repetit</span> <span class='ocrx_word' id='word_1_691' title='bbox 2079 4756 2273 4820; x_wconf 91' lang='lat' dir='ltr'>sententiam</span> <span class='ocrx_word' id='word_1_692' title='bbox 2296 4756 2506 4819; x_wconf 73' lang='lat' dir='ltr'>‹ie-resume</span> 
     </span>
     <span class='ocr_line' id='line_1_49' title="bbox 547 4832 2503 4926; baseline 0.004 -33"><span class='ocrx_word' id='word_1_693' title='bbox 547 4847 659 4894; x_wconf 84' lang='lat' dir='ltr'>eamus</span> <span class='ocrx_word' id='word_1_694' title='bbox 681 4832 943 4897; x_wconf 91' lang='lat' dir='ltr'>consolationem</span> <span class='ocrx_word' id='word_1_695' title='bbox 965 4837 998 4898; x_wconf 93' lang='lat' dir='ltr'>in</span> <span class='ocrx_word' id='word_1_696' title='bbox 1021 4855 1134 4913; x_wconf 86' lang='lat' dir='ltr'>cruce,</span> <span class='ocrx_word' id='word_1_697' title='bbox 1156 4847 1188 4900; x_wconf 91' lang='lat' dir='ltr'>et</span> <span class='ocrx_word' id='word_1_698' title='bbox 1210 4856 1290 4901; x_wconf 92' lang='lat' dir='ltr'>vere</span> <span class='ocrx_word' id='word_1_699' title='bbox 1306 4838 1493 4926; x_wconf 82' lang='lat' dir='ltr'>intelligere</span> <span class='ocrx_word' id='word_1_700' title='bbox 1537 4845 1661 4909; x_wconf 83' lang='lat' dir='ltr'>ctione:</span> <span class='ocrx_word' id='word_1_701' title='bbox 1683 4842 1758 4904; x_wconf 90' lang='lat' dir='ltr'>Non</span> <span class='ocrx_word' id='word_1_702' title='bbox 1776 4840 1902 4921; x_wconf 84' lang='lat' dir='ltr'>operiet</span> <span class='ocrx_word' id='word_1_703' title='bbox 1923 4851 2013 4904; x_wconf 91' lang='lat' dir='ltr'>terra</span> <span class='ocrx_word' id='word_1_704' title='bbox 2030 4837 2115 4905; x_wconf 90' lang='lat' dir='ltr'>ultra</span> <span class='ocrx_word' id='word_1_705' title='bbox 2134 4836 2324 4904; x_wconf 79' lang='lat' dir='ltr'>interfectos</span> <span class='ocrx_word' id='word_1_706' title='bbox 2341 4859 2422 4904; x_wconf 87' lang='lat' dir='ltr'>suos</span> <span class='ocrx_word' id='word_1_707' title='bbox 2439 4851 2503 4902; x_wconf 91' lang='lat' dir='ltr'>etc.</span> 
     </span>
     <span class='ocr_line' id='line_1_50' title="bbox 524 4913 1493 5003; baseline 0.014 -28"><span class='ocrx_word' id='word_1_708' title='bbox 524 4913 688 4977; x_wconf 88' lang='lat' dir='ltr'>discamus</span> <span class='ocrx_word' id='word_1_709' title='bbox 705 4935 843 5000; x_wconf 80' lang='lat' dir='ltr'>regnum</span> <span class='ocrx_word' id='word_1_710' title='bbox 865 4917 1047 5002; x_wconf 92' lang='lat' dir='ltr'>spirituale,</span> <span class='ocrx_word' id='word_1_711' title='bbox 1069 4918 1134 4984; x_wconf 92' lang='lat' dir='ltr'>hoc</span> <span class='ocrx_word' id='word_1_712' title='bbox 1151 4931 1214 4998; x_wconf 91' lang='lat' dir='ltr'>est,</span> <span class='ocrx_word' id='word_1_713' title='bbox 1237 4940 1396 5003; x_wconf 91' lang='lat' dir='ltr'>quaerere</span> <span class='ocrx_word' id='word_1_714' title='bbox 1414 4945 1493 4989; x_wconf 91' lang='lat' dir='ltr'>con·</span> 
     </span>
     <span class='ocr_line' id='line_1_51' title="bbox 523 4993 1493 5082; baseline 0.014 -23"><span class='ocrx_word' id='word_1_715' title='bbox 523 4993 704 5062; x_wconf 86' lang='lat' dir='ltr'>solationes</span> <span class='ocrx_word' id='word_1_716' title='bbox 737 4993 924 5082; x_wconf 87' lang='lat' dir='ltr'>spirituales</span> <span class='ocrx_word' id='word_1_717' title='bbox 952 5015 984 5066; x_wconf 89' lang='lat' dir='ltr'>et</span> <span class='ocrx_word' id='word_1_718' title='bbox 1011 5023 1168 5068; x_wconf 90' lang='lat' dir='ltr'>exercere</span> <span class='ocrx_word' id='word_1_719' title='bbox 1194 5005 1301 5072; x_wconf 89' lang='lat' dir='ltr'>iidem.</span> <span class='ocrx_word' id='word_1_720' title='bbox 1346 5005 1389 5071; x_wconf 92' lang='lat' dir='ltr'>Et</span> <span class='ocrx_word' id='word_1_721' title='bbox 1410 5010 1493 5073; x_wconf 88' lang='lat' dir='ltr'>satis</span> 
     </span>
     <span class='ocr_line' id='line_1_52' title="bbox 522 5080 2503 5164; baseline 0.01 -22"><span class='ocrx_word' id='word_1_722' title='bbox 522 5080 694 5164; x_wconf 88' lang='lat' dir='ltr'>perspicue</span> <span class='ocrx_word' id='word_1_723' title='bbox 725 5081 869 5148; x_wconf 84' lang='lat' dir='ltr'>refutant</span> <span class='ocrx_word' id='word_1_724' title='bbox 905 5085 939 5148; x_wconf 94' lang='lat' dir='ltr'>hi</span> <span class='ocrx_word' id='word_1_725' title='bbox 966 5084 1032 5150; x_wconf 92' lang='lat' dir='ltr'>loci</span> <span class='ocrx_word' id='word_1_726' title='bbox 1060 5086 1226 5154; x_wconf 83' lang='lat' dir='ltr'>Iudaicam</span> <span class='ocrx_word' id='word_1_727' title='bbox 1255 5100 1288 5155; x_wconf 91' lang='lat' dir='ltr'>et</span> <span class='ocrx_word' id='word_1_728' title='bbox 1315 5088 1491 5158; x_wconf 85' lang='lat' dir='ltr'>fanaticam</span> <span class='ocrx_word' id='word_1_729' title='bbox 1535 5097 1799 5160; x_wconf 67' lang='lat' dir='ltr'>⁹⁸)25l210r00ie</span> <span class='ocrx_word' id='word_1_730' title='bbox 1817 5099 1890 5153; x_wconf 73' lang='lat' dir='ltr'>tdttt</span> <span class='ocrx_word' id='word_1_731' title='bbox 1908 5099 1935 5150; x_wconf 81' lang='lat'>5.</span> <span class='ocrx_word' id='word_1_732' title='bbox 1955 5099 1978 5150; x_wconf 85' lang='lat'>⁷·</span> <span class='ocrx_word' id='word_1_733' title='bbox 1997 5099 2019 5148; x_wconf 84' lang='lat'>⁸·</span> <span class='ocrx_word' id='word_1_734' title='bbox 2041 5099 2146 5151; x_wconf 62' lang='lat'>11-14</span> <span class='ocrx_word' id='word_1_735' title='bbox 2165 5103 2190 5150; x_wconf 83' lang='lat' dir='ltr'>et</span> <span class='ocrx_word' id='word_1_736' title='bbox 2207 5097 2283 5161; x_wconf 69' lang='lat' dir='ltr'>Oli-3</span> <span class='ocrx_word' id='word_1_737' title='bbox 2300 5095 2374 5149; x_wconf 69' lang='lat' dir='ltr'>idib.</span> <span class='ocrx_word' id='word_1_738' title='bbox 2394 5098 2417 5147; x_wconf 85' lang='lat'>¹·</span> <span class='ocrx_word' id='word_1_739' title='bbox 2435 5095 2458 5143; x_wconf 76' lang='lat'>²·</span> <span class='ocrx_word' id='word_1_740' title='bbox 2479 5097 2503 5144; x_wconf 84' lang='lat'>⁴·</span> 
     </span>
     <span class='ocr_line' id='line_1_53' title="bbox 521 5163 1754 5254; baseline 0.012 -26"><span class='ocrx_word' id='word_1_741' title='bbox 521 5166 771 5246; x_wconf 85' lang='lat' dir='ltr'>persuasionem</span> <span class='ocrx_word' id='word_1_742' title='bbox 800 5169 841 5232; x_wconf 90' lang='lat' dir='ltr'>de</span> <span class='ocrx_word' id='word_1_743' title='bbox 867 5168 1033 5254; x_wconf 88' lang='lat' dir='ltr'>corporali</span> <span class='ocrx_word' id='word_1_744' title='bbox 1055 5172 1276 5240; x_wconf 89' lang='lat' dir='ltr'>dominatione</span> <span class='ocrx_word' id='word_1_745' title='bbox 1300 5188 1491 5243; x_wconf 87' lang='lat' dir='ltr'>sanctorum</span> <span class='ocrx_word' id='word_1_746' title='bbox 1602 5163 1627 5213; x_wconf 77' lang='lat'>⁶·</span> <span class='ocrx_word' id='word_1_747' title='bbox 1645 5164 1670 5213; x_wconf 78' lang='lat'>⁹·</span> <span class='ocrx_word' id='word_1_748' title='bbox 1688 5178 1695 5216; x_wconf 80' lang='lat'><strong>³</strong></span> <span class='ocrx_word' id='word_1_749' title='bbox 1715 5166 1754 5216; x_wconf 73' lang='lat'>¹⁵·</span> 
     </span>
    </p>
   </div>
   <div class='ocr_carea' id='block_1_5' title="bbox 520 5247 2503 5386">
    <p class='ocr_par' dir='ltr' id='par_1_5' title="bbox 520 5247 2503 5386">
     <span class='ocr_line' id='line_1_54' title="bbox 520 5247 2503 5386; baseline -0.001 -74"><span class='ocrx_word' id='word_1_750' title='bbox 520 5249 555 5311; x_wconf 89' lang='lat' dir='ltr'>in</span> <span class='ocrx_word' id='word_1_751' title='bbox 575 5247 640 5312; x_wconf 80' lang='lat' dir='ltr'>heo</span> <span class='ocrx_word' id='word_1_752' title='bbox 660 5249 735 5315; x_wconf 86' lang='lat' dir='ltr'>vita.</span> <span class='ocrx_word' id='word_1_753' title='bbox 1534 5266 1581 5329; x_wconf 78' lang='lat' dir='ltr'>tr)</span> <span class='ocrx_word' id='word_1_754' title='bbox 1602 5265 1662 5386; x_wconf 57' lang='lat' dir='ltr'>quq</span> <span class='ocrx_word' id='word_1_755' title='bbox 1681 5267 1808 5383; x_wconf 52' lang='lat' dir='ltr'>stowam</span> <span class='ocrx_word' id='word_1_756' title='bbox 1835 5269 1906 5322; x_wconf 84' lang='lat' dir='ltr'>arrtt</span> <span class='ocrx_word' id='word_1_757' title='bbox 1928 5270 1952 5320; x_wconf 84' lang='lat' dir='ltr'>a.</span> <span class='ocrx_word' id='word_1_758' title='bbox 1971 5269 2046 5319; x_wconf 86' lang='lat' dir='ltr'>e-e.</span> <span class='ocrx_word' id='word_1_759' title='bbox 2068 5268 2173 5316; x_wconf 77' lang='lat'>11-14.</span> <span class='ocrx_word' id='word_1_760' title='bbox 2196 5270 2222 5318; x_wconf 82' lang='lat' dir='ltr'>er</span> <span class='ocrx_word' id='word_1_761' title='bbox 2239 5267 2313 5329; x_wconf 56' lang='lat' dir='ltr'>oppa</span> <span class='ocrx_word' id='word_1_762' title='bbox 2342 5263 2414 5316; x_wconf 78' lang='lat' dir='ltr'>aaa</span> <span class='ocrx_word' id='word_1_763' title='bbox 2437 5265 2459 5312; x_wconf 88' lang='lat' dir='ltr'>r.</span> <span class='ocrx_word' id='word_1_764' title='bbox 2479 5264 2503 5311; x_wconf 77' lang='lat'>4.</span> 
     </span>
    </p>
   </div>
   <div class='ocr_carea' id='block_1_6' title="bbox 518 5419 2302 5600">
    <p class='ocr_par' dir='ltr' id='par_1_6' title="bbox 518 5419 2302 5600">
     <span class='ocr_line' id='line_1_55' title="bbox 521 5419 2302 5499; baseline 0.01 -29"><span class='ocrx_word' id='word_1_765' title='bbox 521 5419 567 5482; x_wconf 77' lang='lat' dir='ltr'>at)</span> <span class='ocrx_word' id='word_1_766' title='bbox 586 5419 639 5484; x_wconf 76' lang='lat' dir='ltr'>rt]</span> <span class='ocrx_word' id='word_1_767' title='bbox 659 5421 697 5472; x_wconf 84' lang='lat' dir='ltr'>stc</span> <span class='ocrx_word' id='word_1_768' title='bbox 712 5422 785 5474; x_wconf 78' lang='lat' dir='ltr'>adra.</span> <span class='ocrx_word' id='word_1_769' title='bbox 803 5422 826 5472; x_wconf 80' lang='grc'><strong>7.</strong></span> <span class='ocrx_word' id='word_1_770' title='bbox 844 5423 868 5471; x_wconf 78' lang='lat' dir='ltr'>a.</span> <span class='ocrx_word' id='word_1_771' title='bbox 888 5424 997 5472; x_wconf 67' lang='lat' dir='ltr'>11—1s</span> <span class='ocrx_word' id='word_1_772' title='bbox 1014 5424 1127 5490; x_wconf 64' lang='lat' dir='ltr'>aarum</span> <span class='ocrx_word' id='word_1_773' title='bbox 1143 5427 1217 5481; x_wconf 79' lang='lat' dir='ltr'>Edltt</span> <span class='ocrx_word' id='word_1_774' title='bbox 1226 5431 1249 5478; x_wconf 89' lang='lat'>1.</span> <span class='ocrx_word' id='word_1_775' title='bbox 1267 5429 1291 5478; x_wconf 82' lang='lat' dir='ltr'>a.</span> <span class='ocrx_word' id='word_1_776' title='bbox 1302 5429 1377 5482; x_wconf 80' lang='lat' dir='ltr'>4-a.</span> <span class='ocrx_word' id='word_1_777' title='bbox 1391 5429 1430 5478; x_wconf 79' lang='lat' dir='ltr'>a:</span> <span class='ocrx_word' id='word_1_778' title='bbox 1450 5430 1489 5479; x_wconf 82' lang='lat'>1¹1.</span> <span class='ocrx_word' id='word_1_779' title='bbox 1533 5434 1580 5497; x_wconf 76' lang='lat' dir='ltr'>aa)</span> <span class='ocrx_word' id='word_1_780' title='bbox 1603 5433 1631 5495; x_wconf 84' lang='lat'>0.</span> <span class='ocrx_word' id='word_1_781' title='bbox 1650 5435 1685 5497; x_wconf 82' lang='lat' dir='ltr'>d]</span> <span class='ocrx_word' id='word_1_782' title='bbox 1701 5435 1775 5488; x_wconf 74' lang='lat' dir='ltr'>bdltt</span> <span class='ocrx_word' id='word_1_783' title='bbox 1795 5438 1819 5485; x_wconf 85' lang='lat' dir='ltr'>a.</span> <span class='ocrx_word' id='word_1_784' title='bbox 1840 5437 1946 5486; x_wconf 80' lang='lat'>11-13.</span> <span class='ocrx_word' id='word_1_785' title='bbox 1965 5443 1992 5488; x_wconf 84' lang='lat' dir='ltr'>et</span> <span class='ocrx_word' id='word_1_786' title='bbox 2009 5437 2084 5499; x_wconf 80' lang='lat' dir='ltr'>opp-r</span> <span class='ocrx_word' id='word_1_787' title='bbox 2103 5437 2179 5496; x_wconf 77' lang='lat' dir='ltr'>burst</span> <span class='ocrx_word' id='word_1_788' title='bbox 2197 5435 2302 5497; x_wconf 68' lang='lat' dir='ltr'>dicent,</span> 
     </span>
     <span class='ocr_line' id='line_1_56' title="bbox 518 5519 2028 5600; baseline 0.01 -31"><span class='ocrx_word' id='word_1_789' title='bbox 518 5519 565 5581; x_wconf 76' lang='lat' dir='ltr'>aa)</span> <span class='ocrx_word' id='word_1_790' title='bbox 583 5521 760 5586; x_wconf 80' lang='lat' dir='ltr'>opprobrium}</span> <span class='ocrx_word' id='word_1_791' title='bbox 777 5523 849 5575; x_wconf 78' lang='lat' dir='ltr'>adra</span> <span class='ocrx_word' id='word_1_792' title='bbox 868 5523 892 5573; x_wconf 86' lang='lat'>1.</span> <span class='ocrx_word' id='word_1_793' title='bbox 910 5526 935 5576; x_wconf 80' lang='lat'>2.</span> <span class='ocrx_word' id='word_1_794' title='bbox 953 5525 978 5576; x_wconf 71' lang='lat' dir='ltr'>a.</span> <span class='ocrx_word' id='word_1_795' title='bbox 997 5525 1164 5588; x_wconf 82' lang='lat' dir='ltr'>obprobrium</span> <span class='ocrx_word' id='word_1_796' title='bbox 1532 5533 1580 5597; x_wconf 70' lang='lat' dir='ltr'>aa)</span> <span class='ocrx_word' id='word_1_797' title='bbox 1604 5537 1631 5586; x_wconf 86' lang='lat' dir='ltr'>et</span> <span class='ocrx_word' id='word_1_798' title='bbox 1647 5537 1787 5588; x_wconf 79' lang='lat' dir='ltr'>omtttuat</span> <span class='ocrx_word' id='word_1_799' title='bbox 1803 5536 1847 5589; x_wconf 72' lang='lat' dir='ltr'>Ed.</span> <span class='ocrx_word' id='word_1_800' title='bbox 1867 5538 1905 5587; x_wconf 77' lang='grc' dir='ltr'>ιι.</span> <span class='ocrx_word' id='word_1_801' title='bbox 1923 5540 1949 5588; x_wconf 84' lang='lat' dir='ltr'>et</span> <span class='ocrx_word' id='word_1_802' title='bbox 1966 5537 2028 5600; x_wconf 81' lang='lat' dir='ltr'>opp.</span> 
     </span>
    </p>
   </div>
   <div class='ocr_carea' id='block_1_7' title="bbox 1534 4992 1740 5007">
    <p class='ocr_par' dir='ltr' id='par_1_7' title="bbox 1534 4992 1740 5007">
     <span class='ocr_line' id='line_1_57' title="bbox 1534 4992 1740 5007; baseline -0.005 0"><span class='ocrx_word' id='word_1_803' title='bbox 1534 4992 1740 5007; x_wconf 62' lang='lat' dir='ltr'>——nd</span> 
     </span>
    </p>
   </div>
   <div class='ocr_carea' id='block_1_8' title="bbox 0 0 2940 6724">
    <p class='ocr_par' dir='ltr' id='par_1_8' title="bbox 0 0 2940 6724">
     <span class='ocr_line' id='line_1_58' title="bbox 0 0 2940 6724; baseline 0 0"><span class='ocrx_word' id='word_1_804' title='bbox 0 0 2940 6724; x_wconf 95' lang='lat' dir='ltr'> </span> 
     </span>
    </p>
   </div>
  </div>
 </body>
</html>
