5859 6734
452 718 478 787 9
866 714 891 779 Ι,
912 710 1013 777 noct
1034 708 1316 775 'l'llEOLOGlClz
1339 710 1381 775 A.
1404 709 1545 775 ΡΒΙΜΑ
1567 708 1731 775 EORUM
1744 708 2050 776 ADUMBRATIO.
2413 712 2454 779 10

455 902 552 967 nullis
570 908 683 963 tantum
700 902 779 961 locis
799 901 828 959 in
847 899 986 959 interiore
1004 899 1137 975 margine
1154 897 1317 967 habentur3
1335 896 1414 957 adde
1432 886 1515 975 quod
1532 917 1592 957 uuo
1610 896 1679 957 loco
1690 896 1982 959 Lucubratiunculae
1997 897 2073 958 haec
2090 898 2243 977 leguntur:
2265 898 2382 967 „Notat
2400 898 2452 959 ali·

456 1009 520 1070 qua
536 985 680 1048 notabilia
697 984 837 1064 exempla
854 985 986 1062 margine
1003 989 1143 1044 annotate
1161 989 1243 1042 etc.“
1262 989 1293 1043 et
1310 983 1411 1043 scriba
1428 983 1468 1042 lis
1487 1002 1525 1042 ex
1542 984 1675 1061 margine
1693 984 1824 1062 receptis
1844 985 1873 1042 in
1892 984 2024 1061 margine
2042 984 2222 1062 adscripsit:
2242 1003 2303 1053 „ex
2320 985 2453 1063 margine

456 1072 604 1151 collegi.“
648 1068 681 1131 lu
699 1068 922 1131 Commentario
940 1075 1040 1128 autern
1059 1065 1158 1127 semel
1176 1067 1306 1146 spatium
1324 1066 1460 1128 relictum
1479 1074 1528 1127 est
1545 1087 1672 1127 vacuum
1691 1068 1782 1147 inque
1800 1069 1932 1146 margine
1954 1068 2155 1147 adscriptum:
2181 1068 2375 1138 ‚‚delectus.“
2418 1064 2451 1129 ln

457 1158 520 1219 fine
536 1156 700 1216 voluminis
718 1161 790 1214 sunt
808 1152 861 1213 illa
877 1152 1003 1212 Lutlreri
1023 1153 1061 1212 de
1079 1151 1165 1231 lege,
1189 1158 1314 1231 peccato
1336 1158 1367 1212 et
1384 1153 1479 1230 gratia
1496 1158 1607 1231 postea
1623 1152 1745 1230 scripta.
1765 1189 1806 1197 —
1824 1154 1928 1230 Atque
1946 1150 2001 1223 iis,
2029 1172 2106 1230 quae
2123 1159 2233 1231 postea
2250 1160 2322 1213 sunt
2338 1153 2451 1224 addita,
2483 1170 2487 1177 ·

456 1242 606 1320 exceptis,
625 1240 701 1300 haec
718 1241 806 1300 tertia
819 1237 983 1297 voluminis
997 1256 1068 1316 pars
1087 1257 1115 1296 a.
1137 1239 1229 1298 1520.
1241 1242 1369 1296 exeunte
1387 1235 1437 1296 vel
1452 1258 1480 1297 a.
1493 1239 1584 1297 1521.
1604 1238 1726 1296 ineunte
1744 1240 1914 1317 conscripta
1924 1258 1998 1297 esse
2010 1239 2143 1308 videtur3
2162 1244 2192 1297 et
2205 1237 2258 1297 ille
2270 1237 2450 1317 discipulus,

456 1328 547 1388 cuins
566 1346 654 1386 manu
673 1326 772 1385 omnia
790 1330 861 1383 sunt
878 1322 1062 1401 conscripta,
1081 1322 1137 1382 lrac
1154 1323 1241 1382 tertia
1257 1328 1341 1401 parte
1360 1341 1377 1380 e
1396 1321 1597 1400 diligentioris
1615 1322 1816 1401 condiscipuli
1842 1322 1948 1384 libello
1975 1325 2103 1402 priorem
2129 1322 2343 1401 negligentiam
2365 1324 2452 1383 corri-

496 1434 529 1475 re
545 1412 663 1471 videtur
679 1408 828 1468 voluisse.

455 1433 496 1495 ⁸⁰
543 1492 847 1557 Lucubratiunculam
862 1499 961 1553 autem
972 1492 1141 1552 accuratius
1155 1492 1325 1570 conscripto
1339 1487 1560 1553 Commentario
1574 1493 1775 1571 praemissam
1792 1493 1918 1552 eandem
1935 1500 2111 1571 essentque
2129 1491 2212 1552 illam
2225 1512 2244 1552 a
2257 1491 2452 1556 Melanthone

457 1585 534 1663 ipso,
547 1581 732 1660 indigitatum
749 1577 838 1638 facile
856 1579 1010 1657 apparebit
1027 1576 1217 1637 contentione
1235 1576 1374 1637 ciusdem
1397 1584 1429 1637 ct
1445 1577 1589 1637 editionis
1607 1576 1775 1655 Witeberg.
1802 1597 1830 1637 a.
1861 1580 1951 1639 1521.
1972 1585 2070 1638 octon.
2090 1577 2270 1650 (Brittiouis
2295 1578 2453 1657 principis
2493 1594 2502 1607 ·

455 1667 579 1727 nomina
597 1666 772 1743 insignitae)
790 1663 877 1723 sacta
911 1662 1060 1735 Quocirca
1077 1681 1144 1721 earn
1169 1659 1322 1722 allinurlt.
1342 1660 1515 1739 lloedigero
1541 1681 1579 1721 ex
1597 1660 1650 1721 illo
1669 1658 1747 1721 God.
1767 1660 1859 1722 Goth.
1883 1664 2064 1742 descriptam
2091 1670 2122 1723 at
2147 1684 2214 1723 curn
2241 1663 2297 1723 lrac
2319 1663 2452 1724 editione

455 1752 686 1828 Witebcrgensi
705 1756 901 1828 comparatam
920 1747 951 1807 ln.
970 1746 991 1821 l.
1011 1747 1080 1815 edo,
1099 1745 1230 1808 sublatis
1249 1754 1347 1807 tamen
1366 1745 1447 1807 lllSti
1466 1747 1549 1807 vitiis
1567 1747 1724 1825 apertis-*l

562 2053 705 2117 noenta
729 2053 824 2105 Manat
847 2052 1005 2114 Roedtgerua
1026 2052 1092 2103 hanc
1108 2051 1458 2105 Lucubmtiuncutumomni
1483 2052 1569 2105 critico
1592 2056 1716 2117 apparatu
1740 2054 1888 2107 instructam
1912 2054 1969 2106 vtro
1987 2054 2074 2107 Rever.
2092 2056 2175 2108 Herm.
2195 2056 2283 2117 matu
2301 2056 2452 2119 titemcyero

609 2120 720 2183 neunt,
738 2133 770 2173 ex
787 2121 860 2174 cutus
877 2121 996 2173 manibus
1015 2120 1071 2182 ipse
1090 2120 1182 2182 recepi
