5859 6734
466 677 531 744 739
1092 676 1204 744 Pulla
1224 678 1328 746 MEL.
1349 681 1536 748 SCRIPTA
1557 682 1833 749 musitanam
2403 686 2467 752 740

466 866 657 932 missionem
679 864 744 928 fide
765 864 889 945 accipi;
911 863 964 926 Ac
981 862 1144 949 particula
1161 862 1274 929 Gratis
1296 884 1364 929 non
1385 887 1440 930 ex·
1483 865 1644 943 attulisse,
1675 868 1828 932 dixerunt
1855 887 1927 932 eum
1956 865 2086 950 aliquas
2110 889 2216 933 novas
2367 872 2464 936 tradi·

468 949 570 1016 cludit
601 947 716 1026 fidam,
749 948 810 1012 sed
833 943 977 1012 excludit
999 948 1219 1012 conditionem
1238 959 1374 1013 nostrae
1395 951 1441 1014 di·
1484 952 1585 1027 disse,
1605 951 1647 1014 de
1666 950 1849 1029 coelibatu,
1875 952 1916 1014 de
1931 971 1998 1014 non
2016 953 2224 1018 vindicando.
2345 951 2462 1020 cdeli-

468 1035 613 1121 gnitatis‚
635 1045 795 1114 utsupra
816 1033 938 1096 dictum
966 1043 1036 1110 est,
1069 1043 1103 1095 et
1122 1031 1280 1115 postulat,
1311 1047 1349 1097 ut
1364 1053 1441 1116 pro·
1483 1038 1532 1099 ria
1560 1036 1668 1098 statim
1698 1045 1774 1119 post
1792 1035 1977 1118 Apostolos
2000 1049 2078 1100 nata
2096 1050 2182 1102 sunt.
2225 1039 2305 1102 ldeo
2323 1057 2396 1103 nou
2412 1053 2464 1106 est

467 1121 658 1224 missionem
678 1118 892 1199 accipiamus,
915 1116 948 1180 id
969 1136 1036 1180 non
1057 1129 1168 1200 potest
1188 1116 1259 1181 fieri
1276 1114 1372 1181 aliter
1393 1120 1441 1182 ni·
1483 1121 1611 1195 mirum,
1644 1129 1896 1222 'osteauquoque
1914 1118 2091 1205 caliginem
2108 1135 2366 1225 secutamesse.
2391 1121 2463 1188 Etd

468 1203 595 1268 ‘¹⁶⁶⁰‘
894 1367 1010 1448 [vn]
1482 1215 2462 1434 zttptdttblttttllttmtfhtfflltffl

985 1413 994 1429 .
1482 1391 1536 1435 mo

1483 1457 1555 1520 erit.
1598 1455 1694 1520 Nunc
1722 1455 1807 1519 baec
1834 1464 1958 1519 rantum
1986 1455 2129 1539 praefari
2146 1455 2253 1536 volui,
2282 1471 2321 1524 ut
2335 1461 2456 1543 cogitet

557 1539 618 1605 DE
642 1538 810 1604 GRATIA
826 1537 883 1601 ET
903 1536 965 1601 DE
987 1536 1348 1602 lUS'l'lElCATIONE.
1506 1542 1557 1604 'ns
1581 1537 1699 1616 lector,
1734 1541 1956 1603 necessariam
1985 1559 2062 1604 esse
2092 1541 2346 1626 explicationem
2360 1543 2456 1608 hrains

1496 1625 1548 1690 oci
1566 1624 1608 1688 de
1625 1623 1873 1700 iustificatione,
1903 1637 1935 1687 ct
1976 1637 2175 1689 retamenta
2196 1624 2459 1710 amplectendum

553 1709 614 1774 llic
647 1706 745 1772 locus
776 1709 921 1772 continet
942 1726 1102 1771 summam
1121 1705 1305 1794 Evangelii.
1347 1705 1442 1772 Mon·
1484 1727 1560 1774 esse
1577 1708 1773 1772 beneficium
1790 1707 1866 1787 Dei,
1885 1645 2122 1794 qniEvangelii
2142 1708 2251 1775 lucem
2269 1731 2391 1776 rursus
2408 1731 2460 1776 ac·

467 1807 553 1860 strat
584 1794 671 1858 enim
698 1795 867 1877 proprium
889 1791 1012 1857 Christi
1044 1791 1255 1871 beneficium,
1288 1795 1443 1876 proponit
1485 1794 1603 1859 cendit.
1647 1791 1763 1877 Neque
1789 1793 1875 1855 enim
1903 1796 2021 1878 negari
2042 1806 2151 1878 potest
2168 1797 2200 1858 in
2219 1796 2374 1860 doctrina
2392 1793 2460 1860 hio-

466 1881 595 1944 {innam
617 1875 879 1944 consolationem
900 1878 964 1961 piis
981 1878 1156 1954 mentibus,
1174 1879 1284 1954 docet,
1302 1877 1358 1962 qui
1374 1879 1442 1942 sint
1483 1877 1664 1943 nechoram
1682 1896 1760 1942 esse
1776 1897 1920 1955 errores,
1939 1897 2024 1962 quos
2043 1882 2106 1943 etsi
2123 1899 2210 1944 nnnc
2221 1878 2460 1965 aliquamulum

467 1965 537 2030 veri
560 1960 669 2029 cuitus
692 1961 769 2040 Dei,
791 1983 876 2047 quae
898 1964 944 2025 sit
964 1982 1044 2025 vera
1064 1962 1243 2042 invocatio,
1263 1963 1443 2046 praecipue
1484 1965 1666 2048 corrigunt,
1695 1975 1803 2026 tamen
1832 1961 1941 2027 adhuc
1958 1983 2081 2027 nervos
2099 1965 2192 2047 ipsos
2210 1966 2365 2030 retinent.
2409 1964 2461 2030 De

468 2050 626 2114 disparuit
658 2047 846 2112 Ecclesiam
876 2045 941 2110 Dei
973 2066 995 2109 a
1027 2049 1147 2110 ceteris
1179 2045 1359 2124 Gentibus,
1391 2045 1442 2111 lu·
1484 2049 1679 2112 remissione
1707 2058 1919 2130 peccatorum
1946 2045 2171 2113 vociferantur
2200 2070 2266 2113 non
2291 2065 2388 2116 recte
2406 2051 2461 2116 do·

467 2131 824 2211 daeis,lilabometistis
846 2129 1089 2216 etPelagianis,
1110 2131 1176 2194 hoo
1192 2141 1260 2208 est,
1276 2133 1442 2209 omnibus,
1485 2134 1563 2210 ceri,
1592 2135 1681 2216 quod
1710 2133 1773 2196 lide
1797 2132 1901 2217 gratis
1930 2145 2065 2218 propter
2082 2133 2249 2198 Christum
2277 2138 2463 2219 accipiatur

467 2220 522 2303 qui
538 2219 758 2302 imaginantur
777 2215 943 2280 hominem
968 2219 1090 2280 iustum
1118 2236 1195 2280 esse
1215 2214 1292 2301 lege
1314 2235 1375 2281 seu
1396 2217 1442 2279 di·
1484 2219 1635 2281 remissio
1653 2229 1877 2302 peccatorum,
1895 2237 1957 2282 nec
1975 2221 2158 2298 admittunt,
2187 2220 2252 2283 lide
2279 2219 2460 2305 significari

468 2301 619 2386 aciplina,
651 2313 684 2366 ot
705 2302 817 2366 iubent
838 2301 988 2366 dubitare
1011 2301 1052 2364 de
1072 2301 1268 2366 remissione
1289 2311 1442 2385 pecema-
1484 2301 1637 2366 fiduciam
1653 2303 1898 2366 misericordiae
1915 2303 1997 2377 Dei3
2033 2303 2099 2367 into
2124 2306 2236 2368 iubent
2253 2325 2388 2389 semper
2405 2305 2460 2370 du·

466 2400 587 2452 torum.
630 2387 709 2452 ideo
741 2397 850 2451 autem
883 2405 1004 2470 niagna
1030 2396 1083 2450 est
1104 2387 1294 2469 opinionum
1322 2387 1355 2450 in
1376 2384 1442 2449 hoc
1484 2388 1598 2465 bitare,
1616 2407 1659 2452 an
1677 2389 1779 2450 simus
1798 2389 1830 2450 in
1849 2388 1965 2471 gratim
1999 2386 2128 2452 Deinde
2145 2390 2281 2468 addunt,
2293 2391 2461 2474 quodmo-

466 2471 542 2538 loco
564 2473 740 2549 dissensio,
757 2473 835 2555 quia
887 2468 1014 2555 letique
1095 2481 1217 2534 uuntur
1232 2470 1375 2535 bumana
1394 2471 1441 2535 iu·
1483 2491 1615 2537 reamur
1632 2474 1859 2536 remissionem
1876 2484 2013 2556 propter
2030 2476 2257 2538 contritionem
2270 2473 2460 2541 etdilectio»

468 2559 565 2634 dicia,
587 2555 742 2642 neglecta
764 2557 850 2638 simp
875 2557 905 2621 ci
916 2557 1069 2620 doctrina
1108 2555 1335 2638 rophetarum,
1345 2554 1441 2619 Obri-
1484 2577 1567 2622 nem.
1611 2557 1644 2620 A
1681 2558 1713 2621 ui
1732 2557 1883 2620 contritio
1903 2575 1963 2622 seu
1981 2555 2078 2622 dolor
2095 2579 2155 2622 seu
2172 2579 2278 2641 pavor
2295 2559 2460 2624 siueiidn·

466 2644 511 2706 sti
531 2653 566 2705 et
586 2638 843 2726 Apostolorum
863 2640 933 2704 imo
954 2639 1041 2706 banc
1062 2640 1301 2704 transformant
1321 2638 1441 2704 inPbi-
1484 2643 1536 2705 cia
1563 2569 1825 2718 miseihordiae,
1853 2662 1918 2725 quo
1943 2641 2166 2707 vehementior
2183 2657 2254 2722 est,
2284 2664 2325 2708 eo
2353 2645 2460 2730 magis

466 2725 663 2810 losopbiam‚
685 2735 864 2789 extenuant
883 2735 1055 2809 peccatum
1076 2725 1110 2788 in
1127 2737 1263 2802 namra,
1295 2726 1441 2810 cogitant
1483 2721 1619 2808 impellit
1647 2727 1690 2789 ad
1718 2728 1996 2807 desperationem,
2025 2741 2061 2791 ut
2079 2725 2202 2792 Paulus
2226 2730 2336 2814 inquit
2353 2727 2458 2806 [Rom.

465 2809 541 2896 lego
557 2809 621 2874 Dei
644 2821 770 2874 tautum
790 2809 912 2894 requiri
933 2806 1157 2890 disciplinan13
1179 2807 1308 2873 Deinde
1329 2810 1441 2892 imagi-
1484 2809 1620 2890 4,-15.]=
1655 2809 1725 2873 Lex
1750 2813 1833 2874 iram
1858 2807 1970 2874 efficit.
2014 2811 2143 2876 Deinde
2169 2814 2283 2878 dicunt
2305 2813 2459 2898 amplius,

465 2905 596 2973 nauum,
617 2892 698 2962 nihil
719 2896 881 2958 interesse
900 2895 986 2958 inter
1007 2891 1276 2978 Pbilosophicam
1298 2905 1330 2957 et
1347 2892 1440 2956 Chri·
1484 2905 1619 2958 renatos
1647 2891 1732 2978 Legi
1748 2894 1814 2959 Dei
1842 2889 2054 2974 satisfacere,
2084 2897 2189 2960 iustos
2217 2917 2296 2962 essa
2322 2911 2459 2983 propter

465 2981 603 3044 stianam
631 2979 798 3043 iustitiam.
1483 2977 1703 3060 impletionem
1732 2977 1847 3064 Legis,
1889 2989 1922 3042 et
1949 2977 2036 3044 hano
2065 2981 2170 3064 ipsam
2209 2983 2457 3068 esscgmerimm

550 3063 711 3128 Onmibus
740 3064 902 3128 aetatibus
923 3062 989 3126 bae
1021 3059 1182 3146 profanae
1214 3075 1246 3126 et
1278 3060 1441 3126 humanae
1485 3075 1517 3128 et
1543 3064 1682 3147 pretium
1711 3065 1798 3128 vitae
1826 3073 1999 3142 retentae,
2028 3085 2090 3129 nec
2107 3062 2266 3151 reliquam
2283 3069 2315 3130 in
2332 3068 2458 3131 renatis

464 3151 714 3234 imaginationes
754 3149 1078 3224 obscuraveruntffl)
1118 3166 1229 3211 varam
1267 3145 1440 3212 Ecclesiae
1483 3148 1735 3213 inobedientiam
1754 3167 1832 3212 esse
1849 3148 2002 3232 quiddam
2021 3169 2172 3234 pugnans
2194 3149 2367 3234 cumbege
2377 3150 2455 3215 Dei.

465 3236 657 3301 doctrinam.
701 3233 758 3298 Sic
770 3232 940 3298 Pharisaei
961 3233 1150 3296 sentiebant
1171 3251 1210 3295 se
1219 3231 1314 3318 Lege
1333 3234 1440 3296 iustos
1482 3233 1618 3298 Addunt
1633 3233 1723 3309 item,
1740 3244 1875 3296 renatos
1893 3244 2001 3296 tamen
2019 3235 2141 3299 debere
2157 3236 2312 3310 dubitare,
2328 3253 2373 3296 an
2385 3236 2454 3298 sint

465 3341 557 3384 esse:
600 3319 729 3383 Deinde
752 3320 828 3402 quia
850 3335 991 3380 necessa
1012 3327 1084 3380 erat
1105 3337 1266 3401 quaerere
1288 3319 1330 3381 de
1351 3315 1440 3380 bles·
1483 3319 1517 3381 in
1545 3319 1667 3403 gratia,
1703 3329 1737 3381 et
1764 3319 1799 3381 iu
1826 3315 1890 3382 hac
1919 3316 2121 3384 dubitatione
2150 3319 2341 3384 manendum
2363 3338 2455 3384 esse.

465 3407 527 3481 sia,
549 3423 610 3468 cur
631 3406 659 3468 is
677 3414 836 3467 venturus
859 3413 960 3479 esset,
981 3401 1152 3488 lingebant
1172 3402 1247 3466 ideo
1266 3412 1440 3466 venmrum
1486 3402 1576 3467 llaec
1605 3403 1763 3467 dubitatio
1847 3422 1900 3465 am
1919 3415 1970 3465 est
1987 3401 2134 3467 Ethnica
2180 3404 2252 3468 Nec
2267 3401 2360 3468 leves
2379 3417 2457 3468 sunt

464 3505 556 3565 esse,
588 3500 626 3554 ut
656 3487 767 3552 mundi
788 3487 959 3570 imperium
981 3487 1216 3563 constitueret,
1233 3507 1301 3550 non
1323 3483 1440 3550 intelli·
1484 3486 1517 3551 bi
1535 3506 1678 3564 errores,
1696 3488 1757 3552 sed
1802 3486 1956 3571 vangelio
1974 3490 2129 3552 tenebras
2146 3490 2319 3566 inducunt,
2337 3492 2456 3554 obscu-

465 3577 588 3727 gqbanlt
614 3572 959 3722 opqrterevictintssm
979 3571 1051 3719 dep-i
1071 3590 1133 3655 pro
1155 3590 1279 3656 genere
1293 3570 1440 3719 tlqlumunq
1483 3583 1557 3637 rant
1575 3571 1771 3720 benpiqqrium
1783 3571 1915 3718 Cthristi,
1932 3569 2050 3675 tollunt
2068 3592 2182 3722 veuram
2193 3571 2455 3731 consalutionen

463 3681 485 3727 a
581 3679 665 3724 acan
689 3679 743 3722 am
777 3677 859 3720 rram
931 3677 961 3721 er
994 3676 1158 3720 aversus
1212 3675 1293 3719 ecca
1329 3677 1373 3731 m,
1407 3675 1426 3718 e
1484 3676 1640 3720 conscren
1703 3677 1804 3720 ume
1846 3675 1959 3720 veram
1977 3677 2096 3721 mvoca
2122 3678 2225 3722 onem
2304 3679 2385 3724 uare
2403 3679 2455 3724 ne·

463 3682 568 3810 altari)
592 3745 747 3810 iustitiam
773 3743 969 3806 donaturum
991 3759 1079 3804 esse.
1124 3677 1236 3804 Sicpet
1256 3751 1333 3804 ante
1354 3739 1438 3804 Pha·
1484 3761 1581 3805 cesse
1610 3752 1661 3804 est
1677 3738 1861 3803 Ecclesiam
1890 3742 1931 3804 de
1958 3740 2011 3805 bis
2030 3745 2130 3806 tantis
2149 3746 2249 3808 rebus
2266 3745 2455 3810 admonere.

463 3831 593 3894 risaeos
625 3837 801 3892 senserunt
833 3825 1027 3910 hypocritae
1057 3825 1264 3906 superiorum
1296 3836 1439 3889 aetatum
1482 3824 1653 3910 Exponam
1664 3825 1764 3910 igitur
1774 3822 1864 3888 clare
1875 3836 1908 3888 et
1918 3824 2017 3907 plane
2039 3845 2197 3890 summam
2208 3827 2307 3891 huius
2320 3830 2453 3915 negotii.

463 3919 497 3978 in
517 3911 671 3976 Ecclesia
686 3922 825 3995 patrum.
1087 3937 1090 3942 ·
1568 3908 1711 3972 Primum
1728 3910 1770 3972 de
1788 3907 1959 3993 disciplina
1976 3907 2178 3975 clamitamus
2189 3923 2222 3976 et
2232 3932 2312 3977 nos:
2332 3913 2454 3978 Omna

551 3998 620 4062 Sed
641 3994 827 4078 Prophetae
857 3993 922 4056 hos
956 4011 1091 4056 errores
1120 3995 1298 4068 taxabant,
1330 3989 1439 4055 clami-
1482 3993 1630 4058 homines
1649 3993 1822 4077 disciplina
1840 3996 2045 4059 coercendos
2064 4016 2155 4073 esse,
2183 3999 2305 4073 idest,
2334 3999 2452 4063 iustitia

465 4085 596 4158 tabant,
629 4101 695 4146 non
728 4076 798 4142 tolli
820 4088 991 4162 peccatum
1012 4077 1133 4140 iustitia
1153 4076 1273 4160 Legis,
1305 4095 1439 4142 manere
1481 4077 1549 4156 illa,
1569 4099 1667 4162 quam
1685 4081 1780 4144 etiam
1798 4099 1863 4143 non
1883 4082 1986 4144 renati
2004 4094 2173 4163 praestare
2191 4083 2314 4146 debent
2329 4095 2359 4146 et
2374 4101 2452 4164 pos·

464 4177 637 4252 peccatum
669 4168 702 4228 in
734 4163 799 4228 hac
830 4160 959 4226 mortali
981 4173 1116 4238 natura,
1148 4161 1211 4225 sed
1232 4164 1339 4225 iustos
1361 4181 1438 4225 esse
1482 4176 1570 4228 sunt.
1593 4162 1876 4228 SicutaitPaulus
1895 4167 1938 4244 [l.
1958 4164 2039 4228 Tim.
2061 4165 2090 4243 l,
2108 4166 2173 4244 aq:
2203 4168 2270 4230 Lex
2282 4179 2334 4230 est
2344 4168 2454 4250 posita

466 4254 653 4329 credentes,
675 4262 708 4315 et
729 4248 876 4314 exaudiri
898 4257 931 4310 et
952 4247 1069 4312 donari
1091 4248 1159 4310 vita
1179 4257 1316 4311 aeterna
1332 4246 1437 4310 aDco
1481 4250 1620 4313 iniustis.
1665 4248 1706 4312 Et
1722 4248 1816 4312 Deus
1845 4253 2075 4331 praesentibus
2104 4263 2136 4315 et
2163 4253 2309 4315 aeternis
2337 4253 2454 4336 poenis

463 4349 600 4424 propter
616 4336 813 4421 promissum
828 4331 1052 4398 salvatorem
1096 4331 1189 4395 Sicut
1203 4330 1314 4396 David
1337 4328 1438 4394 claris
1483 4331 1689 4397 violationem
1708 4331 1901 4416 disciplinae
1940 4336 2020 4398 unit.
2038 4334 2090 4398 Ac
2107 4337 2225 4422 ingens
2266 4338 2455 4400 raeconinm

465 4425 576 4488 verbis
599 4423 703 4506 inquit
721 4418 857 4497 {Psalm
878 4417 950 4494 lta,
967 4417 1029 4496 Ἧι
1065 4416 1140 4481 Non
1157 4416 1389 4481 iustificabitur
1404 4417 1437 4480 in
1482 4431 1534 4481 est
1563 4415 1769 4500 disciplinae,
1798 4418 1886 4502 quod
1930 4417 2029 4482 auius
2054 4421 2158 4504 inquit
2183 4421 2248 4498 {Ga
2283 4419 2358 4499 t.3‚
2375 4422 2456 4500 atq,

467 4529 529 4572 con
572 4519 648 4572 ectu
677 4519 736 4570 tuo
765 4505 1014 4569 omnisvivens.
1060 4502 1102 4566 Et
1119 4501 1186 4564 aiio
1203 4500 1281 4565 loco
1299 4499 1437 4581 [Psalm.
1482 4521 1560 4567 essa
1577 4503 1813 4589 paedagogiani
1831 4505 1863 4566 in
1883 4501 2066 4578 Christum
2095 4506 2170 4589 quia
2201 4501 2328 4569 scilicet
2347 4505 2455 4570 Evan-

464 4595 533 4670 21
570 4595 641 4670 lde
658 4588 756 4654 Filio:
790 4588 885 4652 Beati
903 4606 1034 4663 omnes,
1064 4588 1120 4671 qui
1147 4585 1317 4651 confidunt
1332 4589 1366 4651 in
1384 4607 1436 4650 eo.
1482 4586 1602 4673 gelinm
1620 4607 1685 4652 non
1705 4599 1757 4651 est
1774 4585 1893 4650 efficax
1911 4589 1943 4650 in
1961 4585 2025 4665 his,
2045 4591 2099 4672 ¹qui
2108 4611 2173 4653 non
2187 4590 2342 4655 desinunt
2357 4611 2456 4654 ruere

466 4677 547 4742 ltem
564 4677 688 4740 lesaias
719 4673 886 4752 153‚11.]:
921 4672 1042 4736 Notitia
1059 4672 1130 4735 eius
1154 4671 1342 4736 iustificabit
1356 4667 1438 4736 mul·
1482 4685 1598 4737 contra
1625 4674 1871 4737 conscientiam.
1916 4671 2111 4757 Quanquam
2143 4689 2252 4739 autem
2273 4673 2366 4740 nulle
2399 4695 2455 4740 res

466 4773 530 4826 tos.
595 4760 643 4825 lta
681 4781 757 4825 cum
785 4757 937 4823 Christus
965 4768 998 4819 et
1025 4754 1178 4839 Apostoli
1218 4767 1439 4821 renovassent
1480 4755 1623 4822 humana
1645 4755 1812 4838 pulchrior
1834 4768 1899 4830 est,
1929 4779 2025 4842 quam
2048 4757 2237 4842 disciplina,
2266 4762 2354 4824 sicut
2376 4781 2456 4825 vere

466 4845 660 4922 doctrinam,
679 4845 791 4907 statim
807 4853 925 4926 postea
941 4859 1079 4925 sparsae
1096 4853 1173 4905 sunt
1191 4842 1362 4924 opiniones
1379 4840 1437 4904 hu·
1481 4843 1559 4906 dicit
1576 4839 1785 4916 Aristotcles,
1804 4842 1961 4906 iustitiam
1971 4841 2201 4908 fonnosiorem
2213 4863 2288 4908 esse
2300 4844 2455 4928 Hespero

465 4949 583 4994 manae
599 4929 641 4992 de
657 4925 847 5010 disciplina;
875 4928 953 5011 qnia
968 4943 1123 5009 magnum
1140 4927 1294 5010 quiddam
1304 4937 1369 5001 est,
1386 4945 1438 4989 re·
1481 4925 1693 4999 ethuciiero·;
1705 4923 1827 4989 Tamen
1843 4945 1910 4991 non
1922 4941 1974 4992 ast
1985 4931 2152 4994 assuenda
2164 4931 2284 5012 opinio,
2302 4931 2392 5013 quod
2411 4932 2456 4994 sit

467 5032 558 5100 gere·
574 5024 731 5077 externos
757 5031 878 5078 mores.
921 5009 1051 5074 Deinde
1079 5011 1186 5074 exorti
1203 5023 1281 5074 sunt
1298 5021 1332 5074 et
1346 5007 1437 5074 lana-
1480 5010 1625 5096 impletio
1644 5009 1764 5095 Legis,
1789 5012 1878 5095 quod
1901 5025 2065 5078 mereatur
2088 5015 2315 5078 remissionem
2332 5033 2456 5096 pecca·

462 5099 522 5163 tici
539 5099 687 5182 spiritns,
705 5098 761 5181 qui
799 5115 917 5160 rorans
932 5091 1206 5160 transfonnarunt
1221 5091 1436 5180 Evangeiinm
1479 5105 1597 5172 tonum,
1616 5097 1857 5179 quodpropter
1874 5115 1946 5160 aum
1964 5097 2062 5162 bomo
2080 5101 2124 5162 sit
2139 5102 2257 5176 iosnrs,
2275 5101 2309 5163 id
2323 5114 2389 5178 ast,
2402 5121 2456 5164 re·

465 5186 500 5248 in
527 5181 637 5269 legam
667 5181 771 5245 seul'
815 5181 1016 5256 risaismum,
1043 5179 1208 5245 firmarunt
1223 5178 1374 5244 homines
1389 5181 1436 5244 iu·
1478 5177 1673 5244 conciliatus
1690 5180 1776 5244 Deo.
1819 5179 1943 5246 Paulus
1967 5183 2070 5267 inquit
2087 5182 2225 5249 ludaeos
2242 5185 2361 5248 intueri
2380 5184 2455 5249 hio-

467 5282 539 5332 stos
557 5288 635 5331 csse
653 5267 762 5351 Lege,
790 5277 821 5328 et
844 5285 886 5329 ne
904 5263 1055 5328 Christus
1073 5263 1153 5328 nibil
1175 5265 1341 5328 videretur
1357 5265 1435 5328 novi
1478 5266 1531 5349 ysl
1548 5260 1665 5328 faciem
1681 5263 1840 5342 velatam,
1858 5267 1892 5329 ld
1909 5279 1977 5343 est,
1995 5287 2060 5333 non
2079 5281 2170 5332 recte
2187 5266 2371 5352 intelligere
2388 5269 2455 5334 Le·

1523 5369 1553 5412 m
1571 5349 1646 5425 Dei,
1674 5369 1759 5434 quae
1776 5361 1829 5414 est
1845 5371 1912 5415 vox
1930 5371 2072 5435 arguens
2089 5365 2261 5436 peccatum
2280 5355 2313 5417 in
2330 5366 2452 5420 natura

1571 1389 1610 1434 ns
1633 1369 1788 1455 loquitur,
1817 1373 1877 1434 sed
1895 1373 2174 1456 descriptoribus
2191 1372 2268 1438 alibi
2287 1376 2459 1440 dicendum

471 5455 671 5478 ·············
800 5481 803 5486 -
1477 5369 1624 5498 hxmlnis·
1643 5445 1675 5497 et
1700 5435 1880 5500 ostendens
1903 5438 1983 5499 iram
2007 5437 2071 5501 Dei
2095 5439 2258 5502 adversus
2275 5453 2454 5522 peccatum

467 5540 514 5600 ts)
530 5538 740 5602 obscuraverunt!
762 5539 835 5600 corp.
854 5537 928 5588 t—t.
944 5535 1113 5586 obscurarunt
1479 5529 1513 5583 et
1531 5539 1630 5584 veros
1647 5539 1791 5602 pavores
1808 5520 1979 5584 incutiens.
