5859 6734
461 701 525 769 429
897 690 920 752 l.
943 684 1045 752 Loci
1065 680 1344 751 mitonem
1366 680 1404 746 C.
1427 675 1639 745 SECUNDA
1658 671 1816 739 EORUM
1837 670 1993 736 AETAS.
2382 670 2448 737 430

462 886 527 951 fido
572 879 757 945 addendum
777 886 829 939 est
850 872 963 949 edam,
992 871 1069 955 quid
1091 871 1133 935 de
1152 867 1427 953 decumo-bono·
1469 861 1639 936 Quaerunt
1658 860 1744 925 enim
1764 858 1825 941 piit
1848 855 2022 959 Quomodo
2044 853 2153 962 placet
2164 852 2238 919 Deo
2261 855 2447 960 obedientia

461 928 545 1033 rom³
570 982 706 1049 operum
760 969 793 1024 et
829 956 871 1021 de
909 964 1025 1021 nostra
1061 950 1247 1017 obedientia
1276 950 1426 1027 seudum.
1469 956 1602 1021 nostra,
1629 964 1703 1008 cum
1728 962 1824 1007 nemo
1853 939 1920 1025 legr
1941 938 2146 1005 satrssaeiati
2188 938 2362 1041 Quomodo
2384 960 2446 1005 err·

462 1049 566 1115 Plane
586 1048 683 1133 igitur
704 1004 737 1109 dt
758 1042 849 1107 clare
871 1042 963 1105 dico:
986 1035 1181 1103 obedientia
1200 1030 1346 1109 mour:
1361 1028 1428 1095 hoo
1469 1050 1543 1107 mus
1570 1027 1676 1105 salvi,
1702 1047 1777 1093 cum
1805 1027 1984 1091 sentiamus
2006 1021 2170 1107 adhue-in
2187 1024 2284 1089 nobrs
2305 1021 2447 1089 haerere

463 1143 516 1198 est
561 1131 686 1197 iustitia
706 1130 813 1192 bonae
835 1123 1059 1191 conscientiae
1082 1139 1144 1185 seu
1164 1136 1317 1203 oper-nur,
1344 1133 1429 1201 quae
1470 1109 1665 1197 peceatum?
1703 1110 1775 1175 liae
1801 1110 2013 1194 quaestiones
2041 1098 2255 1210 aptamus
2283 1119 2380 1186 wli»
2413 1122 2446 1175 et

463 1180 555 1282 Dede
588 1214 687 1278 nobis
707 1210 885 1295 praecipit,
917 1205 1113 1279 necessario
1142 1200 1237 1287 sequi
1259 1200 1357 1265 debet
1376 1217 1428 1263 re·
1471 1196 1719 1273 ostendendum,
1732 1194 1898 1279 quomodo
1911 1191 2127 1277 placeatDeo
2137 1190 2390 1259 hoeemchosta
2412 1205 2445 1258 et

464 1296 735 1367 nominationem.
780 1292 933 1357 Christus
959 1291 1045 1355 enim
1071 1289 1106 1351 in
1126 1282 1309 1371 Evangelio
1335 1301 1428 1365 pree·
1470 1276 1664 1362 imperfecta
1696 1279 1899 1357 obedientia,
1930 1298 1974 1341 ne
2003 1280 2038 1341 in
2070 1278 2333 1379 despefationem
2364 1278 2446 1343 iuci-

509 1384 540 1447 ¹it
573 1382 616 1447 de
642 1379 856 1443 Poenitentie.
912 1374 954 1437 Et
980 1370 1104 1437 Paulus
1132 1370 1236 1453 iuquit
1263 1364 1429 1444 iliam&
1472 1366 1565 1441 dant,
1597 1374 1655 1429 artt
1686 1362 1854 1429 confidant
1885 1363 2019 1447 propria
2049 1363 2205 1427 munditie
2237 1373 2272 1427 et
2304 1359 2446 1450 glanem

462 1386 544 1547 ἵξῃ
566 1466 745 1530 Debitores
767 1478 897 1533 sumus,
919 1477 962 1521 ne
984 1455 1164 1523 seeundum
1185 1470 1318 1517 carnem
1339 1452 1429 1515 vive·
1471 1442 1596 1512 Christi
1616 1445 1819 1513 transierant
1839 1448 1873 1511 in
1894 1448 2029 1531 proprie
2049 1465 2163 1531 opere.
2320 1532 2327 1548 .

462 1570 546 1615 mus.
588 1548 632 1612 Et
653 1544 807 1611 Christus
835 1544 882 1607 ait
904 1539 1030 1617 [hietth.
1056 1540 1113 1617 lu,
1141 1536 1222 1616 lim
1265 1535 1301 1601 Si
1323 1535 1375 1599 vis
1396 1533 1431 1597 in
1556 1528 1663 1597 Multa
1693 1533 1819 1615 passim
1850 1552 1872 1597 a
1916 1534 1939 1597 d
1969 1530 2190 1617 augustinum
2222 1542 2255 1595 et
2285 1527 2371 1633 uiros
2404 1530 2446 1595 de

462 1634 562 1698 vitam
582 1631 722 1719 ingredi,
744 1647 843 1693 serva
859 1624 1023 1689 mandata.
1055 1622 1099 1687 Et
1115 1619 1329 1687 iustihcamur
1345 1617 1430 1694 ideo,
1470 1612 1635 1681 hocloco
1656 1612 1821 1719 lepuntor.
1893 1626 1926 1681 st
1947 1628 1981 1680 et
2000 1612 2104 1701 longe
2120 1615 2311 1717 liieronymr
2324 1614 2445 1763 drapu-

462 1729 499 1783 ut
518 1734 608 1781 nova
629 1724 663 1779 et
683 1710 843 1798 spirituali
866 1710 933 1775 vita
954 1708 1122 1783 vivamus,
1152 1723 1237 1789 quae
1257 1714 1310 1768 est
1332 1720 1430 1786 quae·
1460 1700 1553 1765 tado
1580 1701 1615 1764 in
1636 1698 1747 1765 rittrcc
1774 1701 1889 1765 eudem
1914 1701 1957 1767 de
1984 1719 2032 1764 re.
2075 1698 2219 1767 Prunum
2244 1709 2352 1777 autern
2404 1718 2445 1763 oc

463 1802 539 1865 darn
560 1799 746 1863 obedientia
766 1794 984 1880 ergaDeumt
1004 1792 1095 1857 iuxta
1114 1788 1197 1854 illud
1209 1787 1365 1865 [llierem.
1376 1784 1431 1863 31,
1472 1785 1613 1851 docendi
1638 1794 1717 1849 sunt
1743 1782 1935 1849 Christianit
1968 1785 2058 1869 quod
2082 1782 2167 1851 haec
2196 1785 2383 1887 obedientie
2411 1786 2446 1849 iu

463 1883 547 1963 33.]=
569 1882 667 1947 Dabo
689 1880 722 1945 le
766 1900 799 1943 m
819 1898 925 1943 meam
945 1878 979 1939 in
1001 1874 1156 1939 wudibus
1175 1892 1299 1953 eorum
1338 1869 1382 1933 Et
1397 1871 1431 1933 in
1471 1868 1537 1947 his,
1581 1868 1614 1933 ui
1634 1866 1800 1935 iustificati
1822 1878 1916 1947 sunt,
1936 1870 1980 1933 sit
2000 1865 2208 1951 imperfecta,
2230 1888 2293 1934 nec
2314 1864 2446 1935 satrsi'a·

462 1966 616 2032 Ehesiis
645 1966 693 2043 ii,
722 1898 785 2043 ἢ]
813 1964 873 2027 ait:
918 1961 1025 2051 ipsius
1052 1977 1136 2042 opus
1157 1976 1285 2032 sumus,
1307 1954 1431 2022 conditi
1473 1954 1539 2017 aiat
1558 1889 1650 2037 degi,
1679 1953 1772 2037 quod
1797 1953 1842 2019 ad
1868 1954 1975 2036 ipsam
2000 1954 2216 2056 obedieptiam
2242 1955 2366 2019 attinet.
2409 1950 2447 2019 ld

527 2052 616 2115 bona
636 2068 748 2133 opera.
777 2044 973 2129 Accepmto
996 2044 1038 2109 ad
1059 2044 1159 2107 vitam
1181 2051 1349 2125 aeternam
1370 2057 1432 2103 seu
1474 2035 1566 2103 clare
1592 2047 1734 2101 testatur
1760 2034 1905 2114 Paulus,
1938 2056 2013 2102 oum
2033 2050 2138 2122 mqmt
2165 2037 2272 2116 {liora
2301 2039 2334 2114 7,
2359 2036 2445 2118 hdie

463 2135 595 2199 donatio
623 2134 711 2199 vitae
737 2142 890 2195 aeternae
911 2130 1087 2194 coniuncta
1107 2136 1161 2189 est
1181 2144 1256 2189 anm
1275 2121 1432 2189 iustifice·
1473 2120 1581 2187 Video
1601 2118 1700 2213 aliam
1720 2119 1830 2208 legem
1849 2124 1883 2187 iu
1903 2122 2059 2187 membris
2080 2124 2180 2199 meis,
2208 2134 2447 2208 repugnantem

462 2222 560 2297 tione,
581 2219 615 2285 id
636 2227 699 2297 est,
721 2236 796 2281 cum
817 2214 1011 2279 remissione
1030 2218 1243 2294 peccatonm
1263 2219 1298 2274 et
1317 2226 1432 2273 reoon—
1473 2202 1540 2290 legi
1556 2220 1613 2271 'me
1650 2206 1659 2223 ⁸
1700 2224 1805 2271 meae.
1847 2205 1928 2271 item
1954 2202 2044 2283 [Gal.
2058 2207 2104 2297 Ι5,
2134 2207 2214 2289 17.]ι
2258 2207 2346 2273 Caro
2368 2226 2446 2273 eon·

465 2302 628 2369 ciliatione
661 2318 745 2385 quae
766 2296 832 2363 fide
853 2298 1040 2380 contingit,¹
1055 2292 1249 2373 iuxteiliud
1270 2288 1432 2369 ilium&
1475 2292 1613 2374 cupiscit
1675 2308 1796 2357 versus
1816 2288 1843 2355 S
1864 2290 1981 2355 iritum.
2009 2290 2092 2357 ltem
2111 2293 2145 2367 l.
2161 2290 2232 2373 ioh.
2252 2292 2282 2357 1.
2300 2298 2365 2371 [vs.
2381 2291 2414 2359 8.
2422 2302 2452 2375 :1¹

464 2386 548 2466 30.]:
578 2345 670 2458 Quis
691 2381 863 2458 iustificat,
890 2381 1026 2445 eosdem
1047 2390 1081 2445 et
1101 2374 1275 2463 glorificet.
1318 2375 1433 2459 ltaque
1474 2374 1512 2440 st
1541 2374 1735 2453 dixerimus,
1767 2312 1865 2459 quod
1946 2387 2056 2443 uatum
2081 2396 2152 2442 nou
2176 2378 2354 2456 hebernus,
2381 2379 2394 2443 i
2435 2380 2447 2445 l

463 2491 532 2535 non
553 2470 647 2535 datur
667 2469 736 2533 vita
756 2476 892 2529 aeterua
912 2474 1048 2547 propter
1065 2463 1255 2564 &peitatem
1272 2463 1432 2525 bonorum
1473 2479 1538 2524 nos
1558 2460 1747 2525 seducimus
1764 2468 1828 2525 eto.
1900 2472 1915 2524 t
1934 2456 2058 2527 Psalm.
2076 2461 2150 2527 lta
2173 2468 2237 2543 [vs.
2261 2464 2327 2543 Ἅι]
2403 2484 2447 2557 on

464 2572 600 2639 operum
645 2552 707 2617 sed
735 2552 839 2635 gratis
867 2558 1002 2633 propter
1030 2545 1207 2611 Chr-ratum.
1254 2544 1297 2611 Et
1324 2554 1433 2635 tamen
1474 2545 1578 2609 intres
1603 2545 1637 2608 in
1659 2543 1811 2610 iudicium
1831 2558 2029 2615 cum'serro
2049 2556 2125 2627 trra,
2146 2550 2223 2633 quie
2242 2568 2312 2614 non
2328 2546 2446 2625 iustih-

465 2642 552 2703 bona
573 2595 676 2719 opera
696 2636 743 2699 ita
763 2635 954 2697 necessaria
974 2642 1052 2697 sunt
1072 2632 1116 2695 ad
1137 2630 1433 2757 ritaup'asternupp,
1475 2628 1603 2711 cabitur
1622 2630 1657 2694 in
1677 2641 1862 2777 conspeetu
1885 2620 1943 2695 iuo
1964 2632 2215 2733 uermerium
2257 2632 2302 2698 Et
2321 2630 2445 2737 lissiae

486 2715 990 2878 summisere
1004 2712 1433 2878 timebunt
1474 2711 1550 2881 ιι·
1571 2712 1765 2863 ιιι
1781 2714 2445 2899 ,nummum

464 2892 618 2953 docuere-
630 2884 858 2972 Evangelium.
892 2885 980 2949 item
1004 2885 1094 2960 [ibid
1116 2882 1156 2960 6,
1182 2888 1243 2962 9.]ι
1267 2882 1331 2955 Qui
1353 2880 1433 2947 talia
1473 2883 1645 2965 piscentia,
1665 2894 1701 2947 ut
1722 2893 1867 2959 constat,-
1886 2902 1974 2967 quase
1991 2894 2045 2953 ert
2061 2906 2125 2953 sue
2140 2898 2446 2983 netprppsoostun

464 2982 576 3058 ιςιιιιι,
596 2986 733 3073 rapum
754 2969 818 3034 Dei
838 2988 906 3034 non
927 2970 1154 3051 possidebunt.
1474 2976 1509 3031 et
1529 2966 1562 3031 di
1649 2977 1773 3042 morte;
1801 2988 1865 3033 neo
1893 2980 1948 3033 est
1971 2968 2098 3049 oflom,
2125 2972 2189 3041 sod
2206 2982 2368 3059 μμω
2387 2996 2446 3061 μ.

547 3048 769 3139 lisquuuntur
795 3064 904 3119 autern
930 3074 997 3118 non
1023 3049 1130 3119 solum
1158 3062 1295 3117 externa
1323 3046 1432 3115 civilia
1475 3052 1518 3115 rit
1546 3112 1549 3119 ,
1583 3053 1690 3131 tiosos
1720 3048 1871 3119 affectus.
1913 3051 1946 3116 A
1982 3072 2025 3131 ue
2055 3052 2140 3121 haec
2163 3068 2308 3143 peccata
2337 3062 2446 3127 uncti

595 3138 656 3202 sed
677 3139 775 3205 etiam
795 3135 983 3220 spirituales
1004 3148 1124 3212 motus,
1144 3136 1241 3199 timor
1258 3134 1333 3211 liei,
1350 3133 1432 3199 lidu-
1473 3132 1619 3201 fatenmr·
1638 3148 1673 3201 et
1692 3062 1984 3238 ormtshiethpz
2007 3138 2091 3219 1212
2112 3138 2249 3209 Dimitte
2268 3144 2366 3209 bobis
2383 3146 2445 3235 sie·

463 3158 742 3301 moventia,
770 3218 902 3285 dilectio
932 3232 967 3285 et
991 3219 1122 3285 similes.
1141 3232 1260 3283 motus.
1303 3218 1356 3282 De
1378 3217 1431 3283 his
1475 3219 1542 3284 bita
1561 3232 1688 3285 nostro.
1730 3219 1868 3293 Quoties
1889 3221 2038 3297 dubrtaru
2058 3226 2166 3295 sancti
2186 3245 2226 3291 se
2245 3227 2321 3293 Deo
2343 3244 2444 3297 omn

461 3306 645 3391 praecipuis
677 3306 742 3371 Dei
774 3303 917 3369 mitibus
949 3302 1030 3369 nihil
1062 3314 1204 3387 possunt
1231 3302 1353 3367 docere
1372 3302 1431 3380 hi,
1473 3302 1572 3389 cosei
1625 3304 1733 3369 uoties
1753 3301 1895 3369 labescit
1916 3304 2024 3371 iidu'i
2061 3306 2144 3383 Quis
2164 3310 2267 3389 timot,

350 3436 356 3443 ·
462 3386 1199 3541 nocemur
1212 3387 1325 3555 ιι
1338 3387 1431 3535 cu
1473 3324 1699 3554 eui-e
1718 3390 1978 3557 ιιιιι
1995 3390 2294 3547 uiuet.
2338 3419 2444 3559 ..o

462 3559 612 3632 udonis,
633 3556 723 3619 iuxta
743 3551 825 3617 illud
854 3552 960 3627 [Rom.
986 3553 1036 3630 10,
1061 3552 1143 3631 latr
1187 3552 1362 3626 Quomodo
1383 3557 1431 3621 in·
1472 3574 1547 3627 non¹
1566 3556 1729 3621 interdum
1754 3558 1932 3627 inoeuduut
1960 3561 2038 3627 odia
2059 3572 2094 3627 et
2112 3560 2201 3629 allae
2220 3566 2443 3649 cupiditates?

461 3643 643 3715 vocabunt,
673 3639 790 3701 sinon
812 3636 971 3701 oredanti
1012 3636 1097 3701 Nam
1118 3636 1275 3703 dubitatio
1296 3634 1369 3716 illa,
1394 3648 1432 3703 ut
1474 3638 1557 3712 Quis
1578 3638 1740 3707 ambert
1759 3648 1842 3707 suae
1862 3634 2050 3713 vocabuit
2084 3646 2230 3725 ,Quoues
2251 3654 2359 3717 saneti
2377 3652 2443 3721 fre

461 3743 563 3806 supra
594 3722 677 3798 dixi,
709 3722 795 3804 parit
826 3732 882 3785 aut
914 3720 1177 3804 desperationem
1204 3733 1261 3787 aut
1287 3733 1430 3789 contem-
1471 3736 1581 3801 munt,
1613 3744 1688 3791 cum
1720 3728 1833 3817 vident
1859 3729 1904 3817 im
1925 3730 1978 3795 ios
2003 3743 2037 3795 et
2060 3728 2235 3819 Tyr-annos
2260 3734 2382 3803 florere
2409 3752 2443 3805 et

461 3819 561 3891 ptum.
604 3805 680 3869 Non
700 3807 858 3870 invocant
878 3816 986 3869 autem
1007 3804 1133 3885 Dema,
1182 3808 1214 3871 ui
1239 3809 1429 3892 desperant,
1472 3810 1625 3875 omuibus
1653 3810 1742 3877 vitae
1767 3814 1895 3877 uemmd
1930 3810 2047 3895 situi,
2069 3828 2182 3883 tenere
2203 3838 2326 3907 regna,
2348 3842 2441 3909 opes,

462 3900 527 3957 aut'
545 3898 768 3954 contemnunt.
811 3888 922 3961 Quare
940 3888 1134 3973 hypocritae
1205 3937 1218 3968 ,
1245 3912 1430 3977 quanquam
1473 3891 1624 3981 gloriam,
1654 3912 1694 3961 se
1724 3915 1806 3963 vero
1832 3900 1980 3965 exerceri
2008 3902 2096 3967 omni
2123 3922 2248 3989 genua
2274 3907 2441 3979 adamita-

461 3974 608 4039 iactitant
619 3976 665 4048 ⁹⁶)
686 3991 726 4037 se
747 3992 825 4037 esse
846 3973 1001 4037 doctores
1026 3976 1185 4039 bonomm
1205 3994 1360 4058 operum,
1381 3990 1430 4041 ta·
1472 3978 1559 4043 troni
1580 3976 1672 4043 liaeo
1692 3980 1860 4049 videbun
1880 3988 2443 4070 suutextenuendmfflm
2548 4028 2554 4035 .

461 4076 534 4123 men
560 4054 619 4121 illa
643 4058 717 4138 ipsa
738 4057 922 4205 praecipua
949 4078 970 4121 ο
1014 4078 1051 4121 ra
1072 4072 1262 4124 sanctorum
1284 4072 1316 4125 et
1336 4080 1430 4144 prae·
1470 4074 1590 4127 neurru
1609 4082 1690 4129 vere
1709 4078 1865 4150 peccata
1886 4070 1947 4133 sed
1968 4072 2077 4135 condo
2219 4068 2440 4155 credentibus.

462 4144 576 4225 eipuos
599 4138 708 4205 cultus
772 4142 887 4205 eineo
906 4141 976 4205 inte
1002 4143 1094 4227 igrmt
1113 4162 1176 4207 nec
1194 4144 1326 4211 docent.
1353 4147 1429 4210 Non
1470 4144 1623 4214 Delirant
1642 4150 1752 4234 igitur,
1773 4152 1830 4235 qui
1965 4165 2136 4221 tsanetos
2213 4156 2440 4229 ‘satisfecere

462 4228 546 4291 enirn
581 4226 662 4289 satis
690 4236 742 4288 est
768 4226 891 4289 docere
917 4237 1055 4290 externa
1080 4226 1189 4291 civilia
1216 4248 1335 4311 opera,
1368 4232 1428 4295 sed
1471 4243 1504 4295 et
1526 4234 1599 4297 siue
1618 4244 1757 4317 peccato
1779 4254 1869 4305 esse.
1960 4260 1997 4317 o,
2025 4243 2115 4324 quod
2135 4253 2188 4307 est
2207 4248 2439 4327 monsuosius,

461 4312 471 4373 i
553 4308 649 4387 fides,
670 4328 755 4392 quoe
775 4310 886 4375 tribuit
904 4308 1046 4395 gloriam
1068 4309 1215 4391 Christo,
1233 4316 1428 4397 praecipuus
1470 4314 1597 4400 tingunt
1625 4337 1728 4400 opera
1754 4332 1892 4386 extema
1912 4342 1980 4387 non
1996 4335 2174 4409 praecepta
2193 4347 2216 4392 a
2236 4320 2439 4413 Deo'perie·

493 4394 522 4457 ei
554 4390 662 4457 cultus
695 4404 756 4456 est.
810 4392 988 4459 Praeterea
1012 4394 1179 4461 invocatio
1211 4398 1245 4461 in
1272 4396 1336 4463 hao
1363 4397 1429 4463 fide
1471 4400 1576 4464 ctione
1595 4420 1674 4467 esse
1695 4401 1846 4489 decalogi
1866 4408 2034 4491 operibus.

462 4476 532 4541 lieri
563 4478 680 4555 debet,
714 4478 803 4559 quod
829 4477 922 4543 Deus
956 4478 1035 4544 velit
1068 4481 1164 4544 nobis
1190 4483 1367 4566 ignoscere
1395 4494 1428 4548 et
1554 4482 1599 4548 Ut
1619 4486 1719 4571 igitur
1738 4484 2080 4575 respondeamus-piis
2097 4499 2341 4578 quaerentibus,
2358 4521 2438 4585 quo-

462 4580 522 4627 nos
555 4561 720 4626 exaudire.
764 4560 832 4625 lmo
863 4560 948 4627 haec
979 4562 1062 4628 fides
1095 4567 1281 4650 gubernare
1313 4587 1427 4632 ornnes
1469 4569 1567 4633 modo
1588 4566 1721 4652 placeat
1740 4572 1815 4639 Deo
1840 4570 2052 4643 inchoate'et
2069 4576 2264 4663 huperieete
2286 4584 2439 4652 obedien·

461 4646 606 4710 uetiones
628 4646 736 4709 debet.
1469 4652 1529 4730 tia,
1551 4654 1695 4721 breviter
1721 4658 1808 4723 deo.
1850 4660 1893 4724 Et
1919 4665 2111 4727 necessaria
2131 4677 2185 4730 est
2204 4664 2264 4733 illu
2284 4670 2437 4739 obedien·

545 4728 613 4795 sot
633 4749 701 4792 non
723 4731 805 4793 setis
827 4741 878 4793 est
900 4731 1033 4810 docere,
1054 4736 1143 4818 quod
1164 4735 1348 4799 obedientia
1369 4756 1426 4801 no·
1468 4736 1530 4814 tia,
1557 4748 1591 4801 et
1611 4737 1720 4821 placet
1740 4741 1832 4821 Deo,
1855 4747 1917 4810 sed
1938 4748 1972 4809 in
1992 4747 2229 4826 reconciliatis3
2262 4764 2296 4819 et
2315 4767 2368 4821 est
2389 4759 2436 4824 iu·

463 4824 529 4877 stra
556 4813 749 4878 necessaria
778 4815 837 4891 sit,
864 4815 1048 4881 addendum
1070 4829 1122 4883 est
1144 4821 1240 4896 eninr,
1261 4820 1425 4904 quomodo
1467 4822 1567 4900 stitia
1587 4843 1660 4888 non
1677 4828 1752 4910 quia
1772 4826 1839 4913 legi
1860 4828 2037 4911 satisfacit,
2058 4835 2121 4898 sed
2142 4837 2218 4919 quia
2239 4839 2302 4902 iam
2323 4860 2436 4923 perso·

462 4896 589 4979 placeat
610 4896 695 4973 Deo,
718 4917 791 4959 omn
813 4909 961 4976 constet,
984 4904 1144 4967 neminem
1167 4902 1359 4969 satisfacere
1379 4904 1426 4969 le-
1467 4925 1531 4970 uae
1556 4904 1698 4989 placent.
1751 4910 1796 4977 Ut
1824 4916 1921 4999 igitur
1947 4928 2038 4983 certa
2067 4919 2261 4986 consolatio
2275 4934 2435 5007 teneatur,

463 4984 504 5067 gi.
549 4981 583 5045 ln
612 4980 677 5046 hoo
706 4991 774 5045 toto
801 4980 878 5046 loeo
905 4987 983 5050 muti
1005 4997 1082 5051 sunt
1103 4989 1424 5055 adversariinostri.
1466 4992 1516 5054 sic
1543 4994 1686 5059 sentient
1712 4996 1773 5079 piit
1816 4998 1913 5071 Quod
1941 5020 2087 5083 persona
2107 5007 2151 5069 sit
2170 5006 2382 5077 reconciliato
2402 5028 2435 5079 ot

1466 5089 1608 5159 accepta
1629 5081 1672 5143 ad
1693 5082 1794 5145 vitam
1814 5094 2000 5163 aeternam,
2020 5100 2157 5171 propter
2178 5089 2343 5159 Christum
2365 5108 2435 5163 tarr·

1464 5170 1532 5225 tum
1561 5181 1622 5243 per
1641 5165 1916 5243 misericordiaurt
1947 5181 2066 5253 postea
2086 5195 2166 5239 vero
2187 5174 2318 5257 placeat
2338 5182 2435 5249 etiam

463 5152 656 5167 *σου

462 5270 507 5329 95)
523 5270 552 5321 ut
576 5272 662 5320 tamen
688 5271 754 5322 bona
780 5281 858 5333 opera
886 5271 921 5322 ita
944 5272 1089 5331 necessarie
1118 5279 1177 5325 sunt
1200 5302 1232 5311 -
1251 5302 1283 5312 —
1309 5277 1421 5343 debent]
1465 5242 1521 5308 '¹1¹⁸
1541 5244 1696 5312 5¹¹⁰h⁰³t⁸
1716 5251 1911 5330 ⁰b⁰dle¹¹fi⁰³
1935 5275 2011 5403 {3⁰¹³
2031 5275 2173 5339 P0f⁸⁰¹¹³
2192 5273 2328 5345 P¹⁰Pt0¹⁸
2346 5263 2434 5334 &lind

526 5336 641 5389 utute
663 5339 802 5417 1r-1s.
822 5339 943 5402 sopp:
976 5340 1006 5391 et
1022 5342 1108 5392 tanen
1125 5341 1188 5393 brec
1204 5353 1269 5396 nova
1286 5346 1424 5408 mutnus
1463 5327 1589 5411 placet,
1617 5332 1769 5400 videhcet
1789 5359 1849 5419 pro
1873 5349 1924 5402 ter
1974 5338 2121 5406 hristum.
2165 5345 2240 5409 Non
2263 5348 2347 5411 enim
2374 5372 2433 5433 po.

526 5404 672 5455 obedientia
687 5410 723 5456 ur
739 5407 885 5459 necessaria
903 5410 944 5458 eo
960 5434 992 5445 -
1011 5434 1043 5445 -
1061 5407 1146 5460 tebet.
1442 5474 1447 5501 ι
1465 5423 1533 5477 test
1553 5419 1674 5500 opponi
1694 5421 1811 5487 indicio
1867 5427 1898 5489 ei
1919 5424 1974 5490 iila
1990 5424 2143 5491 inchoato
2161 5430 2354 5510 obedientia,
2372 5440 2434 5503 sod

461 5507 506 5569 ou)
525 5504 648 5566 omont]
666 5505 708 5557 ru.
729 5508 768 5557 rr.
786 5510 813 5558 et
830 5507 895 5572 ooo.
913 5510 1006 5572 typou.
1025 5519 1125 5561 encre:
1142 5510 1236 5587 uem
1442 5506 1446 5551 ¹
1465 5500 1655 5567 retinendus
1676 5515 1729 5567 est
1750 5508 1908 5574 mediator
1925 5508 2088 5587 Christus,
2108 5523 2242 5593 propter
2258 5533 2354 5595 quem
2370 5518 2433 5587 Ps-
