5859 6734
1087 690 1199 761 Pfflh.
1210 689 1325 804 dihh.
1343 688 1530 758 SCRIPTA
1550 690 1827 759 coenatica

616 878 749 941 boretur
766 876 986 955 dubitatione,
1006 877 1084 942 item
1106 888 1144 943 ut
1160 876 1295 944 Christo
1312 879 1435 943 tribua·
1478 897 1552 943 mus
1569 876 1701 945 laudem
1719 889 1751 943 et
1767 879 1898 944 virtutis
1917 890 1951 944 et
1967 880 2223 948 misericordiae.
2249 885 2301 950 Fi·

615 974 670 1026 tur·
704 962 835 1028 debitus
867 961 978 1027 honor
1010 959 1139 1028 scilicet
1172 966 1263 1051 quod
1297 973 1437 1048 propter
1479 964 1540 1029 des
1558 967 1645 1029 enim
1661 964 1780 1029 statuit
1791 965 1888 1029 deum
1905 984 2062 1030 veracem
2079 986 2159 1033 esse
2177 988 2300 1042 acser-

615 1047 724 1128 ipsmn
740 1048 817 1111 iusti
835 1049 856 1110 i.
875 1066 906 1113 e.
923 1049 1053 1132 accepti
1070 1049 1184 1113 simus.
1220 1050 1301 1115 Item
1317 1060 1354 1113 ut
1371 1048 1434 1113 deo
1478 1059 1611 1114 vantem
1633 1049 1873 1134 promissiones
1887 1051 1946 1133 ⁸⁷).
1990 1048 2032 1114 Et
2057 1054 2135 1135 quia
2161 1056 2301 1137 promis·

615 1130 779 1196 tribuatur
799 1129 874 1198 laus
897 1133 1143 1198 nrisericordiae
1167 1154 1242 1199 oum
1264 1135 1435 1199 conscien-
1478 1135 1593 1199 siones
1631 1131 1831 1217 pollicentur
1863 1135 2123 1199 misericordiam
2187 1159 2225 1203 ro
2249 1152 2303 1204 ter

615 1216 660 1280 tia
677 1217 711 1280 in
729 1237 838 1303 agone
854 1218 943 1282 exuit
960 1237 1090 1282 omnem
1108 1238 1148 1282 co
1172 1221 1237 1284 iam
1254 1219 1434 1306 dignitatis,
1479 1218 1661 1297 Christum,
1677 1218 1762 1283 fides
1780 1238 1860 1283 vere
1877 1220 1993 1284 statuit
2010 1220 2106 1286 deum
2125 1160 2250 1289 sadud
2268 1238 2301 1289 et

615 1312 648 1364 et
671 1302 838 1367 discamus
863 1303 1156 1368 misericordiami
1184 1325 1237 1370 am
1260 1325 1328 1369 non
1358 1322 1436 1367 esse
1476 1304 1725 1368 misericordem
1748 1322 1835 1367 esse
1879 1304 1970 1367 Haec
1994 1304 2079 1370 fides
2103 1318 2155 1371 ost
2174 1312 2301 1391 praeci-

574 1413 580 1432 ·
615 1386 789 1465 incertam
816 1398 852 1451 ut
869 1388 903 1451 in
920 1384 1050 1453 iudiciis
1067 1386 1234 1453 hominum
1251 1391 1312 1453 sed
1329 1400 1435 1453 ratam
1476 1407 1563 1473 puus
1582 1385 1693 1452 cultus
1712 1399 1746 1453 et
1763 1407 1848 1471 opus
1865 1390 1961 1474 primi
1977 1393 2144 1476 praecepti
2174 1403 2208 1457 et
2224 1396 2302 1477 quia

614 1482 648 1534 et
667 1482 790 1535 certam
807 1482 945 1556 propter
962 1474 1227 1557 promissionem
1261 1474 1433 1539 Addamus
1477 1470 1554 1538 talis
1572 1471 1655 1536 fides
1674 1474 1786 1537 existit
1809 1474 1843 1536 in
1863 1475 2064 1558 poenitentia
2088 1436 2230 1542 uec'es'se
2246 1491 2301 1543 est

614 1556 713 1640 igitur
730 1557 920 1623 testhuonia
936 1577 978 1623 err
1017 1559 1114 1623 uibus
1132 1570 1204 1625 tota
1220 1579 1275 1624 res
1294 1559 1350 1624 fiet
1367 1578 1434 1624 ma·
1478 1558 1687 1623 coniunctam
1704 1577 1782 1622 esse
1805 1577 1880 1623 cum
1897 1560 2024 1623 timore.
2067 1559 2131 1626 Est
2152 1564 2239 1626 anim
2261 1566 2300 1628 ti·

614 1641 668 1726 gis
689 1641 879 1787 perspicua.
918 1578 1126 1746 liud-[vs.
1144 1644 1210 1724 lt]
1251 1645 1327 1708 Nou
1341 1645 1433 1749 'estis'
1476 1663 1550 1707 mor
1565 1640 1679 1748 filialis
1701 1644 1756 1746 qui
1774 1641 2133 1749 cumiideconiunctus
2145 1658 2208 1711 est.
2234 1645 2301 1712 hoc

531 1773 537 1799 '
573 1774 580 1787 ’
614 1726 683 1874 tii
699 1727 1434 1899 ttitthtmti‘tahffiifiiiit
1476 1739 1547 1879 ii?
1565 1726 2024 1878 ib¹diii¹iss¹¹²ii⁰⁶iii¹i
2041 1729 2301 1881 tititiittf

614 1896 778 1978 approbat
802 1916 865 1961 vos
894 1916 962 1962 non
990 1909 1127 1981 propter
1154 1898 1264 1986 legem
1288 1900 1349 1963 sed
1374 1918 1435 1981 per
1478 1899 1603 1983 estqui
1626 1909 1679 1962 est
1704 1900 1776 1962 sine
1793 1897 1876 1976 fide,
1892 1899 1949 1962 ubi
1970 1898 2125 1964 videlicet
2140 1913 2301 1985 perpetua

530 2026 533 2030 -
616 1982 768 2066 gratiam,
786 1981 853 2046 hoc
871 1994 934 2061 est,
996 1984 1330 2049 rmisericordiamin
1340 1982 1434 2049 Chri·
1479 1984 1636 2048 dubitatio
1655 1982 1751 2047 affert
1773 1982 1817 2046 ad
1833 1995 2011 2047 orhemum
2035 1986 2299 2069 desperationem

615 2076 669 2129 sto
698 2066 905 2149 promissam.
982 2086 1043 2132 aec
1071 2079 1179 2134 autem
1207 2070 1435 2134 misericordia
1479 2081 1542 2133 etc.
1587 2068 1658 2131 Nec
1680 2087 1761 2132 vero
1784 2064 1860 2132 leve
1882 2087 1966 2150 opus
1995 2079 2050 2132 est
2076 2068 2161 2134 haec
2178 2069 2300 2135 fiducia

616 2152 681 2215 tide
698 2151 964 2234 apprehenditur.
1001 2149 1075 2216 Gai
1092 2151 1124 2218 3.
1149 2159 1215 2234 [vs.
1229 2154 1295 2234 la]
1340 2152 1435 2218 Chri·
1477 2154 1724 2219 misericordiae
1741 2153 1783 2216 de
1800 2172 1867 2235 qua
1881 2149 2026 2237 loquitur
2037 2152 2200 2219 Christus.
2227 2154 2300 2219 Du·

616 2247 687 2300 stus
706 2239 825 2312 nosii)
843 2237 1018 2302 redemite
1038 2236 1267 2304 maledictione
1283 2237 1369 2326 legis
1388 2236 1436 2302 ia·
1479 2239 1593 2302 bitatio
1612 2239 1698 2303 euim
1714 2234 1876 2300 naturalis
1899 2236 2059 2302 reclamat
2076 2239 2105 2302 ei
2128 2252 2163 2303 et
2184 2238 2298 2303 debili-

616 2331 690 2386 ctus
708 2339 771 2404 pro
788 2322 887 2386 nobis
905 2320 1133 2403 maledictum,
1150 2324 1172 2387 i.
1191 2344 1221 2388 e.
1239 2321 1295 2388 lex
1313 2323 1434 2388 conde·
1479 2334 1528 2387 tat
1545 2342 1635 2401 eam,
1657 2323 1755 2386 immo
1780 2332 1898 2385 natura
1918 2320 2085 2387 hominnm
2107 2325 2153 2387 ita
2170 2334 2222 2387 est
2240 2342 2299 2406 op-

615 2417 705 2472 mnat
729 2426 863 2486 omnes,
891 2407 954 2470 sed
976 2407 1051 2472 ideo
1074 2408 1140 2472 iam
1169 2405 1339 2491 placemus
1367 2428 1434 2472 non
1478 2426 1599 2493 pressa
1621 2406 1783 2471 caecitate
1804 2416 1842 2471 ut
1862 2425 1930 2468 non
1952 2404 2115 2494 intelligat
2135 2406 2222 2471 hano
2240 2408 2285 2471 du

616 2493 693 2578 quia
709 2488 778 2577 legi
795 2488 1019 2558 satisfacimus
1038 2494 1098 2556 sed
1110 2494 1187 2577 quia
1197 2513 1257 2576 per
1267 2492 1436 2558 Christum
1480 2493 1670 2557 bitationem
1685 2501 1858 2575 peccatum
1875 2509 1965 2569 esse,
1983 2490 2136 2557 anthane
2149 2491 2246 2556 iidem
2259 2491 2300 2556 de

615 2577 773 2659 redempti
791 2596 917 2643 sumus.
947 2576 1069 2642 Sumus
1087 2578 1189 2663 igitur
1205 2580 1284 2643 iusti
1301 2590 1436 2663 propter
1479 2597 1545 2662 qna
1560 2574 1726 2660 loquimur
1749 2578 1973 2640 necessariam
1997 2596 2084 2640 esse.
2129 2575 2299 2642 Eiusmodi
2315 2589 2320 2620 ·'

616 2660 784 2730 Christum
800 2681 868 2725 non
885 2672 1022 2745 propter
1037 2659 1157 2749 legem·
1185 2661 1249 2727 Ro.
1261 2662 1303 2728 X.
1317 2669 1383 2744 [vs.
1390 2663 1434 2741 4.]
1479 2664 1547 2727 vita
1558 2671 1611 2725 est
1626 2670 1786 2744 perpetua
1799 2661 1962 2747 ignoratio
1976 2659 2100 2726 Christi
2115 2663 2188 2725 sive
2198 2662 2251 2725 dei
2268 2672 2301 2724 et

560 2813 567 2836 ι
615 2745 707 2810 Finis
735 2743 822 2832 legis
845 2744 998 2811 Christus
1023 2758 1074 2811 est
1102 2748 1145 2812 ad
1170 2748 1326 2812 iustitiam
1348 2747 1436 2812 omni
1478 2756 1639 2831 perpetua
1657 2746 1821 2829 impietas,
1839 2748 1925 2809 sicut
1941 2744 2065 2810 Paulus
2085 2746 2184 2810 docet
2195 2746 2301 2810 Omne

617 2831 775 2896 credenti.
819 2830 856 2894 ld
880 2841 943 2895 est.
986 2831 1062 2896 Hoc
1089 2832 1179 2917 quod
1206 2830 1262 2896 lex
1288 2834 1435 2917 requirit,
1480 2829 2059 2916 quodnonestexctc.1)iscemus
2080 2831 2180 2916 igitur
2203 2832 2299 2895 deum

617 2912 772 2996 videlicet
787 2926 825 2981 ut
841 2916 920 2981 iusti
937 2918 1194 3000 pronuntiemur
1209 2918 1243 2981 id
1261 2917 1436 3000 consequi·
1502 2917 1590 2979 raec'
1613 2933 1657 2979 ue
1684 2913 1774 2979 hunc
1804 2912 1928 2979 cultum
1952 2917 2119 2999 requirere
2147 2913 2300 2979 videlicet

617 3021 690 3067 mur
705 3020 766 3084 per
783 2998 951 3066 Christum
975 3021 1049 3066 cum
1072 3002 1135 3085 ipsi
1158 3001 1374 3079 confidimus,
1400 3012 1437 3063 ut
1478 2937 1566 3064 Bane
1608 2999 1734 3062 duciam
1752 2999 1997 3063 misericordiae
2026 3000 2160 3064 ethaeo
2178 2999 2300 3064 fiducia

617 3106 762 3236 ἓξὲξὲἰ
796 3087 963 3235 qeptetuttlia
999 3084 1107 3236 ciarq1
1118 3097 1289 3235 tegtatur.l
1324 3085 1438 3235 Cququ
1479 3084 1564 3189 parit
1588 3081 1796 3213 dilectionem
1813 3084 1883 3232 qqi,
1912 3045 2078 3188 Agndscit
2099 3086 2182 3148 enim
2201 3085 2298 3147 deum

617 3191 707 3320 „ni
724 3189 1063 3321 ,iretisaffltt
1093 3177 1267 3320 iiiiii}
1284 3175 1344 3320 ii,
1479 3188 1862 3339 'Caiihiiihmin
1875 3188 1939 3318 {5⁰
1958 3171 2298 3338 {imitatrix
2333 3188 2374 3244 ⁵⁸’
2392 3202 2416 3238 ⁸·

616 3338 740 3404 habere
758 3352 932 3423 peccatum
949 3341 1009 3404 sed
1028 3340 1107 3405 dicit
1130 3360 1198 3404 nou
1215 3342 1370 3425 imputari
1387 3341 1435 3404 eia
1479 3276 1544 3403 deo
1564 3358 1664 3402 curae
1681 3357 1768 3416 esse,
1785 3358 1849 3401 nos
1868 3339 2014 3402 exaudiri
2030 3358 2071 3402 ac
2089 3336 2221 3401 defendi
2234 3348 2299 3401 etc.

618 3427 697 3573 quq
721 3422 891 3575 ρΙιίεεὸἓιο
902 3435 1050 3529 propter·
1066 3424 1233 3490 Christum
1269 3429 1436 3531 sitamen
1479 3423 1632 3509 Denique
1648 3434 1701 3487 est
1716 3425 1791 3526 ipsa
1807 3443 1896 3488 nova
1906 3424 1974 3487 vita
1991 3434 2024 3486 et
2035 3422 2200 3486 inchoatio
2212 3421 2300 3484 vitae

617 3520 755 3743 igniti?
770 3521 1238 3660 taithtatiiitittt
1255 3509 1438 3660 iiiiii
1481 3503 2301 3680 tittttittftiiiiiit'-,ithai

617 3679 631 3743 l
671 3690 725 3744 est
741 3665 862 3746 fiducia
873 3699 940 3765 qua
950 3679 1155 3746 vivificamur
1165 3680 1334 3766 agnitione
1345 3677 1438 3744 Chri·
1481 3677 1562 3742 ltem
1573 3677 1655 3741 Fide
1669 3687 1702 3741 et
1715 3676 1929 3741 iustificamur
1950 3688 1984 3740 et
1998 3674 2212 3740 vivificamur.
2223 3672 2300 3737 hoo

617 3766 679 3843 sti,
712 3760 830 3830 liberat
853 3785 874 3829 a
895 3775 1002 3830 morte
1027 3778 1060 3830 et
1084 3761 1192 3830 adfert
1208 3766 1309 3850 vitam
1332 3775 1437 3828 aeter-
1482 3772 1545 3839 est,
1566 3760 1695 3830 liberati
1723 3780 1745 3824 a
1766 3763 1946 3825 terroribus
1974 3757 2104 3844 peccati
2117 3769 2160 3823 et
2185 3759 2300 3822 mortis

617 3869 703 3913 nam.
783 3911 786 3916 ,
1482 3847 1685 3929 concipimus
1716 3844 1817 3908 vitam
1844 3856 2022 3909 aetemam.
2079 3844 2175 3912 Bona
2205 3859 2300 3912 metis

720 3981 867 4039 Extrema
886 3997 965 4054 port
992 3985 1083 4036 tertia
1108 3980 1197 4036 mua
1216 3986 1351 4056 paginae
1378 3980 1436 4036 Me.
1481 3942 1655 4013 umque
1683 3929 1869 3993 mmmm
1901 3940 2011 4013 μηδ’
2042 3929 2163 4014 iugem
2180 3925 2299 4011 'qm'

721 4056 810 4121 atque
827 4048 1120 4120 mmmm„
1130 4052 1275 4123 ,afim
1291 4047 1436 4118 soffigp,
1482 4016 1556 4080 dam
1584 4014 1928 4118 gaudimnexistere,
1960 4014 1988 4076 si
2017 4024 2162 4098 statuere
2191 4013 2299 4114 possit
2437 4071 2441 4077 ,

722 4125 751 4172 et
766 4116 818 4186 fot.
833 4119 875 4181 tt,
888 4135 917 4170 a.
936 4116 1025 4171 aliae
1041 4124 1117 4172 eunt.
1148 4116 1266 4172 Danae
1277 4123 1439 4187 aequentur
1482 4102 1579 4166 deum
1599 4099 1673 4176 sihi,
1695 4100 1758 4163 srbr
1779 4117 1911 4182 inquam
1922 4117 2001 4162 vere
2016 4095 2103 4161 velle
2116 4097 2299 4180 propicium

715 4186 851 4279 datm·
1482 4202 1576 4288 esse,
1598 4201 1636 4246 se
1659 4201 1760 4247 curae
1781 4201 1857 4246 ease
1880 4184 2007 4286 deotao
2028 4179 2161 4266 deierrdt
2183 4181 2301 4272 adeo,

536 4404 584 4424 ..
669 4345 818 4452 'Quae
850 4345 1390 4457 operasintfacienda.
1482 4265 2302 4417 qudopqaqqqqqnqqqqnqnqqmqqipqqgt’iampqqqq

663 4529 843 4594 Praeterea
864 4527 951 4632 deo
994 4526 1085 4590 ribus
1109 4526 1280 4590 sciendum
1307 4534 1376 4602 est,
1404 4523 1439 4585 id
1482 4432 2299 4625 pddrddaddonhdsoehdtdctdiffiqzlddspdm

621 4615 715 4766 dddd
727 4609 1439 4783 ddeghxrgdpiffidrasdridus'idgtrdiaddddd
1482 4608 1691 4755 prd’fdddtdtr'
1708 4689 1751 4754 ad
1781 4689 1945 4773 primun*
1976 4642 2161 4774 raeceptmn
2194 4635 2300 4749 edam

622 4785 691 4864 dei,
708 4869 716 4887 .
731 4781 1004 4886 quemadmodum
1045 4789 1078 4844 et
1107 4777 1241 4886 'Paulus
1282 4775 1440 4924 praeeqpit
1483 4776 1669 4840 ohedientia
1690 4776 1723 4838 in
1748 4774 1897 4876 orrmihus
1928 4783 1931 4788 '
1981 4774 2162 4836 'ctionihus
2208 4767 2300 4834 Parit

622 4869 737 4934 Cunus
755 4878 917 4970 sumptura
935 4866 1089 4932 drvmitus
1105 4875 1263 4950 msprrata
1281 4875 1344 4928 etc.
1406 4881 1439 4925 a·
1483 4871 1592 4926 antem
1616 4870 1653 4924 et
1679 4857 1766 4922 hano
1794 4859 1982 4941 pauentium
2009 4857 2093 4922 tides
2121 4874 2207 4941 quae
2235 4854 2299 4917 scit
2411 4882 2413 4886 ¹
2452 4889 2458 4901 ·

621 4951 685 5019 cilo
703 4954 803 5039 igitur
818 4953 955 5017 rudrcari
970 4962 1084 5035 potest
1100 4970 1185 5037 quae
1204 4969 1306 5034 opera
1322 4965 1440 5011 neces·
1484 4943 1682 5009 afflictiones
1703 4963 1771 5008 non
1794 4959 1870 5006 essa
1889 4943 2021 5029 signum
2042 4943 2112 5005 irae
2134 4950 2198 5004 etc.
2236 4938 2299 5003 ssd

621 5041 711 5105 suria
727 5039 804 5102 sint.
847 5037 998 5101 Possunt
1013 5048 1123 5101 autem
1141 5036 1311 5120 aptissime
1333 5033 1366 5096 in
1385 5032 1441 5096 de·
1484 5030 1639 5093 exercitia
1659 5028 1747 5106 fidei,
1768 5028 1848 5091 item
1868 5028 1932 5091 scit
1950 5027 2013 5090 deo
2028 5043 2092 5090 nos
2108 5041 2299 5094 curaeesee

621 5121 776 5210 calogum
794 5119 953 5186 collocari
974 5132 1036 5186 etc.
1079 5119 1326 5185 Recenseamus
1342 5117 1443 5202 igitur
1483 5116 1517 5178 in
1543 5114 1625 5196 ipsis
1652 5110 1900 5191 afflictionibus,
1928 5114 1993 5175 scit
2020 5129 2087 5175 non
2116 5127 2192 5173 esee
2216 5107 2298 5172 abii·

624 5227 735 5292 opera.
778 5203 923 5272 Primum
951 5223 992 5270 ac
1019 5205 1228 5290 praecipuum
1263 5223 1348 5268 ous
1388 5212 1440 5266 ast
1484 5199 1632 5263 ciendam
1653 5198 1835 5263 doctrinam
1855 5193 2024 5283 Evangelii
2051 5205 2187 5279 propter
2212 5187 2298 5256 affli-

621 5296 695 5376 ipsa
716 5290 813 5367 fides,
832 5311 897 5374 qua
919 5285 982 5353 deo
1004 5309 1084 5354 vere
1102 5303 1135 5353 et
1153 5309 1193 5353 ax
1211 5309 1271 5354 cor
1294 5287 1440 5351 etrihui·
1483 5284 1624 5348 ctionem
1645 5293 1709 5348 etc.

470 5572 516 5635 tt]
537 5569 594 5635 uos]
615 5572 669 5660 tte:
686 5578 740 5618 vos.
1164 5559 1168 5564 '
1330 5573 1334 5580 ·
1361 5569 1365 5574 ·
1458 5413 1528 5622 Ι87)
1547 5555 1744 5621 promhsiones]
1761 5555 1807 5609 its.
1824 5555 1946 5608 ammae
1961 5551 2075 5606 ridetur:
2093 5549 2278 5617 muamus.
