5859 6734
536 687 617 757 106⁷
1157 680 1272 748 PlllL.
1293 681 1398 748 MEL.
1421 681 1607 751 sonim
1630 682 1905 751 coenatica
2190 674 2193 679 ’
2469 680 2556 745 lotia

535 873 627 943 militi
661 874 787 938 tristius
820 890 897 936 esse
930 891 1067 936 uxorem
1100 872 1188 936 domi
1210 873 1360 936 amittere
1381 867 1515 936 militiae
1557 869 1654 936 simul
1676 871 1909 948 considerabit,
1922 870 2128 956 quiddeceat
2145 869 2285 955 exempli
2305 887 2444 935 caussa
2461 880 2498 931 et
2515 889 2558 935 ne

536 980 668 1038 caussa,
701 978 801 1044 quam
834 957 908 1041 capi
929 958 972 1020 ab
993 955 1165 1031 hostibus3
1197 956 1276 1021 ideo
1307 955 1416 1021 sancit
1442 952 1515 1019 lon·
1557 955 1696 1042 laqueos
1718 957 1942 1023 conscientiae
1964 956 2149 1021 innocentis
2170 975 2339 1040 personae
2363 954 2514 1023 iniiciat.

536 1048 611 1132 gius
633 1048 762 1129 tempus
785 1055 819 1106 et
840 1043 977 1126 requirit
998 1038 1187 1127 diligentem
1207 1041 1451 1190 inquisitionem
1473 1040 1515 1104 de

536 1128 709 1195 voluntate
730 1127 801 1194 viri.
846 1125 1008 1210 Loquitur
1029 1138 1138 1191 autem
1159 1123 1215 1191 lex
1260 1146 1279 1189 e
1301 1122 1412 1190 militia
1434 1120 1516 1210 legi·

418 1246 427 1266 ι
537 1217 627 1293 tima,
654 1233 721 1277 non
742 1213 786 1279 de
806 1208 937 1277 levibus
959 1208 1158 1291 hominibus,
1181 1213 1237 1297 qui
1258 1232 1326 1277 non
1342 1211 1471 1275 virtutis
1482 1221 1515 1275 et
1843 1210 1897 1277 De
1919 1224 2037 1278 natura
2056 1212 2250 1297 spadonum.

537 1298 670 1364 militiae
699 1315 820 1364 caussa
854 1298 952 1361 domo
981 1297 1120 1374 absunt,
1153 1298 1214 1361 sed
1235 1307 1272 1361 ut
1298 1295 1435 1360 liberius
1457 1316 1515 1360 va·

537 1387 608 1471 gari
630 1385 770 1466 possint,
793 1379 929 1447 militum
950 1379 1077 1446 titulum
1099 1392 1282 1448 assumunt.
1313 1380 1387 1447 Hoc
1400 1382 1515 1446 discri-
1646 1379 1843 1447 Verecunda
1865 1383 1915 1447 sic
1937 1383 2145 1450 nominantur
2166 1378 2224 1462 illi,
2240 1384 2296 1468 qui
2313 1400 2471 1467 prorsus
2488 1399 2555 1446 non

493 1492 501 1505 ·
537 1489 612 1534 men
634 1471 734 1534 etiam
756 1470 856 1532 iudex
877 1467 1114 1532 considerabit.
1559 1478 1636 1535 sunt
1661 1469 1771 1532 idonei
1792 1467 1836 1532 ad
1858 1466 2121 1534 commixtionem
2143 1465 2373 1556 coniugalem
2426 1464 2475 1530 Et
2496 1486 2553 1530 no·

1558 1554 1721 1617 minantur
1732 1551 1917 1636 Spadones,
1942 1555 2013 1619 sive
2034 1564 2152 1620 natura
2175 1551 2258 1618 tales
2272 1555 2355 1632 sint,
2374 1553 2461 1617 sive
2481 1564 2551 1618 arte

1560 1639 1696 1704 castrati
1717 1639 1794 1702 sint.

591 1703 644 1770 De
664 1719 825 1790 ‘⁰¹¹¹P01'02
845 1717 925 1793 P⁰⁵²
946 1706 1034 1792 l⁰⁰d
1057 1703 1299 1791 ⁰15200ffi118h
1321 1705 1461 1787 ,θθΰθθᾶῑ
1644 1721 1771 1787 Dahis
1794 1724 2018 1805 scientumn)
2041 1734 2103 1801 est,
2126 1720 2211 1788 tales
2257 1743 2409 1790 ersonas
2423 1743 2549 1808 nequa·

946 1802 1099 1876 P0⁸⁸¹¹¹¹i¹
1559 1829 1657 1894 quarn
1668 1807 1740 1873 lieri
1753 1809 1929 1892 coniuges,
1940 1809 2003 1873 sed
2014 1828 2088 1875 curn
2100 1821 2153 1873 est
2164 1745 2341 1892 explirrata
2359 1805 2546 1895 frigiditas,

564 1934 566 1939 ·
1559 1895 1658 1960 iudex
1684 1895 1874 1977 pronuntiet
1895 1891 1972 1959 illas
1993 1912 2155 1976 personas
2177 1892 2302 1959 liberas
2326 1915 2427 1960 esse.
2473 1893 2543 1959 Nec

624 1979 661 2044 Si
684 1980 858 2043 divortium
880 1974 1002 2043 lactum
1024 1988 1074 2042 est
1094 1989 1231 2061 propter
1247 1972 1454 2055 adulterium,
1469 1977 1516 2040 in·
1559 1979 1595 2044 fit
1617 1992 1695 2045 tunc
1718 1980 1909 2058 divortium,
1964 1982 2019 2044 uia
2040 2001 2107 2045 non
2130 1990 2200 2044 erat
2222 1980 2432 2066 coniugium,
2454 1981 2543 2045 iuxta

540 2065 674 2128 nocenti
685 2083 851 2149 personae
861 2084 928 2127 non
940 2063 1178 2147 praescribitur
1188 2074 1330 2146 tempus,
1340 2073 1517 2147 postquam
1559 2068 1679 2131 dicbun
1687 2062 1804 2129 Matth.
1813 2063 1934 2142 laivs.
1942 2001 1987 2145 S]
1997 2063 2066 2130 Sed
2077 2064 2115 2130 fit
2126 2063 2543 2146 declaratio,utaliisciaut

540 2170 594 2214 res
617 2149 762 2214 iudicata
784 2161 846 2213 est.
1558 2149 1648 2216 illam
1680 2151 1871 2215 societatem
1902 2171 1970 2215 non
1992 2171 2068 2216 esse
2091 2153 2277 2238 coniugium
2300 2163 2334 2215 et
2357 2171 2540 2236 personae,

624 2234 692 2300 Sed
723 2235 757 2298 in
790 2234 985 2318 quaestione
1014 2233 1212 2297 desertionis
1235 2252 1341 2297 annos
1365 2232 1516 2296 conside·
1581 2256 1653 2307 uae
1677 2233 1779 2300 habet
1810 2231 1950 2301 naturae
1982 2237 2071 2300 vires
2093 2237 2252 2324 integras,
2274 2237 2423 2303 concedi
2444 2234 2541 2301 alian

540 2322 605 2384 rari
628 2338 768 2383 necesse
791 2332 854 2395 est,
874 2332 912 2383 ut
933 2315 1136 2402 intelligatur
1156 2336 1334 2401 personam
1356 2338 1437 2383 vere
1459 2318 1515 2382 de-
1558 2259 1741 2389 lentiorem
1763 2319 2005 2404 copulationem
2025 2319 2216 2408 legitimam.
2259 2321 2328 2387 Sed
2358 2323 2406 2387 ad
2429 2317 2540 2408 expio

539 2417 660 2469 sertam
695 2423 790 2482 esse,
822 2423 890 2467 non
918 2401 1042 2468 levitati
1065 2413 1124 2469 aut
1145 2401 1302 2487 perfidiae
1319 2414 1516 2487 praetexere
1558 2406 1695 2474 randam
1727 2403 1937 2492 frigiditatem
1965 2407 2036 2471 iura
2063 2417 2192 2490 tempus
2215 2409 2485 2485 constituerunt,
2513 2407 2539 2470 si

539 2491 687 2554 umbram
705 2489 911 2554 desertionis
1559 2512 1614 2560 res
1638 2490 1738 2558 dubia
1760 2503 1822 2570 est,
1846 2511 1889 2557 ne
1910 2503 1987 2558 ante
2008 2493 2181 2557 triennium
2202 2492 2259 2557 fiat
2277 2494 2460 2558 seiunctio.

624 2573 696 2638 Lex
718 2575 752 2662 in
776 2571 901 2640 Codice
922 2571 993 2653 [lib.
1015 2573 1058 2636 V.
1080 2573 1129 2636 tit.
1152 2571 1177 2635 1.
1199 2570 1256 2637 lex
1277 2570 1332 2655 [1.]
1364 2572 1517 2638 concedit
1643 2578 1769 2645 Eodem
1785 2579 1883 2644 modo
1902 2579 2114 2661 pronuntiant
2135 2579 2177 2643 de
2199 2580 2256 2657 iis,
2279 2581 2313 2643 in
2335 2580 2464 2664 quibus
2487 2598 2541 2642 ua·

540 2677 685 2745 sponsae
705 2670 784 2743 post
807 2659 970 2725 biennium
991 2657 1085 2722 elteri
1102 2659 1239 2737 nubere,
1260 2657 1290 2722 si
1312 2677 1353 2721 ee
1374 2677 1441 2723 nen
1462 2676 1517 2722 es·
1546 2678 1633 2737 ‚tura
1653 2665 1701 2730 ita
1720 2661 1813 2727 laesa
1836 2674 1889 2728 est
1909 2660 2037 2728 fascino
2059 2675 2117 2728 aut
2139 2662 2313 2744 veneficio,
2333 2676 2373 2729 ut
2398 2684 2465 2748 ope
2477 2683 2540 2729 me·

539 2745 702 2810 aendmte
722 2763 882 2829 sponsus,
907 2744 962 2828 qui
984 2755 1093 2809 tenen
1114 2762 1183 2808 non
1204 2754 1257 2809 est
1278 2743 1517 2829 extraprovin·
1559 2753 1634 2818 dico
1656 2749 1770 2815 sanari
1791 2769 1859 2813 non
1879 2750 1998 2833 possit,
2020 2749 2050 2813 si
2070 2759 2141 2813 toto
2159 2749 2298 2815 triennio
2318 2745 2451 2815 busur
2473 2762 2540 2814 ten-

540 2828 636 2908 clam,
657 2839 725 2893 tam
746 2830 803 2894 diu
824 2828 932 2895 differt
954 2826 1121 2911 publicum
1143 2829 1242 2893 ritum
1264 2828 1418 2915 coniugii.
1519 2868 1524 2880 ·
1559 2847 1627 2901 tata
1648 2847 1699 2900 est
1721 2834 1909 2898 medicatio.

625 2909 703 2979 Alia
734 2910 791 2978 lex
813 2915 856 2978 de
878 2933 1005 2998 sponso
1027 2913 1259 2997 peregrinante
1281 2909 1441 2997 loquitur,
1475 2912 1517 2977 de
1645 2920 1752 2984 'lanta
1770 2931 1822 2983 est
1843 2929 1951 2983 autern
1974 2920 2079 2984 virtus
2101 2915 2282 3003 aliquarum
2293 2917 2487 2998 mulierum,
2508 2934 2540 2985 ut

539 3018 607 3086 quo
629 3000 781 3064 concedit
801 3019 947 3082 sponsae
967 3010 1046 3083 post
1067 2999 1241 3062 triennium
1263 2995 1358 3063 elteri
1380 2999 1517 3073 nubere,
1560 3005 1728 3089 occultent
1749 3001 2004 3070 imbecillitatem
2025 3005 2187 3082 virorum,
2219 2995 2365 3090 stante)
2400 3006 2463 3070 viri
2486 3005 2542 3071 do·

538 3081 693 3149 videlicet
713 3085 777 3148 nisi
798 3103 839 3147 ea
860 3085 1062 3148 assentiente
1083 3084 1204 3148 diutius
1225 3084 1324 3147 absit.
1560 3093 1696 3156 ctissimi
1719 3088 1861 3154 Simonis
1879 3087 2024 3174 Grynaei
2047 3109 2144 3155 socer
2166 3090 2322 3169 narravit,
2346 3110 2387 3155 se
2410 3103 2544 3157 mortua

623 3166 819 3233 Pontificiae
864 3169 1116 3234 constitutiones
1160 3169 1314 3239 desertae
1351 3186 1517 3252 personae
1559 3179 1665 3260 prima
1687 3175 1829 3261 coniuge
1852 3175 1987 3240 dumoso
2009 3175 2141 3240 viduam
2163 3174 2336 3260 virginem,
2372 3197 2460 3262 quae
2482 3197 2543 3240 nn·

540 3251 776 3341 quantumlibet
797 3255 965 3319 innocenti
986 3251 1078 3318 nullo
1100 3273 1246 3338 unquam
1268 3265 1415 3337 tempore
1437 3272 1516 3317 con·
1560 3264 1665 3329 decim
1685 3279 1792 3326 annos
1815 3272 1916 3344 nupta
1936 3258 2044 3326 suerat
2065 3261 2136 3324 viro
2157 3257 2291 3347 frigido,
2308 3281 2375 3329 neo
2395 3281 2544 3347 unquam

540 3342 660 3408 cedunt
683 3340 884 3426 coniugium,
916 3340 980 3404 nisi
1003 3339 1217 3405 desertricem
1237 3358 1416 3422 personam
1438 3358 1517 3403 con·
1558 3346 1619 3414 ulli
1639 3358 1717 3412 ante
1737 3358 1876 3412 „mrtem
1898 3345 1959 3410 viri
1980 3344 2067 3411 hanc
2088 3365 2158 3410 rem
2175 3341 2340 3430 patefecit,

540 3436 605 3493 stet
636 3436 797 3490 mortuam
832 3444 921 3490 esse.
988 3422 1058 3489 Sed
1090 3443 1194 3507 supra
1225 3424 1362 3489 recitavi
1394 3424 1518 3488 dictum
2096 3429 2108 3445 ·

540 3506 635 3579 Pauli
648 3531 698 3575 ex
721 3507 913 3590 Corinthiis,
935 3508 982 3590 [1.
994 3528 1046 3593 ep.
1059 3509 1091 3587 ⁷,
1106 3508 1170 3587 15.]
1194 3511 1283 3592 quod
1303 3504 1424 3573 liberat
1444 3528 1519 3591 per·
2374 3578 2377 3586 Ι

543 3615 661 3660 ⁸⁰¹¹³¹¹¹
680 3596 901 3675 iflssoeessiefflo
922 3607 956 3660 0⁸
976 3590 1169 3678 Plfflfflsiue
1191 3593 1354 3660 desertrix
1371 3612 1518 3681 19189111
1559 3603 1613 3673 De
1631 3602 1779 3669 divortiis
1800 3612 1936 3687 propter
1957 3602 2139 3679 saevitiam,
2161 3597 2325 3667 veneficia
2350 3616 2388 3669 et
2411 3605 2552 3672 insidias

541 3678 638 3747 simul
661 3676 823 3746 adulterii
856 3701 914 3744 rea
946 3691 1009 3745 est.
1052 3680 1268 3764 Nequaquam
1289 3680 1389 3764 igitur
1408 3675 1519 3763 laquei
1924 3698 2069 3752 structas
2092 3689 2188 3751 vitae.

541 3766 705 3831 iniiciendi
722 3775 803 3831 sunt-
822 3766 987 3830 innocenti
1008 3784 1173 3849 personae
1182 3776 1320 3849 propter
1337 3761 1446 3828 aliena
1462 3764 1519 3828 de·

541 3851 631 3916 licta.
664 3849 733 3915 Sed
754 3847 858 3915 intelli
884 3862 958 3915 atur
979 3862 1012 3915 et
1032 3852 1065 3914 in
1087 3847 1153 3914 hoc
1173 3869 1257 3915 casu
1276 3847 1428 3914 liberatio
1450 3867 1519 3912 non
1648 3838 1731 3906 cum
1763 3852 1873 3907 textus
1905 3838 2022 3906 Matth.
2043 3840 2094 3906 19.
2130 3846 2192 3919 [vs.
2213 3839 2260 3920 9.]
2290 3853 2435 3908 tanturn
2458 3843 2557 3914 iaciat

542 3938 583 4001 de
615 3937 703 4000 inani
725 3936 831 3999 vocab
869 3956 902 4012 o,
935 3948 969 3999 et
988 3954 1152 4019 personae
1174 3932 1333 4000 liberatae
1355 3933 1519 3999 conceda·
1560 3928 1755 3992 mentionem
1787 3924 1961 4005 Adulterii‚
1988 3923 2087 3991 valde
2123 3937 2271 4011 pugnant
2307 3923 2449 4014 aliqui,
2494 3952 2560 3998 non

541 4034 596 4085 tur
617 4021 815 4104 coniugium.
1560 4032 1664 4098 posse
1674 4011 1745 4076 lieri
1757 4011 1896 4076 divortia
1904 4022 2041 4095 propter
2051 4013 2222 4078 saevitiam
2233 4020 2267 4075 et
2290 4013 2450 4080 insidias
2475 4019 2560 4083 ritae

628 4102 826 4170 iustinianus
849 4122 1008 4188 expresse
1031 4103 1183 4168 concedit
1202 4104 1388 4189 coniugium
1406 4105 1519 4168 deser·
1561 4109 1718 4163 structas.
1764 4094 1832 4161 Sed
1853 4098 1886 4160 in
1909 4094 2032 4163 Codice
2052 4094 2108 4161 lex
2128 4096 2329 4176 Theodosii,
2356 4120 2474 4184 quarn
2498 4105 2561 4168 exi

542 4204 596 4254 tae
622 4210 787 4274 personae
820 4200 898 4274 post
925 4189 1129 4253 decennium.
1175 4185 1299 4255 Glossa
1315 4191 1348 4253 in
1373 4186 1517 4273 capitulo
1561 4185 1660 4247 stimo
1683 4183 1776 4268 gravi
1798 4178 2035 4247 deliberatione
2055 4182 2183 4268 piorum
2205 4182 2393 4265 scriptam,
2419 4200 2462 4269 ut
2485 4200 2562 4254 tuno

541 4275 575 4337 ln
597 4277 849 4361 praesentia,²⁶)
883 4276 917 4339 in
939 4271 1187 4351 Decretalibus,
1218 4275 1265 4338 ita
1292 4275 1411 4359 inquitz
1452 4272 1518 4338 Ubi
1560 4269 1681 4333 usitata
1703 4267 1844 4331 divortia
1865 4269 2083 4354 restringeret
2104 4269 2147 4333 ad
2169 4277 2282 4333 certos
2306 4287 2450 4351 casus,
2486 4294 2563 4339 con-

540 4372 617 4443 post
639 4363 846 4443 septennium
869 4358 1088 4427 verisimiliter
1107 4362 1327 4444 praesumitur
1349 4359 1391 4425 (le
1411 4371 1518 4424 morte
1561 4353 1648 4420 cedit
1670 4353 1842 4417 divortium
1863 4353 1961 4418 etianr
1978 4355 2010 4416 in
2033 4352 2085 4417 his
2108 4354 2252 4417 casibus,

540 4445 614 4523 viri,
648 4459 824 4511 excusatur
857 4443 992 4524 mulier,
1025 4446 1053 4510 si
1082 4447 1194 4511 nubat.
1238 4444 1290 4509 Ac
1322 4446 1431 4509 mitior
1464 4455 1517 4509 est
1645 4436 1717 4502 Etsi
1739 4448 1847 4502 autem
1869 4434 1970 4524 aliqui
1992 4438 2141 4504 reiiciunt
2161 4436 2247 4502 hano
2270 4434 2397 4524 legem
2423 4455 2462 4509 et
2485 4464 2566 4511 con·

541 4527 669 4615 glossa,
691 4551 788 4616 quarn
811 4542 932 4595 textus.
963 4531 1032 4597 Sed
1055 4550 1129 4596 cunr
1150 4531 1249 4595 iudex
1272 4531 1439 4616 inquisivit
1460 4549 1517 4595 ne·
1559 4524 1697 4589 tendunt
1718 4543 1790 4586 earn
1812 4525 1854 4588 ab
1866 4521 2051 4610 Evangelio
2075 4523 2261 4601 dissentire,
2284 4534 2415 4593 tamen
2441 4529 2478 4595 hi
2497 4552 2565 4596 non

542 4615 666 4701 gotium
698 4628 733 4681 et
761 4616 921 4700 comperit
954 4613 1122 4700 querelam
1155 4617 1197 4680 de
1230 4617 1417 4681 desertione
1449 4635 1516 4680 non
1559 4620 1652 4674 recte
1678 4605 1865 4694 intelligrmt
1886 4609 2063 4674 discrimen
2086 4607 2188 4696 Legis
2214 4619 2246 4672 et
2263 4605 2371 4675 Evam
2441 4617 2476 4680 ii.
2525 4616 2567 4680 Et

541 4719 618 4766 esse
650 4701 778 4765 inanem
810 4712 1014 4786 praetextum
1046 4713 1080 4766 et
1106 4702 1196 4767 videt
1216 4720 1328 4767 mores
1349 4719 1516 4784 personae
1559 4714 1633 4759 cunr
1665 4712 1824 4777 expresse
1857 4694 1944 4758 dicat
1964 4693 2143 4772 Dominus,
2167 4695 2198 4757 in
2220 4688 2340 4778 politia
2411 4702 2496 4788 oysi
2519 4702 2568 4768 (11

541 4787 726 4851 innocentis
748 4785 909 4850 honestos
928 4805 1018 4864 csse,
1063 4798 1157 4852 osset
1176 4787 1296 4851 imitari
1306 4784 1417 4871 legem
1428 4782 1516 4849 Con·
1559 4781 1666 4845 vortia
1686 4779 1848 4865 permissa
1869 4796 1946 4843 esse
1965 4791 2101 4865 propter
2122 4779 2270 4844 duritiem
2288 4783 2433 4863 cordis,
2459 4789 2568 4874 signi·

540 4870 673 4935 stantini
706 4870 747 4934 de
770 4872 984 4956 quadriennio
1011 4808 1066 4935 vap!
1087 4872 1208 4936 dictum
1230 4872 1272 4936 de
1293 4873 1372 4957 quin
1395 4870 1515 4934 nennio
1558 4863 1637 4930 licat
1658 4863 1754 4930 aliam
1777 4882 1855 4927 esse
1866 4865 2138 4950 gubernationem
2148 4863 2316 4929 bominum
2328 4869 2574 4952 sanabilium,

539 4954 617 5020 inD
673 4956 746 5033 stis,
768 4956 801 5021 in
823 4954 917 5021 titulo
939 4957 981 5021 de
997 4954 1149 5022 Divortio
1168 4953 1312 5043 [Digest.
1324 4954 1379 5023 lib.
1473 4952 1514 5017 V.
1580 4951 1613 5014 ui
1640 4962 1717 5015 sunt
1744 4948 1892 5012 membra
1913 4948 2088 5015 Ecclesiae
2118 4961 2151 5015 et
2172 4947 2286 5015 volunt
2308 4952 2570 5043 obtemperare

541 5041 588 5104 tit.
642 5036 750 5125 ‚lege
770 5040 855 5120 Vl.].
1556 4971 1752 5121 Evangelio,
1783 5029 1881 5098 aliam
1937 5031 2079 5100 oliticarn
2114 5034 2287 5120 impiorurir
2309 5047 2349 5102 et
2377 5055 2569 5110 contuma-

542 5126 549 5141 '
627 5124 719 5190 Haec
742 5126 924 5191 moderatio
946 5147 1014 5192 non
1036 5127 1166 5192 videtur
1187 5127 1350 5203 absurda3
1372 5125 1445 5190 Nec
1466 5134 1515 5189 ta·
1558 5122 1654 5200 cium,
1686 5121 1742 5204 qui
1774 5115 1887 5184 frenos
1913 5057 2030 5206 legum
2062 5124 2130 5205 pati
2153 5119 2279 5187 nolunt.
2325 5122 2370 5189 Si
2398 5131 2485 5212 quis
2512 5144 2571 5197 est

540 5230 616 5275 men
637 5211 829 5295 praescribo
852 5221 975 5275 certum
998 5224 1145 5297 tempus,
1175 5213 1236 5277 sed
1257 5212 1392 5296 sapiens
1413 5211 1513 5275 iudex
1556 5207 1657 5293 igitur
1679 5203 1752 5269 talis
1776 5206 1922 5284 maritus,
1957 5206 2014 5290 qni
2031 5207 2203 5272 saevitiam
2223 5206 2256 5270 in
2281 5211 2483 5300 coniugem
2510 5237 2572 5282 ex·

540 5431 584 5495 te)
601 5433 653 5486 iioc
671 5432 818 5496 canterium,
836 5432 903 5496 quod
920 5432 1019 5486 orditur
1035 5447 1051 5486 r
1067 5434 1168 5487 verbis:
1186 5433 1232 5496 „in
1254 5435 1513 5497 omesmtnnostrr·
1556 5463 1604 5524 27)
1623 5461 1768 5527 smmum]
1787 5464 1859 5526 com·
1879 5463 1903 5516 2.
1915 5450 1939 5512 4'.
1957 5462 2094 5515 ,mudum
2149 5458 2155 5467 ι

607 5502 826 5554 atnerretrnum
844 5502 888 5554 tib.
905 5501 942 5555 lv.
960 5503 998 5555 tit
1016 5502 1035 5553 1.
1052 5502 1088 5554 be
1105 5502 1268 5566 sponsalibus
1285 5507 1313 5554 et
1328 5501 1438 5555 manin.
1457 5512 1512 5564 etp·
1758 5539 1766 5588 Ι
2125 5566 2130 5578 .

607 5568 668 5623 xlx.
687 5569 774 5634 (corp.
792 5571 854 5623 turis
872 5581 963 5623 canon.
982 5570 1024 5621 ed.
1043 5570 1144 5624 nitito
1159 5570 1186 5623 i.
1203 5571 1232 5623 11.
1252 5582 1276 5634 p.
1293 5568 1344 5620 6⁴³
1362 5569 1425 5635 sq).
1557 5566 1607 5631 tt)
1626 5564 1700 5631 sicut]
1722 5565 1756 5619 tid
1767 5570 1795 5618 tt.
1814 5566 1854 5617 te.
1872 5566 1913 5614 24.
1933 5564 2040 5615 att-tt.
2058 5567 2131 5619 stare
