5859 6734
463 671 527 737 tm
1097 671 1210 737 Plffl..
1230 671 1335 736 MEL.
1356 669 1541 738 selum
1561 669 1834 738 noetianos
2425 667 2482 735 tn

464 879 532 922 non
562 877 644 922 casu
665 857 778 940 spargi
800 857 885 920 inter
905 855 1066 934 homines,
1100 859 1161 921 sed
1185 868 1276 921 certo
1296 855 1436 921 consilio
1479 867 1653 942 petentem.
1682 854 1784 921 Tales
1805 866 1883 919 sunt
1906 853 2086 940 pleraeque
2131 856 2340 920 recationea
2365 857 2477 937 prm

464 944 574 1009 Deum
591 942 674 1005 haec
696 940 891 1005 adminicula
912 943 1000 1006 vitae
1022 954 1056 1004 et
1071 945 1249 1006 attribuere
1266 939 1438 1005 Ecclesiae
1479 964 1551 1006 rum
1573 943 1707 1005 Petrum
1741 951 1774 1004 et
1805 939 1919 1024 populi
1952 938 2069 1004 lsrael.
2150 938 2321 1025 iligenter
2345 937 2383 1004 hi
2406 961 2474 1026 quo

465 1041 498 1094 et
518 1048 667 1092 servare.
1502 1047 1546 1090 ιιο
1580 1027 1771 1090 discernunt
1802 1027 1875 1108 ipsa
1898 1022 2152 1106 compellatione
2174 1045 2306 1088 verum
2328 1024 2474 1092 Demus

549 1114 620 1176 Nec
643 1112 748 1176 Stoici
771 1109 816 1175 illi
836 1111 989 1175 audiendi
1011 1123 1105 1189 suut,
1128 1112 1183 1193 qui
1203 1107 1438 1187 vociferantur,
1480 1048 1610 1175 dcticiis
1643 1131 1684 1173 ac
1716 1111 1912 1174 mentionem
1945 1107 2070 1174 iaciunt
2091 1111 2302 1187 testimonii,
2339 1131 2411 1195 quo
2441 1132 2473 1176 sc

465 1221 539 1264 cunr
561 1198 635 1261 Deo
657 1199 760 1280 gratis
783 1197 991 1259 serviendum
1012 1197 1073 1273 sit,
1106 1216 1173 1259 non
1197 1214 1275 1259 esse
1295 1196 1439 1278 petenda
1481 1193 1638 1278 patefecit
1658 1195 1763 1258 Deus.
1800 1194 1972 1258 interdum
2000 1205 2033 1258 et
2064 1196 2338 1279 promissionem
2359 1217 2471 1280 propo

465 1288 554 1349 bona
588 1302 763 1365 corporum
820 1281 887 1342 llae
920 1300 1030 1364 nugae
1057 1300 1100 1344 ex
1131 1282 1260 1363 magnis
1292 1281 1438 1343 tenebris
1481 1291 1564 1354 nunt
1594 1279 1820 1364 significantes
1853 1275 1977 1343 luctam
1998 1281 2033 1342 in
2054 1280 2298 1358 invocatione,
2333 1293 2372 1344 ut
2395 1280 2470 1346 Gn.

465 1372 625 1433 oriuntur.
669 1366 745 1427 Non
767 1367 938 1428 attendunt
958 1365 992 1430 hi
1014 1365 1128 1443 Stoici,
1171 1363 1258 1428 ualis
1276 1363 1319 1428 sit
1340 1363 1438 1426 huius
1482 1364 1535 1428 32.
1558 1366 1643 1446 [vss.
1665 1364 1797 1441 9-lu,]
1820 1364 1866 1426 ait
1887 1362 2004 1428 laceb:
2026 1363 2120 1429 Deus
2187 1367 2254 1430 tris
2278 1368 2348 1430 mei
2369 1367 2470 1431 Abru-

464 1456 550 1517 vitae
582 1447 799 1516 imbecillitas.
865 1450 940 1513 Non
980 1461 1134 1533 petuntur
1188 1469 1250 1513 aee
1283 1450 1372 1512 bona
1403 1459 1440 1510 ut
1483 1448 1610 1514 hamat
1630 1447 1724 1512 Deus
1745 1448 1849 1531 patris
1871 1449 1933 1514 mei
1956 1448 2062 1528 Isaac,
2107 1448 2141 1514 le
2166 1471 2249 1528 ova,
2282 1454 2340 1535 qui
2362 1453 2469 1517 dixisu‘

463 1539 624 1622 praemia,
656 1547 693 1598 ut
724 1536 1026 1617 compensationes,
1060 1535 1123 1597 etsi
1151 1536 1202 1596 sic
1223 1553 1355 1618 quoque
1376 1552 1439 1596 suo
1483 1532 1572 1611 mihi,
1606 1545 1772 1597 revertere
1795 1538 1973 1598 interram
1993 1545 2093 1612 emm,
2115 1547 2149 1598 ει
2171 1534 2378 1602 beneficium
2393 1539 2469 1612 tibi3

464 1625 578 1687 ordine
609 1622 676 1704 peti
732 1633 860 1695 essunt,
895 1621 954 1682 sed
986 1630 1140 1702 petuntur
1172 1629 1207 1681 ut
1228 1620 1440 1681 vocationum
1484 1619 1592 1682 minor
1623 1638 1697 1682 sum
1730 1620 1857 1684 eunctis
1880 1619 2144 1684 miserationibus
2173 1622 2259 1684 tuis.
2310 1621 2401 1686 Erua
2422 1640 2469 1686 rae

464 1705 671 1770 adminicula.
747 1725 790 1767 on
816 1715 935 1787 posset
958 1707 1145 1788 gubernare
1166 1700 1324 1786 populum
1345 1701 1440 1786 Moy·
1484 1704 1526 1766 do
1543 1724 1642 1767 manu
1662 1700 1774 1766 fratris
1796 1704 1859 1767 mei
1870 1702 1973 1781 Esau,
1996 1723 2038 1767 ne
2060 1706 2227 1788 percutiat
2248 1717 2381 1771 matres
2402 1727 2469 1772 cun

464 1811 532 1868 sas,
554 1794 583 1855 si
601 1788 716 1856 dolore
733 1791 830 1852 animi
852 1800 909 1852 ant
931 1792 1082 1872 corporis
1095 1791 1351 1873 extingueretur.
1378 1786 1440 1851 Pe·
1484 1786 1574 1852 filiis.
1619 1785 1670 1852 Τιι
1701 1785 1832 1851 locutus
1866 1809 1903 1852 es
1937 1799 1970 1852 te
2001 1788 2079 1854 mihi
2111 1787 2380 1856 benefacturum
2402 1811 2468 1856 esse

466 1879 504 1940 tit
525 1878 625 1963 igitur
647 1878 767 1951 vitam,
791 1871 1067 1952 consolationem,
1088 1875 1223 1952 victum,
1245 1884 1282 1936 ut
1313 1874 1441 1935 servire
1485 1883 1549 1937 ete.
1592 1871 1692 1937 'l'alas
1714 1871 1838 1937 multae
1861 1886 1940 1938 sunt
1961 1871 2086 1940 formae
2107 1875 2141 1938 ln
2163 1876 2314 1958 seriptis
2332 1876 2467 1960 Prophe·

470 1963 578 2045 possit
598 1962 632 2023 iu
655 1960 843 2035 vocatione,
872 1969 906 2021 et
937 1971 1047 2022 tamen
1079 1957 1210 2021 liberali
1241 1959 1349 2022 animo
1371 1976 1441 2020 ser·
1485 1958 1569 2020 ticis.
1602 1957 1654 2021 Ac
1676 1958 1815 2042 prodest
1836 1970 1960 2024 attente
1982 1971 2095 2041 partes
2110 1961 2353 2025 considerare.
2383 1961 2466 2027 Corn

464 2047 521 2111 vit.
568 2046 641 2108 Non
680 2042 789 2107 fremit
821 2044 985 2108 adversus
1017 2043 1144 2121 Deum,
1187 2044 1316 2107 etiamsi
1343 2039 1440 2106 suerit
1484 2040 1618 2125 pellatio
1641 2054 1714 2107 esta
1758 2041 1805 2107 'l'a
1826 2063 1940 2108 verum
1961 2043 2070 2108 Deum
2089 2042 2306 2130 patefactum
2328 2049 2465 2131 patribus

465 2143 624 2194 evocatus
657 2149 697 2192 ex
727 2129 792 2192 hoc
824 2147 886 2191 suo
920 2127 1086 2192 curriculo
1120 2138 1177 2192 aut
1205 2129 1332 2191 etiamsi
1355 2146 1441 2210 quae
1484 2129 1567 2192 meis
1590 2126 1762 2192 Abraham
1794 2139 1827 2192 et
1849 2127 1945 2192 lsaac
1972 2130 2092 2194 invoco
2115 2141 2150 2194 ει
2179 2127 2354 2217 confugio
2376 2133 2416 2196 ad
2438 2145 2465 2195 te

465 2211 1439 2296 difficultatesrnaiores‚quasdeprecatur,tolerandaesunt.
1484 2233 1551 2276 non
1574 2210 1679 2277 fretus
1704 2232 1780 2276 nrea
1801 2215 1975 2298 dignitate,
2008 2216 2069 2278 sed
2101 2211 2317 2281 dulcissimis
2338 2218 2464 2300 promis·

550 2298 633 2362 Cum
654 2297 719 2362 hoe
740 2297 854 2361 ordine
875 2299 1026 2381 petimus,
1048 2309 1085 2362 ut
1105 2295 1331 2361 anteferuntur
1352 2299 1440 2360 bona
1484 2299 1632 2361 sionibus
1654 2300 1743 2372 tuis;
1787 2297 1946 2382 Agnosco
1979 2301 2065 2364 enirn
2092 2319 2144 2363 me
2172 2298 2286 2386 longe
2317 2305 2463 2366 minoren

464 2395 617 2461 aeterna,
651 2403 714 2446 nec
737 2384 951 2458 deseratur⁹)
983 2382 1094 2460 Deus,
1128 2384 1268 2446 siborm
1290 2383 1439 2466 eorporis
1484 2402 1562 2446 esse
1578 2384 1644 2445 tuis
1663 2384 1937 2460 miserationibus,
1960 2387 2023 2448 sed
2040 2385 2150 2448 dixisti
2173 2396 2209 2447 te
2233 2383 2323 2450 milri
2341 2384 2462 2469 epitola

465 2469 595 2532 differat
621 2480 677 2530 unt
698 2487 765 2531 non
786 2466 958 2553 largiatur,
979 2466 1090 2550 placet
1112 2466 1186 2530 Deo
1209 2466 1292 2532 haec
1315 2469 1440 2550 petitio,
1483 2479 1590 2532 turum
1612 2487 1700 2531 esse.
1745 2466 1841 2544 Vide,
1863 2479 1899 2530 nt
1921 2487 1959 2531 se
1978 2480 2141 2533 sustentat
2163 2472 2383 2555 cogitatione
2399 2493 2461 2555 pra-

464 2565 496 2617 et
516 2551 583 2616 hoc
603 2551 729 2615 honore
753 2551 817 2615 coli
840 2572 878 2616 se
899 2550 1053 2616 allinnat.
1096 2553 1167 2616 Nec
1188 2573 1274 2636 opus
1296 2562 1349 2615 ast
1369 2549 1440 2615 lon·
1483 2554 1652 2615 missionis
1673 2565 1707 2616 et
1728 2554 1762 2614 iu
1783 2549 1847 2615 hac
1869 2553 2067 2636 acquiescit3
2099 2554 2236 2618 Deinde
2263 2577 2343 2619 rem
2365 2571 2460 2641 peteu-

466 2658 509 2723 ga
530 2638 763 2719 disputatione.
806 2637 896 2699 Nota
918 2649 996 2701 sunt
1016 2639 1102 2700 enim
1123 2648 1319 2721 praecepta,
1341 2647 1440 2701 notae
1484 2639 1558 2701 dam
1580 2638 1711 2701 subiicit
1728 2649 1762 2699 et
1780 2657 1951 2715 caussam,
1982 2659 2025 2702 ne
2046 2651 2159 2722 pereat
2180 2638 2366 2717 Ecclesia3
2406 2640 2461 2704 us

488 2723 715 2799 remissiones,
748 2732 827 2784 nota
859 2720 1007 2803 exempla
1035 2741 1235 2785 summorum
1255 2733 1385 2805 patrum
1406 2731 1440 2784 ει
1483 2719 1583 2785 lende
1606 2743 1669 2801 me,
1691 2743 1734 2785 ne
1758 2722 1997 2787 interficiantur
2018 2734 2140 2787 matres
2163 2736 2197 2786 et
2220 2722 2294 2788 filii.

464 2745 721 2890 drophetarunr,
755 2807 810 2951 (plui
843 2807 967 2868 omissa
1000 2803 1056 2868 illa
1089 2804 1203 2869 Stoica
1236 2826 1297 2869 seu
1328 2807 1437 2888 potius
1570 2806 1611 2871 Et
1655 2810 1775 2870 erebro
1803 2809 1853 2870 sic
1886 2820 2001 2888 petunt
2032 2807 2151 2872 Patras
2184 2819 2220 2871 et
2260 2807 2459 2894 Prophetae:

466 2891 591 2978 Cynica
612 2887 772 2973 Philosop
795 2892 826 2954 ia
848 2891 997 2953 sciebant
1020 2892 1127 2953 omnia
1147 2892 1233 2953 bona
1255 2889 1360 2953 al)eo
1382 2892 1438 2953 rni-
1482 2890 1575 2953 Deus
1598 2902 1727 2975 patrum
1751 2901 1956 2967 nostr-orum,
1984 2891 2172 2968 Abraham,
2208 2891 2329 2973 lsaac,
2358 2895 2457 2970 laceb,

465 2977 570 3042 raudo
589 2977 703 3039 ordine
726 2975 871 3054 condita,
888 2994 942 3037 res
954 2994 1093 3060 magnas
1106 2985 1140 3038 et
1149 2995 1217 3037 non
1229 2988 1438 3038 contenruen-
1482 2976 1515 3038 id
1548 2989 1620 3053 est,
1663 2974 1774 3052 Deus,
1820 2977 1875 3059 qui
1907 2988 1940 3038 te
1973 2979 2073 3040 certis
2105 2979 2313 3042 testimoniis
2346 2977 2458 3063 patesc-

465 3064 528 3128 des
545 3080 633 3136 esse,
651 3081 692 3124 ae
702 3059 811 3124 Deum
822 3070 991 3124 auctorem
1001 3061 1251 3145 agnoscendum
1261 3079 1338 3122 esse
1351 3071 1385 3122 et
1396 3061 1437 3121 ab
1484 3060 1556 3123 cisti
1599 3062 1749 3143 patribus
1782 3061 1928 3137 nostris,
1971 3061 2148 3138 Abrahae,
2189 3061 2311 3142 lsaae,
2356 3064 2457 3141 laceb,

466 3165 505 3211 ee
538 3147 710 3229 petendam
743 3146 845 3209 vitam
878 3156 910 3208 et
931 3146 1018 3208 vitae
1045 3142 1244 3208 adminicula
1265 3165 1307 3207 ac
1329 3141 1438 3208 desen·
1483 3157 1516 3208 at
1548 3146 1710 3208 tradidisti
1743 3146 1790 3207 eis
1812 3147 2061 3227 promissiones.
2104 3145 2234 3211 Postea
2255 3150 2353 3212 etiam
2371 3161 2458 3212 utun

466 3233 602 3297 sionem.
1482 3242 1536 3293 tur
1558 3227 1621 3292 hac
1643 3227 1749 3293 sonna
1770 3231 1890 3292 tradita
1911 3233 1943 3294 in
1965 3230 2140 3317 Deealogo
2177 3230 2295 3306 {Exod
2315 3233 2368 3309 stt,
2391 3234 2456 3314 21:

549 3317 651 3381 laceb
674 3333 748 3378 cum
770 3315 908 3378 vidisset
918 3313 1094 3378 Dominum
1116 3314 1148 3377 in
1170 3311 1264 3376 scala
1285 3325 1439 3391 stantem,
1482 3313 1597 3391 Deus,
1630 3317 1685 3398 qui
1718 3315 1859 3378 eduxisti
1892 3315 2048 3398 populum
2081 3314 2186 3381 lsrael
2223 3339 2267 3382 ex
2297 3318 2327 3380 h
2384 3329 2457 3400 pto

466 3403 556 3467 audit
575 3401 700 3483 pariter
722 3399 961 3482 promissiones
991 3399 1032 3461 de
1053 3401 1156 3462 rebus
1177 3400 1321 3462 aeternis
1344 3409 1377 3463 et
1398 3400 1440 3461 da
1484 3399 1554 3463 liae
1581 3396 1708 3463 somnae
1740 3400 1933 3481 saepissime
1966 3401 2126 3481 repetitae
2148 3413 2232 3466 snut
2254 3404 2288 3466 in
2312 3401 2357 3464 Ps
2402 3404 2456 3468 uis

465 3487 562 3552 bonis
584 3486 744 3568 eorporis.
788 3483 865 3547 ldeo
888 3485 974 3546 enim
996 3494 1095 3547 vocat
1115 3482 1214 3547 laceb
1237 3493 1270 3545 et
1291 3484 1363 3547 eius
1381 3503 1439 3566 po·
1482 3483 1636 3566 Denique
1668 3495 1700 3546 et
1721 3484 1838 3547 Patres
1873 3497 1904 3547 et
1926 3487 2050 3567 posteri
2072 3486 2196 3549 addunt
2221 3490 2389 3551 communi
2408 3508 2456 3571 ap

466 3573 664 3648 steritatem,
699 3578 733 3632 ut
754 3570 875 3632 condat
896 3565 1098 3645 Ecclesiam,
1134 3587 1220 3653 quae
1241 3569 1384 3632 existere
1406 3570 1439 3631 in
1482 3566 1651 3650 pellationi
1684 3568 1747 3632 Dei
1776 3568 1944 3650 peculiare
1973 3590 2104 3633 nomen.
2147 3569 2262 3635 Elohe
2295 3592 2457 3637 commune

464 3654 530 3719 hab
562 3656 630 3719 vita
662 3674 729 3718 non
750 3663 863 3736 potest
885 3654 956 3716 sine
977 3652 1132 3737 hospitio,
1154 3653 1227 3716 sine
1249 3655 1316 3716 vita
1339 3663 1371 3715 et
1392 3655 1440 3717 vi·
1484 3665 1546 3729 est,
1569 3673 1634 3736 quo
1654 3654 1750 3715 etiarn
1773 3654 1899 3717 (lantes
1920 3655 2110 3728 utebantur3
2143 3657 2212 3720 Sed
2237 3655 2369 3722 lebera
2392 3677 2456 3742 pre-

465 3751 519 3804 ctu
540 3741 733 3805 docentium.
779 3738 833 3802 De
855 3739 951 3803 bonis
973 3738 1116 3802 aeternis
1139 3738 1261 3821 inquit:
1299 3731 1440 3801 Benedi-
1482 3738 1589 3820 prinrn
1622 3748 1691 3813 est,
1721 3757 1786 3820 quo
1809 3735 1916 3801 Deum
1935 3736 2008 3800 sola
2029 3738 2184 3804 Ecclesia
2206 3753 2346 3822 patrum
2369 3755 2400 3806 et
2418 3741 2456 3804 ls

466 3837 580 3892 centur
602 3827 634 3887 in
657 3823 783 3887 sernina
805 3835 862 3886 tuo
885 3842 1000 3886 omnes
1022 3822 1128 3886 tribus
1146 3834 1264 3885 terrae.
1309 3822 1362 3886 De
1385 3823 1440 3885 de·
1484 3820 1672 3886 raelitarum
1716 3819 1946 3904 compellabat.
2002 3823 2050 3884 lta
2084 3824 2139 3886 lric
2170 3821 2324 3908 loquitur
2359 3827 2456 3891 laceb·

465 3907 615 3975 sensione
638 3928 813 3991 corporum
836 3910 900 3971 ait:
945 3906 1013 3969 Ero
1036 3917 1149 3970 custos
1172 3918 1265 3984 tuus,
1294 3926 1440 3989 quocun·
1482 3907 1525 3970 Et
1546 3904 1636 3969 Psal.
1662 3903 1711 3968 19.
1736 3912 1798 3983 [vs.
1809 3906 1855 3985 8.]
1880 3908 2014 3970 dicitnr:
2038 3907 2109 3970 Nos
2131 3929 2255 3972 nornen
2275 3909 2342 3974 Dei
2364 3909 2455 3975 nostrl

467 4015 530 4081 que
552 3994 750 4078 perrexeris.
793 3990 843 4055 lta
862 4011 926 4054 nos
948 3989 1190 4065 universaliter,
1213 3994 1343 4073 quoties
1365 4011 1440 4073 pro-
1483 3989 1606 4054 lehova
1638 3991 1875 4054 invocabimus.
1919 3991 1961 4054 Et
1989 3994 2110 4074 ubique
2132 3994 2231 4057 obvia
2257 4008 2342 4060 sunt
2362 4015 2456 4060 eren·

466 4081 562 4144 mittit
583 4098 649 4142 vox
670 4078 781 4140 diuina
801 4095 990 4139 mansuram
1012 4095 1089 4138 esse
1110 4073 1295 4138 Ecclesiam
1307 4074 1440 4152 Christi,
1483 4075 1549 4158 pla,
1573 4077 1657 4138 adeo
1684 4096 1723 4139 ue
1741 4078 1892 4139 usitantm
1909 4078 1972 4159 piis
1996 4079 2271 4142 consuetudinem
2291 4077 2395 4146 fuisse
2410 4101 2455 4142 ar·

468 4165 517 4250 (id
549 4174 659 4227 autem
691 4181 793 4244 saepe
820 4171 853 4224 et
875 4158 963 4223 clare
984 4161 1208 4243 promittitur,)
1244 4158 1440 4241 complecta·
1486 4163 1598 4235 bitror,
1620 4172 1656 4221 ut
1701 4181 1762 4224 aec
1784 4163 1849 4224 duo
1872 4164 2004 4225 nomina
2026 4163 2165 4225 recitata
2187 4181 2271 4226 esse
2284 4168 2455 4230 existimem

466 4271 539 4316 mur
560 4258 800 4334 argumentum,
821 4257 856 4308 ut
878 4256 1011 4322 vocant,
1033 4265 1053 4307 a
1072 4246 1247 4321 connexis,
1276 4242 1372 4307 simul
1393 4245 1441 4307 vi·
1484 4243 1651 4307 aThoma
1668 4244 1758 4308 loan.
1780 4245 1833 4308 20.
1858 4252 1921 4322 [vs.
1943 4246 2012 4323 98]
2047 4267 2120 4309 ειιιιι
2149 4248 2192 4310 ad
2215 4247 2388 4314 Christum
2410 4249 2455 4310 in·

467 4332 588 4399 delicet
628 4331 772 4415 promitti
804 4331 925 4395 vietum
958 4341 992 4393 et
1023 4326 1221 4393 domicilium
1253 4326 1440 4392 Ecclesiae.
1484 4329 1569 4413 quit:
1593 4328 1609 4389 ὁ
1630 4330 1730 4414 κύριός
1750 4355 1810 4408 μου
1828 4330 1912 4392 καὶὸ
1936 4332 2010 4404 θεός
2030 4356 2098 4410 μου.
2417 4357 2419 4362 ·

466 4419 619 4502 Denique
650 4418 800 4499 impietas
833 4427 866 4478 et
888 4413 981 4478 furor
1003 4426 1054 4478 est
1081 4414 1249 4479 abducere
1270 4416 1398 4478 animos
1420 4434 1441 4476 a
1569 4411 1842 4478 Assuel'acianrus
1874 4416 1971 4499 igitur·
2002 4436 2064 4477 nos
2090 4418 2132 4478 ad
2154 4416 2387 4483 recitationem
2406 4413 2455 4480 uli-

467 4505 624 4587 petitione
656 4504 820 4565 bonorum
853 4500 1022 4583 corporis,
1051 4521 1125 4563 curn
1158 4499 1251 4563 Deus
1284 4496 1350 4562 hoc
1382 4497 1440 4559 ho·
1484 4517 1582 4580 quam
1604 4509 1636 4560 et
1657 4511 1786 4562 utamur
1806 4498 1912 4561 sonna
1933 4502 1985 4581 pie
2007 4511 2041 4561 et
2062 4501 2187 4562 erudite
2211 4505 2402 4586 ‹routpesita
2419 4503 2456 4564 si·

468 4609 550 4652 nore
565 4585 782 4651 afficivelitet
795 4582 1279 4648 nostramlidemhisexerciriis
1294 4585 1439 4647 excitari.
1486 4602 1527 4644 ne
1550 4585 1794 4665 superstitione,
1817 4583 1943 4648 sine¹⁰t
1978 4587 2093 4666 magia.
2137 4584 2212 4646 Non
2232 4582 2384 4669 hymnos
2404 4587 2456 4649 ur·

553 4671 708 4736 Petamus
734 4673 851 4754 igitur,
884 4681 920 4731 nt
941 4670 1062 4732 dictum
1085 4680 1146 4746 cst,
1169 4670 1284 4731 ordine
1307 4681 1441 4732 aeterna
1485 4666 1561 4749 phei
1593 4680 1649 4730 aut
1678 4667 1808 4730 Homeri
1842 4680 1898 4730 ant
1921 4666 2113 4731 Callimachi
2147 4669 2353 4747 recitemus3
2398 4670 2455 4736 Sed

467 4760 556 4823 bona
579 4768 610 4819 et
634 4757 782 4839 corporis
806 4757 906 4830 bona,
929 4764 961 4816 et
982 4773 1168 4837 quanquam
1183 4755 1331 4835 precatio
1344 4755 1441 4815 etiarn
1486 4773 1565 4816 vero
1588 4754 1684 4815 animi
1706 4762 1795 4816 rnotu
1818 4750 2046 4837 confugiamus
2068 4755 2110 4816 ad
2133 4752 2242 4815 Deum
2261 4754 2388 4821 fiducia
2408 4776 2457 4838 pe·

469 4842 561 4907 brevi
584 4842 705 4925 gemitu
728 4839 798 4903 lieri
819 4849 941 4922 potest,
964 4850 1074 4901 tamen
1095 4835 1174 4901 utile
1196 4847 1249 4902 est
1258 4839 1440 4902 iunioribus
1484 4834 1595 4899 tesacti
1629 4835 1762 4900 Christi.
1817 4835 1868 4900 Sit
1894 4838 2020 4900 directa
2044 4857 2138 4900 mens
2163 4837 2204 4899 ad
2234 4835 2331 4904 illurn
2357 4840 2458 4905 Deum

469 4937 502 4990 et
533 4925 782 5008 grandioribus,
816 4926 887 4987 sine
921 4923 1152 5006 superstitione
1170 4932 1281 4985 tenere
1302 4919 1441 4986 formam
1485 4935 1682 4996 creatorem,
1714 4922 1829 5065 quise
1857 4919 2013 5005 patefecit
2035 4924 2137 4986 misso
2159 4918 2243 4986 Filio
2267 4923 2411 4990 Christo
2430 4935 2458 4988 et

468 5010 667 5093 precationis
699 5011 824 5073 erudite
856 5006 1083 5091 compositam,
1105 5005 1357 5088 compellantem
1385 5027 1441 5070 ve·
1483 5008 1561 5070 dato
1583 5004 1720 5088 Evange
1734 5006 1766 5068 io
1788 5026 1861 5070 suo.

468 5115 541 5160 rurn
561 5092 669 5157 Deum
697 5105 729 5156 ει
762 5095 1002 5158 discernentem
1034 5102 1182 5156 nostram
1199 5092 1440 5156 invocationem
1567 5086 1660 5152 lllulti
1693 5091 1815 5173 ignavi,
1843 5090 2022 5167 temulenti,
2044 5091 2153 5154 securi
2171 5103 2394 5161 contemnunt
2413 5114 2458 5160 re·

470 5179 513 5244 ab
539 5177 696 5252 Ethnica,
717 5175 858 5241 Tureica
878 5188 911 5241 et
933 5176 1076 5260 Iudaica,
1094 5186 1127 5240 et
1147 5196 1210 5239 nos
1233 5174 1331 5242 simul
1352 5196 1440 5239 com·
1483 5175 1678 5237 citationem.
1723 5173 1789 5238 Sed
1813 5175 1967 5238 hortandi
1984 5187 2059 5237 sunt
2080 5177 2136 5258 pii,
2159 5186 2195 5238 nt
2215 5196 2256 5241 se
2278 5182 2327 5244 ad
2346 5183 2459 5246 recita·

470 5261 741 5327 monefacientem
763 5261 804 5324 de
820 5262 1041 5344 promissione
1062 5261 1172 5324 divina
1195 5272 1227 5323 et
1247 5281 1303 5324 res
1327 5272 1439 5324 certas
1481 5260 1602 5321 tionem
1635 5254 1787 5342 aliquam,
1816 5271 1852 5325 ut
1880 5260 1962 5337 dixi,
1983 5259 2224 5337 assuelheiant,
2248 5276 2283 5327 et
2321 5283 2460 5332 caussae

470 5534 500 5597 9)
519 5533 664 5595 deseratur]
682 5533 755 5586 Edltt
774 5533 815 5582 22.
833 5533 875 5580 24.
893 5534 943 5593 typ.
961 5542 1058 5582 errore:
1077 5529 1209 5581 deteratur
1484 5529 1530 5592 ιο)
1548 5529 1615 5592 sine]
1633 5531 1706 5593 corp.
1727 5530 1800 5578 l-s.
1821 5534 1848 5582 et
