5859 6734
1097 697 1209 762 Pfltn.
1227 696 1330 762 MEL.
1352 694 1540 800 selum
1555 693 1833 762 DOGlllATlGA.
2397 702 2463 766 372

649 885 710 949 DE
729 884 878 951 CAUSA
900 882 1088 951 peccari
1109 881 1165 946 ΕΤ
1186 881 1248 945 DE
1486 878 1610 945 luntate
1631 875 1770 944 Diaboli
1788 891 1821 944 et
1843 880 1984 944 bominis
2005 891 2112 943 ortum
2134 893 2197 955 est,
2221 901 2284 944 nec
2306 881 2381 947 Deo
2403 906 2463 969 ap·

782 999 1109 1068 CONTINGENTIA
1486 965 1649 1049 probante
1681 977 1737 1028 aut
1770 976 1910 1048 cogente
1943 961 2129 1028 voluntates
2170 975 2304 1028 nostras
2338 966 2463 1034 sactum

1111 1045 1120 1061 ‘
1488 1062 1557 1122 est3
1579 1050 1655 1112 ideo
1673 1069 1878 1133 nequaquam
1896 1060 1947 1110 est
1968 1051 2162 1112 necessario
2184 1046 2324 1127 sacttun,
2346 1073 2464 1118 neces·

551 1138 708 1202 Exercuit
730 1138 915 1202 Ecclesiam
942 1136 1117 1221 aliquoties
1143 1145 1177 1197 et
1204 1151 1343 1216 magnas
1372 1143 1438 1194 tra·
1488 1137 1586 1197 sitate
1613 1132 1779 1198 absoluta.
1830 1132 1873 1195 Et
1900 1132 2029 1215 quidem
2058 1131 2226 1198 voluntate
2247 1148 2363 1199 nostre
2384 1144 2465 1204 ante

467 1223 603 1307 goedias
621 1224 775 1287 excitavit
795 1235 934 1305 utraque
955 1221 1152 1303 disputatio,
1174 1220 1216 1282 de
1239 1237 1342 1281 causa
1362 1235 1438 1300 pec·
1487 1228 1662 1298 peccatum
1689 1238 1769 1282 vere
1795 1216 1900 1281 libera
1921 1214 1991 1281 fuit.
2033 1216 2095 1280 Est
2115 1229 2225 1281 autem
2245 1216 2381 1284 libertas
2406 1244 2464 1288 vo-

468 1308 533 1370 cati
556 1318 590 1370 et
618 1309 660 1371 de
686 1309 917 1392 contingentia.
966 1304 1010 1369 Et
1037 1307 1078 1369 de
1106 1315 1246 1387 utraque
1273 1322 1310 1366 re
1337 1299 1439 1364 multa
1488 1302 1623 1365 luntatis
1657 1320 1758 1365 causa
1791 1303 2032 1384 contingentiae
2064 1314 2252 1366 nostrarum
2285 1305 2464 1374 actionum.

468 1388 627 1475 colligunt
653 1389 800 1455 homines
834 1392 919 1454 acuti
952 1386 1191 1453 inextricabilia
1218 1398 1252 1451 et
1282 1386 1438 1450 absurda
1488 1386 1668 1469 Loquimur
1687 1387 1772 1450 enim
1790 1386 1843 1449 bic
1858 1388 1899 1450 de
1911 1387 2132 1473 contingentia
2153 1398 2340 1452 nostrarum
2361 1394 2464 1457 ectio·

468 1472 562 1545 Quae
578 1477 730 1557 quoniam
746 1475 870 1539 hubent
888 1473 1010 1558 aliquid
1026 1471 1174 1556 periculi,
1191 1472 1344 1536 monendi
1362 1481 1440 1534 suat
1489 1492 1577 1536 num.
1629 1471 1722 1534 llaec
1757 1473 1841 1534 ratio
1875 1482 2004 1553 sumpta
2032 1490 2053 1533 a
2086 1491 2187 1534 cause
2213 1475 2342 1553 peccati
2380 1479 2465 1540 satis

467 1557 614 1635 iuvenes,
634 1571 671 1623 ut
693 1561 823 1622 omissis
840 1557 906 1622 illis
928 1558 1060 1623 infinitis
1079 1557 1364 1641 disputationibus,
1404 1575 1439 1616 o·
1489 1553 1627 1620 illustris
1645 1568 1708 1632 est,
1730 1567 1762 1618 et
1784 1556 1980 1637 opponenda
1998 1566 2048 1619 est
2066 1553 2140 1619 aliis
2161 1558 2356 1634 rationibus,
2376 1580 2465 1643 quae

465 1641 532 1702 tius
552 1652 712 1724 quaerent
733 1641 913 1725 simplicem
935 1665 976 1707 ac
997 1645 1084 1728 piam
1101 1642 1307 1717 sententiam,
1328 1641 1373 1704 ut‘
1388 1659 1440 1703 ern
1491 1642 1623 1703 onmino
1645 1637 1763 1704 tollunt
1785 1640 2057 1725 contingentiam,
2086 1660 2170 1723 quae
2198 1642 2229 1705 iu
2253 1644 2393 1708 curiosis
2415 1649 2464 1710 in·

466 1721 615 1812 religioni
638 1739 673 1791 ct
692 1730 851 1805 moribus,
873 1730 907 1791 in
928 1747 994 1812 qua
1014 1728 1180 1804 resistant,
1197 1743 1260 1789 nec
1276 1728 1386 1789 sinant
1403 1742 1441 1785 se
1493 1725 1599 1809 geniis
1621 1744 1722 1808 saepe
1744 1743 1882 1807 magnes
1906 1721 2061 1789 tumultus
2084 1727 2237 1789 excitant.

466 1809 509 1886 ab
530 1833 572 1883 ea
586 1811 652 1880 ttlts
673 1815 929 1897 disputationum
950 1813 1138 1897 praestigiis
1155 1812 1285 1874 abduci.
1576 1807 1706 1873 Deinde
1730 1811 1976 1874 concedendum
1994 1820 2027 1873 ει
2046 1809 2113 1873 boc
2130 1824 2191 1887 est,
2214 1812 2304 1893 quod
2325 1815 2467 1898 scriptu-

551 1901 614 1965 ast
634 1911 744 1964 autem
765 1897 850 1961 baec
871 1899 926 1979 pia
943 1908 977 1959 et
997 1915 1079 1960 vera
1100 1896 1279 1972 sententia,
1300 1904 1440 1976 utraque
1492 1913 1530 1956 ra
1552 1894 1674 1957 tribuat
1694 1892 1828 1971 honuni,
1849 1914 1936 1958 nunc
1959 1895 2055 1957 etiam
2076 1908 2153 1977 post
2170 1907 2351 1976 peccatum,
2367 1895 2467 1964 liber-

468 2006 567 2053 manu
588 2005 630 2048 ac
650 1985 762 2048 verius
790 1992 860 2045 toto
881 1993 1018 2065 pectore
1040 1979 1195 2044 tenenda:
1237 1979 1326 2062 qnod
1347 1977 1440 2041 Deus
1492 1988 1593 2041 tatem
1614 1976 1758 2062 aliquam
1780 1976 1943 2065 deligendi
1965 1998 2016 2054 ea,
2040 1999 2124 2062 quae
2146 1990 2224 2044 sunt
2244 1981 2392 2046 subiecta
2415 2001 2467 2048 re·

468 2070 608 2135 nonsit
641 2086 743 2132 causa
768 2068 918 2149 peccati,
954 2075 987 2129 et
1041 2066 1108 2129 uod
1138 2063 1233 2128 Deus
1265 2083 1332 2127 non
1363 2059 1442 2126 velit
1493 2063 1584 2138 tioni,
1601 2063 1645 2125 ad
1663 2060 1792 2127 civilem
1815 2065 1967 2127 iustitiam
1989 2059 2206 2141 efficiendam,
2228 2077 2264 2128 ιιι
2285 2078 2403 2147 postea
2420 2067 2468 2132 di·

468 2164 651 2236 peccatum.
695 2151 763 2216 Sed
776 2169 899 2214 causae
940 2146 1298 2213 eccatrsuntvoluntas
1308 2145 1442 2211 Diaboli
1494 2166 1618 2210 cemus.
1663 2145 1757 2211 Sicut
1777 2148 1875 2231 igitur
1891 2146 1986 2213 Deus
2008 2149 2195 2214 universam
2218 2159 2368 2214 astruam
2390 2170 2469 2214 con-

470 2247 504 2302 ει
523 2234 678 2301 voluntas
703 2234 855 2298 bominis.
931 2254 984 2297 am
1012 2233 1155 2297 Genesis
1172 2235 1277 2316 primo
1300 2236 1363 2309 [vs.
1374 2232 1442 2312 :th
1494 2221 1587 2308 didit,
1619 2231 1665 2295 ita
1696 2233 1842 2296 condidit
1874 2234 1972 2296 etiam
2003 2231 2068 2296 hoc
2100 2244 2236 2298 naturae
2257 2235 2379 2300 donum
2408 2257 2471 2302 seu

470 2322 605 2384 diciturt
650 2317 738 2383 Vidit
759 2317 853 2382 Deus
880 2320 988 2381 omnia
1009 2338 1095 2402 quae
1115 2315 1256 2394 fecerat,
1289 2327 1323 2380 et
1350 2327 1444 2380 erant
1494 2316 1626 2380 modum
1648 2317 1779 2400 agendi,
1799 2314 1963 2395 videlicet,
1984 2315 2177 2381 libertatem
2221 2317 2284 2383 Est
2304 2333 2414 2386 autern
2431 2321 2470 2386 li·

472 2402 678 2469 raldebonu.
710 2402 753 2466 Et
765 2402 900 2466 Psalmo
911 2402 943 2465 5.
953 2405 999 2481 ⁵⁹)
1018 2407 1083 2480 [vs.
1094 2402 1127 2465 5.
1136 2409 1159 2483 ι]
1187 2403 1264 2465 Non
1274 2400 1369 2464 Deus
1385 2419 1443 2465 vo·
1494 2401 1617 2477 bertas,
1635 2411 1671 2464 ut
1692 2402 1813 2464 dictum
1835 2413 1897 2478 est,
1914 2399 1990 2464 sons
2014 2403 2255 2486 contingentiae
2276 2407 2309 2470 in
2330 2406 2470 2472 actioni-

472 2487 547 2552 lens
568 2489 764 2571 impietatem
784 2497 820 2550 tu
841 2507 889 2551 es.
932 2485 975 2549 Et
996 2485 1149 2552 Christus
1181 2486 1285 2570 inquit
1311 2483 1393 2563 [lob.
1410 2484 1444 2562 8,
1496 2486 1559 2550 bus
1591 2483 1754 2548 humanis.
1808 2485 1900 2571 Ergo
1928 2488 2152 2634 continglqntia
2177 2491 2347 2572 praevidet
2373 2489 2470 2556 Deus

472 2570 540 2650 tt]
562 2569 728 2634 diabolum
748 2583 875 2653 patrem
899 2590 976 2635 esse
997 2573 1169 2649 mendacii,
1192 2583 1225 2634 et
1243 2589 1285 2634 ex
1301 2589 1364 2653 pro
1387 2571 1444 2634 riis
1494 2589 1536 2632 ec
1554 2570 1749 2634 detanninat
1769 2571 1831 2648 ite,
1859 2581 1897 2636 ut
1917 2591 1993 2634 non·
2007 2582 2040 2634 to
2089 2582 2101 2633 t
2122 2574 2254 2638 modum
2273 2575 2392 2659 egendi
2422 2576 2471 2640 ia·

471 2652 486 2714 l
529 2655 561 2716 ui
584 2656 798 2719 mendacium.
841 2655 1013 2720 Transfert
1040 2657 1138 2740 igitur
1156 2675 1291 2719 causam
1310 2656 1345 2717 in
1364 2591 1444 2717 ba-
1494 2654 1596 2718 ditum
1617 2664 1767 2732 naturae,
1790 2656 1852 2719 sed
1875 2657 2068 2721 determinat
2089 2659 2257 2736 actiones,
2273 2661 2357 2722 sicut
2373 2657 2471 2724 litura

473 2737 517 2800 bo
591 2782 601 2814 ,
631 2758 705 2801 cum
730 2750 830 2802 vocat
851 2753 978 2823 patrem
1006 2741 1178 2804 mendacii.
1221 2739 1360 2803 Etcum
1383 2740 1443 2802 ait:
1494 2737 1673 2816 Pemtittit,
1703 2750 1738 2802 ιιι
1762 2736 1921 2804 ¹voluntas
1946 2739 2056 2806 Saulis
2078 2743 2128 2805 sic
2149 2755 2243 2825 agat,
2270 2755 2302 2807 ει
2322 2761 2389 2807 nou
2411 2743 2472 2808 int·

472 2820 525 2884 ax
557 2823 698 2906 propriis
730 2820 892 2907 loquitur,
925 2827 1083 2889 discernit
1118 2826 1230 2888 vitium
1263 2844 1283 2886 a
1315 2833 1445 2900 natura,
1495 2820 1600 2904 pellit,
1617 2833 1654 2885 ut
1669 2834 1748 2907 agat
1765 2843 1883 2896 secus;
1907 2836 1940 2887 et
1958 2826 2116 2903 decernit,
2127 2828 2182 2890 ubi
2195 2826 2328 2892 Saulem
2338 2848 2471 2911 repres-

474 2923 572 2988 quem
604 2907 749 2971 condidit
781 2919 815 2971 et
844 2920 1022 2973 conservet
1053 2908 1158 2973 Deus.
1212 2907 1331 2990 Neque
1360 2909 1446 2970 enirn
1497 2925 1596 2971 surus
1619 2909 1672 2971 sit.
1925 2949 1927 2953 -

472 2987 557 3054 baec
577 2993 663 3055 inter
684 3012 722 3054 se
742 3007 906 3076 pugnant:
929 2995 1088 3058 Naturam
1109 3015 1131 3056 a
1151 2992 1226 3056 Deo
1245 3003 1351 3055 ortam
1368 3011 1445 3056 esse
1582 2989 1677 3055 Sicut
1704 3003 1813 3056 autem
1842 2995 1965 3057 creatio
1994 2996 2066 3077 ipsa
2094 3015 2161 3059 non
2194 3008 2304 3077 potest
2330 2995 2471 3084 intelligi

473 3084 507 3135 et
530 3076 740 3151 conservari3
774 3087 807 3140 et
827 3089 937 3142 tamen
962 3078 1165 3144 voluntatem
1182 3074 1315 3140 Diaboli
1337 3088 1371 3141 et
1387 3075 1445 3140 bo·
1497 3086 1530 3138 et
1551 3076 1688 3140 iudicari
1709 3078 1751 3141 ab
1774 3074 1843 3141 ulla
1861 3090 2023 3155 creatura,
2047 3080 2092 3142 ita
2113 3098 2221 3162 neque
2242 3078 2326 3144 baec
2343 3085 2473 3167 perspi-

472 3159 568 3222 minis
593 3177 728 3224 causam
756 3180 834 3225 esse
853 3165 1001 3247 peccati3
1024 3164 1102 3247 quia
1121 3162 1277 3226 voluntas
1298 3163 1387 3226 abuti
1407 3158 1446 3224 li·
1497 3162 1528 3223 ci
1549 3171 1704 3242 possunt,
1727 3163 1893 3245 quomodo
1911 3174 2041 3238 maneat
2061 3159 2207 3240 libertas,
2229 3184 2305 3228 cum
2323 3177 2357 3228 et
2375 3164 2472 3232 Deus

472 3242 601 3307 bertate
623 3263 686 3308 sua
756 3246 832 3325 tuit,
865 3268 970 3333 seque
997 3267 1018 3311 a
1044 3245 1119 3311 Deo
1143 3258 1306 3311 avertere.
1358 3245 1446 3310 Addi
1496 3246 1660 3326 impertiat
1681 3256 1820 3310 noemae
1843 3247 1941 3311 vitam
1964 3259 1997 3312 et
2013 3248 2114 3326 vires,
2130 3259 2164 3312 et
2180 3249 2374 3315 determinet
2387 3271 2472 3316 eon·

458 3407 462 3414 ⁵
535 3338 612 3390 sunt
640 3339 673 3391 et
728 3331 759 3394 'a
782 3333 983 3398 testimonia:
1012 3331 1058 3396 Ut
1079 3330 1194 3395 Rome.
1211 3329 1244 3393 5.
1267 3335 1333 3410 [vs.
1360 3330 1444 3408 122]
1496 3330 1665 3415 tingentia.
1731 3329 1821 3395 Haec
1855 3333 1965 3395 omnia
2000 3333 2163 3415 pertinent
2194 3334 2236 3396 ad
2268 3332 2473 3400 intellectum

501 3430 538 3473 er
552 3409 719 3476 bominem
740 3415 873 3480 intravit
892 3429 1067 3500 peccatum
1087 3419 1120 3480 in
1136 3418 1302 3481 mundum.
1349 3413 1391 3479 Et
1411 3415 1446 3478 in
1497 3415 1684 3492 creationis,
1705 3434 1769 3479 nec
1790 3427 1931 3499 possunt
1952 3419 2034 3481 satis
2052 3414 2218 3501 explicari
2249 3416 2293 3480 Et
2313 3421 2370 3504 qui
2390 3421 2472 3486 sub·

471 3491 622 3576 Epistola
638 3495 794 3563 lobannis
816 3501 853 3579 [l.
876 3503 909 3580 2,
929 3503 1011 3581 lul:
1035 3499 1314 3583 Concupiscentia
1335 3500 1446 3563 carnis
1496 3498 1587 3564 tilius
1623 3497 1708 3565 baec
1732 3502 1916 3583 disputent,
1947 3499 2050 3565 multa
2075 3502 2269 3588 prodigiosa
2298 3501 2473 3588 colligunt,

469 3605 535 3660 eto.
552 3599 621 3656 non
638 3595 689 3652 esi
707 3605 749 3649 ex
768 3586 878 3665 Patre,
897 3589 958 3651 scd
979 3606 1022 3651 ex
1042 3588 1165 3650 mundo
1187 3597 1250 3649 est.
1497 3603 1583 3667 quae
1613 3595 1736 3650 tantum
1759 3587 1954 3668 perturbant
1974 3584 2156 3650 imbecilles
2178 3588 2314 3651 animos.
2357 3587 2473 3660 Quare

555 3675 628 3740 Nec
648 3673 778 3760 figurae
799 3670 876 3736 illae
897 3673 1074 3736 verborum
1095 3672 1128 3734 in
1151 3670 1329 3752 scripturis·
1346 3667 1446 3732 offen·
1496 3687 1561 3731 nos
1583 3670 1626 3732 ed
1646 3667 1734 3732 illam
1753 3672 1923 3748 rationem,
1942 3690 2039 3816 quam
2056 3673 2134 3748 dixi,
2146 3673 2471 3756 respiciamusque

473 3764 567 3827 duntt
591 3759 757 3822 lndurabo
776 3778 835 3821 cor
856 3755 1059 3832 Pharaonis,
1086 3766 1119 3819 et
1137 3752 1270 3818 similes.
1314 3751 1447 3816 Carnum
1497 3749 1598 3835 plana
1618 3764 1653 3815 ct
1674 3749 1847 3817 manifesta
1864 3767 1926 3818 est.
1964 3756 2026 3818 deo
2049 3753 2255 3822 defendenda
2276 3768 2327 3821 est
2344 3758 2470 3821 contin·

472 3858 525 3909 est
546 3844 648 3919 enim,
668 3842 812 3905 Ebraica
834 3839 947 3922 phrasi
971 3837 1159 3923 significare
1180 3857 1239 3899 eas
1260 3838 1448 3919 permissio-
1497 3837 1627 3920 gentia,
1659 3856 1701 3900 ne
1732 3836 1840 3901 Deum
1874 3836 2033 3903 iaciamus
2061 3852 2211 3905 autorem
2244 3861 2305 3906 seu
2333 3861 2470 3905 causam

472 3951 558 4008 nem,
580 3947 647 3991 non
664 3924 868 3990 voluntatem
890 3921 1077 3995 efficacem
1105 3933 1159 3985 nt:
1186 3921 1238 3985 Ne
1263 3941 1327 3984 nos
1355 3921 1447 3984 indu·
1521 3921 1637 3982 eccati.
1679 3919 1723 3983 Et
1743 3919 1878 3985 libertus
1902 3925 2023 3986 donum
2043 3922 2108 3988 Dei
2130 3934 2198 4002 est,
2225 3945 2286 3989 seu
2304 3926 2470 3989 ordinatio

473 4034 532 4080 cas
549 4015 582 4077 in
604 4011 825 4085 tentationem,
847 4009 879 4072 id
902 4020 965 4085 est,
982 4026 1024 4071 ne
1045 4007 1135 4069 sinas
1156 4026 1219 4069 nos
1241 4005 1361 4068 induci.
1532 4005 1562 4066 ei
1583 4005 1616 4067 in
1638 4002 1818 4071 voluntate.
1851 4005 1963 4078 Quare
1981 4009 2108 4071 etiamsi
2129 4009 2296 4092 praevidet
2315 4007 2410 4073 Deus
2435 4022 2472 4072 et.

558 4094 770 4158 Probandum
791 4104 843 4156 est
867 4103 899 4156 et
919 4091 1001 4169 boc,
1024 4091 1113 4174 quod
1135 4092 1255 4154 docent
1275 4100 1448 4172 peccatum
1497 4090 1689 4152 detenmnet
1713 4092 1950 4174 contingentia,
1982 4104 2090 4156 tamen
2120 4095 2164 4158 ita
2183 4093 2389 4169 detenniuat,
2423 4113 2471 4157 ne

476 4183 599 4245 diserte
627 4177 828 4262 significare,
860 4198 927 4240 non
959 4187 1112 4240 naturam
1142 4195 1163 4238 a
1189 4173 1264 4238 Deo
1292 4185 1447 4251 creatam,
1496 4174 1628 4238 modum
1661 4177 1779 4259 agendi
1812 4174 1989 4241 voluntatis
2022 4196 2083 4241 seu
2115 4177 2350 4242 ordinationem
2371 4195 2471 4242 suam

475 4267 536 4329 sed
558 4263 800 4344 corruptionem
817 4273 874 4325 aut
896 4261 1074 4336 defectum
1107 4271 1143 4328 ιιι
1159 4270 1332 4342 peccatum
1349 4259 1447 4344 origi-
1496 4254 1602 4323 tollat.

474 4351 526 4412 nis
555 4359 607 4410 est
635 4343 784 4409 defectus
813 4348 974 4411 donorum
998 4360 1031 4408 et
1056 4346 1163 4409 iustae
1186 4345 1391 4408 obedientiae
1412 4344 1446 4406 in
1583 4341 1738 4408 Ceterum
1758 4341 1815 4408 illa
1836 4345 1999 4408 distinctio
2021 4348 2212 4410 necessaria
2233 4359 2300 4410 est:
2342 4345 2470 4409 Neces-

473 4442 590 4496 natura
617 4430 768 4494 hominis.
818 4431 915 4495 Nunc
940 4442 1050 4495 autem
1077 4441 1255 4493 conservat
1279 4427 1373 4492 Deus
1400 4439 1447 4491 ta·
1497 4431 1578 4491 sitas
1605 4427 1670 4491 alia
1699 4441 1752 4490 est
1774 4448 1876 4493 conse
1899 4430 2008 4493 uentis
2030 4450 2091 4494 seu
2112 4428 2268 4496 absoluta
2288 4425 2393 4514 qualia
2416 4443 2471 4495 est

473 4513 538 4579 lem
559 4514 699 4579 hominis
720 4525 881 4592 naturarssr,
903 4514 1010 4598 qualis
1030 4515 1130 4578 modo
1153 4526 1215 4591 est,
1232 4515 1295 4578 etsi
1316 4510 1446 4577 aliunde
1496 4511 1597 4575 baec:
1641 4512 1789 4578 Necesse
1811 4525 1861 4576 est
1912 4534 1987 4577 eum
2003 4534 2092 4594 esse,
2113 4514 2222 4580 Deum
2242 4517 2471 4593 essebonum,

475 4603 549 4662 brte
569 4609 621 4661 est
643 4600 820 4680 corruptio.
850 4599 994 4664 Peccata
1013 4597 1156 4663 actualia
1177 4611 1254 4662 sunt
1273 4597 1448 4662 inordinati
1496 4598 1616 4661 iustum
1646 4608 1711 4660 etc.
1758 4594 1831 4660 Alia
1860 4609 1912 4660 est
1938 4603 2210 4683 consequentiae,
2235 4610 2288 4665 ut:
2329 4598 2471 4684 Oportet

474 4693 595 4758 motus,
621 4703 694 4745 cum
716 4681 869 4747 videlicet
890 4683 1044 4748 voluntas
1061 4683 1218 4748 deficiens
1234 4685 1354 4746 avertit
1371 4701 1446 4745 sea
1497 4683 1599 4746 everti
1618 4677 1770 4745 llierosol
1825 4702 1888 4744 am.
1942 4682 2032 4748 llaec
2059 4706 2125 4749 non
2155 4697 2232 4748 sum
2259 4696 2378 4748 natura
2405 4703 2470 4749 stu

474 4767 563 4830 iusto
597 4768 736 4830 obiecto.
791 4766 842 4831 Ac
870 4780 978 4833 motus
1007 4771 1079 4852 ipse
1109 4789 1171 4833 sea
1198 4771 1286 4832 actio
1308 4777 1446 4830 vocatrrr
1498 4768 1697 4843 necessaria,
1719 4702 1878 4829 sed'dlunt
1894 4767 2116 4846 inunutebilia,
2158 4780 2310 4851 ostquam
2331 4768 2470 4831 detaeta

475 4848 643 4912 materiale
665 4852 808 4933 peccati3
831 4853 891 4916 sed
912 4853 1064 4917 delectus
1082 4873 1143 4917 seu
1162 4853 1358 4917 inordinatio
1379 4846 1445 4914 for·
1497 4862 1589 4924 sunt3
1622 4861 1674 4913 ut:
1707 4848 1829 4914 Mortui
1855 4853 2068 4928 retiviscent3
2102 4791 2157 4917 vd
2181 4855 2257 4938 quia
2284 4863 2472 4936 sequuntur

474 4930 570 4995 male.
612 4932 679 4997 Sed
702 4933 787 4997 baec
809 4947 862 5000 est
888 4938 955 5001 vitii
977 4941 1071 5002 ratio.
1115 4939 1292 5003 Peccatum
1312 4937 1446 5020 proprie
1495 4945 1630 5018 propter
1650 4937 1888 5017 praecedentes
1910 4957 2046 5013 causas;
2078 4950 2129 5002 ut:
2149 4937 2286 5020 Oportet
2306 4935 2470 5000 haereses

476 5016 639 5098 significat
660 5030 786 5092 reatum
807 5018 895 5085 illius
917 5024 1136 5107 corruptionis
1159 5036 1193 5087 et
1215 5019 1374 5086 delectus.
1496 5039 1584 5082 esse.
1640 5018 1724 5091 Quia
1756 5022 1840 5083 enim
1862 5020 2024 5089 Diabolus
2054 5026 2122 5087 odit
2138 5022 2265 5099 Deum,
2293 5033 2326 5086 et
2352 5021 2468 5085 incitat

560 5097 745 5165 constituta
761 5115 870 5167 autem
886 5104 1136 5184 bacsententie,
1159 5109 1245 5190 quod
1267 5106 1361 5169 Deus
1378 5124 1444 5168 non
1494 5105 1611 5186 impios
1635 5113 1751 5167 contra
1776 5103 2007 5193 Evangelium,
2041 5110 2095 5192 qui
2123 5109 2367 5191 obsequuntur,
2389 5107 2468 5170 ideo

476 5184 519 5245 sit
541 5203 643 5246 causa
660 5188 799 5265 peccati,
816 5185 914 5270 plane
931 5194 1078 5275 sequitur
1096 5192 1350 5278 contingentiam
1368 5210 1444 5253 con·
1495 5198 1627 5271 oportet
1649 5185 1807 5253 haereses
1840 5199 1926 5269 esne.
1970 5191 2059 5258 llaec
2088 5204 2166 5258 sunt
2194 5203 2310 5256 natura
2340 5192 2467 5254 contin-

475 5268 654 5332 cedendam
675 5286 762 5332 esse.
792 5271 877 5343 Quia
898 5276 983 5339 enim
1005 5287 1176 5358 peccatum
1198 5276 1330 5361 proprie
1345 5295 1366 5338 a
1387 5296 1444 5340 vo·
1495 5275 1624 5417 geptia3
1653 5294 1760 5420 neqqle
1792 5278 1877 5339 enim
1909 5275 1992 5340 haec
2015 5279 2251 5361 consequentia
2279 5272 2466 5339 libertatem

414 5365 417 5372 '
1494 5379 1537 5422 vo
1551 5360 1672 5421 innatis
1691 5370 1724 5421 ιο
1752 5361 1785 5421 it.

476 5470 521 5528 ⁵⁹)
540 5471 641 5522 ''illm‘'
657 5472 694 5536 ⁵=l
714 5474 751 5524 ⁸¹⁰
767 5474 839 5526 tdttt
858 5477 880 5528 ⁷·
898 5477 922 5527 ⁸·
945 5477 1050 5524 ¹¹-¹⁴·
1068 5483 1095 5528 et
1113 5478 1192 5541 ilva:
1209 5478 1283 5530 auttt
1296 5481 1316 5529 ι.
1329 5479 1352 5526 a.
1367 5477 1443 5527 t-e.
1578 5440 1650 5505 Nec
1675 5441 1860 5506 invehenda
1885 5456 1961 5506 sunt
1987 5446 2021 5506 in
2041 5442 2227 5508 Ecclesiam
2250 5441 2466 5507 deliramenta

543 5537 566 5584 9.
585 5539 611 5588 ln
626 5539 738 5592 Psalmo.
1494 5527 1536 5588 de
1550 5524 1665 5591 Stoico
1687 5524 1755 5590 lato
1773 5537 1830 5589 aul
1851 5531 1920 5606 περὶ
1938 5529 1990 5603 τῆς
2011 5526 2145 5607 ἀνάγκης.
2191 5527 2281 5592 Nihil
2302 5530 2389 5592 enim
2406 5526 2465 5591 ha·
