<?xml version="1.0" encoding="UTF-8"?>
<!DOCTYPE html PUBLIC "-//W3C//DTD XHTML 1.0 Transitional//EN"
    "http://www.w3.org/TR/xhtml1/DTD/xhtml1-transitional.dtd">
<html xmlns="http://www.w3.org/1999/xhtml" xml:lang="en" lang="en">
 <head>
  <title>
</title>
<meta http-equiv="Content-Type" content="text/html;charset=utf-8" />
  <meta name='ocr-system' content='tesseract 3.04.00' />
  <meta name='ocr-capabilities' content='ocr_page ocr_carea ocr_par ocr_line ocrx_word'/>
</head>
<body>
  <div class='ocr_page' id='page_1' title='image "./philippimelanth08melagoog_0390.png"; bbox 0 0 5859 6734; ppageno 0'>
   <div class='ocr_carea' id='block_1_1' title="bbox 463 669 2460 745">
    <p class='ocr_par' dir='ltr' id='par_1_1' title="bbox 463 669 2460 745">
     <span class='ocr_line' id='line_1_1' title="bbox 463 669 2460 745; baseline 0.006 -13"><span class='ocrx_word' id='word_1_1' title='bbox 463 669 527 733; x_wconf 80' lang='lat'><strong>751</strong></span> <span class='ocrx_word' id='word_1_2' title='bbox 1092 676 1204 743; x_wconf 80' lang='lat' dir='ltr'><strong>PlllL.</strong></span> <span class='ocrx_word' id='word_1_3' title='bbox 1225 677 1329 744; x_wconf 81' lang='lat' dir='ltr'><strong>MEL.</strong></span> <span class='ocrx_word' id='word_1_4' title='bbox 1347 677 1534 745; x_wconf 76' lang='lat' dir='ltr'>SCRIPTA</span> <span class='ocrx_word' id='word_1_5' title='bbox 1549 673 1825 744; x_wconf 65' lang='lat' dir='ltr'><strong>boemanos</strong></span> <span class='ocrx_word' id='word_1_6' title='bbox 2134 687 2136 692; x_wconf 85' lang='lat'>&#39;</span> <span class='ocrx_word' id='word_1_7' title='bbox 2396 675 2460 743; x_wconf 67' lang='lat'><strong>752</strong></span> 
     </span>
    </p>
   </div>
   <div class='ocr_carea' id='block_1_2' title="bbox 436 859 2467 4077">
    <p class='ocr_par' dir='ltr' id='par_1_2' title="bbox 463 859 2467 2554">
     <span class='ocr_line' id='line_1_2' title="bbox 463 859 2457 950; baseline 0.004 -26"><span class='ocrx_word' id='word_1_8' title='bbox 463 859 518 924; x_wconf 87' lang='lat' dir='ltr'><strong>bis</strong></span> <span class='ocrx_word' id='word_1_9' title='bbox 537 859 729 944; x_wconf 81' lang='lat' dir='ltr'><strong>proposito,</strong></span> <span class='ocrx_word' id='word_1_10' title='bbox 762 872 795 923; x_wconf 92' lang='grc' dir='ltr'><strong>ει</strong></span> <span class='ocrx_word' id='word_1_11' title='bbox 816 860 947 946; x_wconf 87' lang='lat' dir='ltr'><strong>quidem</strong></span> <span class='ocrx_word' id='word_1_12' title='bbox 972 864 1182 944; x_wconf 78' lang='lat' dir='ltr'><strong>promissioni</strong></span> <span class='ocrx_word' id='word_1_13' title='bbox 1203 867 1367 950; x_wconf 72' lang='lat' dir='ltr'><strong>gratuitae</strong></span> <span class='ocrx_word' id='word_1_14' title='bbox 1387 887 1438 930; x_wconf 88' lang='lat' dir='ltr'><strong>re-</strong></span> <span class='ocrx_word' id='word_1_15' title='bbox 1480 865 1565 929; x_wconf 90' lang='lat' dir='ltr'><strong>haec</strong></span> <span class='ocrx_word' id='word_1_16' title='bbox 1585 887 1652 931; x_wconf 90' lang='lat' dir='ltr'><strong>non</strong></span> <span class='ocrx_word' id='word_1_17' title='bbox 1673 863 1759 930; x_wconf 91' lang='lat' dir='ltr'><strong>tollit</strong></span> <span class='ocrx_word' id='word_1_18' title='bbox 1780 877 1967 949; x_wconf 85' lang='lat' dir='ltr'><strong>peceatum,</strong></span> <span class='ocrx_word' id='word_1_19' title='bbox 1999 884 2066 930; x_wconf 92' lang='lat' dir='ltr'><strong>non</strong></span> <span class='ocrx_word' id='word_1_20' title='bbox 2095 862 2181 928; x_wconf 90' lang='lat' dir='ltr'><strong>tollit</strong></span> <span class='ocrx_word' id='word_1_21' title='bbox 2202 866 2407 931; x_wconf 85' lang='lat' dir='ltr'><strong>coecitatem</strong></span> <span class='ocrx_word' id='word_1_22' title='bbox 2426 868 2457 932; x_wconf 90' lang='lat' dir='ltr'><strong>iu</strong></span> 
     </span>
     <span class='ocr_line' id='line_1_3' title="bbox 466 939 2457 1030; baseline 0.005 -22"><span class='ocrx_word' id='word_1_23' title='bbox 466 939 706 1008; x_wconf 76' lang='lat' dir='ltr'><strong>conciliationis</strong></span> <span class='ocrx_word' id='word_1_24' title='bbox 739 944 881 1008; x_wconf 75' lang='lat' dir='ltr'><strong>donatae</strong></span> <span class='ocrx_word' id='word_1_25' title='bbox 910 957 1045 1030; x_wconf 89' lang='lat' dir='ltr'><strong>propter</strong></span> <span class='ocrx_word' id='word_1_26' title='bbox 1076 947 1245 1014; x_wconf 83' lang='lat' dir='ltr'><strong>Christum</strong></span> <span class='ocrx_word' id='word_1_27' title='bbox 1275 948 1437 1015; x_wconf 86' lang='lat' dir='ltr'><strong>Mediato·</strong></span> <span class='ocrx_word' id='word_1_28' title='bbox 1481 952 1645 1014; x_wconf 90' lang='lat' dir='ltr'><strong>mentibus</strong></span> <span class='ocrx_word' id='word_1_29' title='bbox 1652 994 1663 1028; x_wconf 93' lang='lat'><strong>,</strong></span> <span class='ocrx_word' id='word_1_30' title='bbox 1690 950 1815 1029; x_wconf 90' lang='lat' dir='ltr'><strong>idest,</strong></span> <span class='ocrx_word' id='word_1_31' title='bbox 1837 950 2057 1016; x_wconf 69' lang='lat' dir='ltr'><strong>dubitationes</strong></span> <span class='ocrx_word' id='word_1_32' title='bbox 2079 948 2216 1013; x_wconf 87' lang='lat' dir='ltr'><strong>deDeo</strong></span> <span class='ocrx_word' id='word_1_33' title='bbox 2239 948 2457 1018; x_wconf 77' lang='lat' dir='ltr'><strong>etnemitu</strong></span> 
     </span>
     <span class='ocr_line' id='line_1_4' title="bbox 464 1026 2458 1118; baseline 0.007 -29"><span class='ocrx_word' id='word_1_34' title='bbox 464 1045 551 1102; x_wconf 83' lang='lat' dir='ltr'><strong>rem3</strong></span> <span class='ocrx_word' id='word_1_35' title='bbox 593 1026 654 1091; x_wconf 90' lang='lat' dir='ltr'><strong>Est</strong></span> <span class='ocrx_word' id='word_1_36' title='bbox 677 1047 721 1091; x_wconf 93' lang='lat' dir='ltr'><strong>ue</strong></span> <span class='ocrx_word' id='word_1_37' title='bbox 746 1027 868 1093; x_wconf 87' lang='lat' dir='ltr'><strong>fiducia</strong></span> <span class='ocrx_word' id='word_1_38' title='bbox 896 1032 1141 1097; x_wconf 74' lang='lat' dir='ltr'><strong>misericordiae</strong></span> <span class='ocrx_word' id='word_1_39' title='bbox 1161 1033 1226 1099; x_wconf 88' lang='lat' dir='ltr'><strong>Dei</strong></span> <span class='ocrx_word' id='word_1_40' title='bbox 1254 1037 1438 1118; x_wconf 85' lang='lat' dir='ltr'><strong>promissae</strong></span> <span class='ocrx_word' id='word_1_41' title='bbox 1480 1034 1643 1098; x_wconf 86' lang='lat' dir='ltr'><strong>adversus</strong></span> <span class='ocrx_word' id='word_1_42' title='bbox 1665 1033 1772 1098; x_wconf 91' lang='lat' dir='ltr'><strong>Deum</strong></span> <span class='ocrx_word' id='word_1_43' title='bbox 1796 1035 2003 1099; x_wconf 86' lang='lat' dir='ltr'><strong>iudicantem.</strong></span> <span class='ocrx_word' id='word_1_44' title='bbox 2047 1034 2145 1112; x_wconf 88' lang='lat' dir='ltr'><strong>ltern,</strong></span> <span class='ocrx_word' id='word_1_45' title='bbox 2175 1053 2243 1097; x_wconf 93' lang='lat' dir='ltr'><strong>non</strong></span> <span class='ocrx_word' id='word_1_46' title='bbox 2277 1033 2378 1099; x_wconf 78' lang='lat' dir='ltr'><strong>affert</strong></span> <span class='ocrx_word' id='word_1_47' title='bbox 2405 1057 2458 1102; x_wconf 76' lang='lat' dir='ltr'><strong>uc·</strong></span> 
     </span>
     <span class='ocr_line' id='line_1_5' title="bbox 465 1049 2459 1205; baseline 0.006 -29"><span class='ocrx_word' id='word_1_48' title='bbox 465 1121 601 1195; x_wconf 87' lang='lat' dir='ltr'><strong>propter</strong></span> <span class='ocrx_word' id='word_1_49' title='bbox 633 1049 800 1177; x_wconf 74' lang='lat' dir='ltr'><strong>Christum</strong></span> <span class='ocrx_word' id='word_1_50' title='bbox 830 1112 1055 1179; x_wconf 85' lang='lat' dir='ltr'><strong>Mediatorem.</strong></span> <span class='ocrx_word' id='word_1_51' title='bbox 1115 1117 1201 1182; x_wconf 88' lang='lat' dir='ltr'><strong>Nam</strong></span> <span class='ocrx_word' id='word_1_52' title='bbox 1233 1117 1354 1186; x_wconf 84' lang='lat' dir='ltr'><strong>fiducia</strong></span> <span class='ocrx_word' id='word_1_53' title='bbox 1386 1130 1438 1182; x_wconf 87' lang='lat' dir='ltr'><strong>est</strong></span> <span class='ocrx_word' id='word_1_54' title='bbox 1481 1138 1552 1182; x_wconf 90' lang='lat' dir='ltr'><strong>ram</strong></span> <span class='ocrx_word' id='word_1_55' title='bbox 1574 1129 1609 1182; x_wconf 92' lang='lat' dir='ltr'><strong>et</strong></span> <span class='ocrx_word' id='word_1_56' title='bbox 1628 1132 1794 1183; x_wconf 90' lang='lat' dir='ltr'><strong>aeternam</strong></span> <span class='ocrx_word' id='word_1_57' title='bbox 1815 1121 1988 1196; x_wconf 85' lang='lat' dir='ltr'><strong>iustitiam,</strong></span> <span class='ocrx_word' id='word_1_58' title='bbox 2020 1119 2082 1181; x_wconf 91' lang='lat' dir='ltr'><strong>sed</strong></span> <span class='ocrx_word' id='word_1_59' title='bbox 2104 1130 2228 1183; x_wconf 81' lang='grc' dir='ltr'>ιειιιιιιιι</span> <span class='ocrx_word' id='word_1_60' title='bbox 2249 1119 2459 1205; x_wconf 73' lang='lat' dir='ltr'><strong>disapbm</strong></span> 
     </span>
     <span class='ocr_line' id='line_1_6' title="bbox 464 1195 2459 1287; baseline 0.006 -27"><span class='ocrx_word' id='word_1_61' title='bbox 464 1207 575 1260; x_wconf 91' lang='lat' dir='ltr'><strong>motus</strong></span> <span class='ocrx_word' id='word_1_62' title='bbox 601 1198 636 1259; x_wconf 88' lang='lat' dir='ltr'><strong>in</strong></span> <span class='ocrx_word' id='word_1_63' title='bbox 662 1195 849 1276; x_wconf 88' lang='lat' dir='ltr'><strong>voluntate,</strong></span> <span class='ocrx_word' id='word_1_64' title='bbox 879 1201 1070 1265; x_wconf 87' lang='lat' dir='ltr'><strong>necessario</strong></span> <span class='ocrx_word' id='word_1_65' title='bbox 1097 1203 1302 1286; x_wconf 88' lang='lat' dir='ltr'><strong>respondens</strong></span> <span class='ocrx_word' id='word_1_66' title='bbox 1324 1223 1437 1268; x_wconf 90' lang='lat' dir='ltr'><strong>assen-</strong></span> <span class='ocrx_word' id='word_1_67' title='bbox 1481 1213 1653 1266; x_wconf 90' lang='lat' dir='ltr'><strong>externam</strong></span> <span class='ocrx_word' id='word_1_68' title='bbox 1674 1205 1845 1268; x_wconf 88' lang='lat' dir='ltr'><strong>nobiscum</strong></span> <span class='ocrx_word' id='word_1_69' title='bbox 1866 1205 2069 1282; x_wconf 87' lang='lat' dir='ltr'><strong>morientem,</strong></span> <span class='ocrx_word' id='word_1_70' title='bbox 2091 1222 2176 1287; x_wconf 87' lang='lat' dir='ltr'><strong>quae</strong></span> <span class='ocrx_word' id='word_1_71' title='bbox 2196 1222 2264 1266; x_wconf 93' lang='lat' dir='ltr'><strong>non</strong></span> <span class='ocrx_word' id='word_1_72' title='bbox 2287 1216 2459 1271; x_wconf 84' lang='lat' dir='ltr'><strong>estaetar·</strong></span> 
     </span>
     <span class='ocr_line' id='line_1_7' title="bbox 465 1280 2467 1372; baseline 0.003 -28"><span class='ocrx_word' id='word_1_73' title='bbox 465 1281 562 1345; x_wconf 89' lang='lat' dir='ltr'><strong>sioni.</strong></span> <span class='ocrx_word' id='word_1_74' title='bbox 605 1280 732 1366; x_wconf 84' lang='lat' dir='ltr'><strong>Estque</strong></span> <span class='ocrx_word' id='word_1_75' title='bbox 752 1282 850 1346; x_wconf 87' lang='lat' dir='ltr'><strong>Fides</strong></span> <span class='ocrx_word' id='word_1_76' title='bbox 880 1286 985 1348; x_wconf 90' lang='lat' dir='ltr'><strong>virtus</strong></span> <span class='ocrx_word' id='word_1_77' title='bbox 1006 1283 1259 1370; x_wconf 89' lang='lat' dir='ltr'><strong>apprehendens</strong></span> <span class='ocrx_word' id='word_1_78' title='bbox 1280 1299 1313 1351; x_wconf 93' lang='grc' dir='ltr'><strong>ει</strong></span> <span class='ocrx_word' id='word_1_79' title='bbox 1334 1286 1437 1372; x_wconf 89' lang='lat' dir='ltr'><strong>appli-</strong></span> <span class='ocrx_word' id='word_1_80' title='bbox 1481 1308 1524 1350; x_wconf 89' lang='lat' dir='ltr'><strong>na</strong></span> <span class='ocrx_word' id='word_1_81' title='bbox 1546 1307 1607 1352; x_wconf 92' lang='grc' dir='ltr'>εειι</span> <span class='ocrx_word' id='word_1_82' title='bbox 1629 1286 1789 1351; x_wconf 89' lang='lat' dir='ltr'><strong>durabilis</strong></span> <span class='ocrx_word' id='word_1_83' title='bbox 1812 1299 1845 1350; x_wconf 89' lang='grc' dir='ltr'><strong>ει</strong></span> <span class='ocrx_word' id='word_1_84' title='bbox 1867 1298 2025 1370; x_wconf 86' lang='lat' dir='ltr'><strong>perpetua</strong></span> <span class='ocrx_word' id='word_1_85' title='bbox 2046 1288 2178 1351; x_wconf 85' lang='lat' dir='ltr'><strong>iustitia.</strong></span> <span class='ocrx_word' id='word_1_86' title='bbox 2460 1340 2467 1350; x_wconf 93' lang='lat'><strong>.</strong></span> 
     </span>
     <span class='ocr_line' id='line_1_8' title="bbox 466 1369 2457 1458; baseline 0.004 -27"><span class='ocrx_word' id='word_1_87' title='bbox 466 1383 549 1431; x_wconf 83' lang='lat' dir='ltr'><strong>oens</strong></span> <span class='ocrx_word' id='word_1_88' title='bbox 580 1369 818 1449; x_wconf 87' lang='lat' dir='ltr'><strong>promissiones</strong></span> <span class='ocrx_word' id='word_1_89' title='bbox 847 1379 881 1431; x_wconf 94' lang='grc' dir='ltr'><strong>ει</strong></span> <span class='ocrx_word' id='word_1_90' title='bbox 902 1370 1052 1452; x_wconf 86' lang='lat' dir='ltr'><strong>quietans</strong></span> <span class='ocrx_word' id='word_1_91' title='bbox 1083 1373 1204 1451; x_wconf 89' lang='lat' dir='ltr'><strong>corda,</strong></span> <span class='ocrx_word' id='word_1_92' title='bbox 1236 1374 1324 1437; x_wconf 89' lang='lat' dir='ltr'><strong>sicut</strong></span> <span class='ocrx_word' id='word_1_93' title='bbox 1355 1373 1437 1437; x_wconf 87' lang='lat' dir='ltr'><strong>satis</strong></span> <span class='ocrx_word' id='word_1_94' title='bbox 1568 1371 1637 1435; x_wconf 87' lang='lat' dir='ltr'><strong>Sed</strong></span> <span class='ocrx_word' id='word_1_95' title='bbox 1664 1390 1725 1456; x_wconf 89' lang='lat' dir='ltr'><strong>per</strong></span> <span class='ocrx_word' id='word_1_96' title='bbox 1746 1371 1902 1435; x_wconf 85' lang='lat' dir='ltr'><strong>Messinm</strong></span> <span class='ocrx_word' id='word_1_97' title='bbox 1929 1373 2048 1436; x_wconf 81' lang='lat' dir='ltr'><strong>danorr</strong></span> <span class='ocrx_word' id='word_1_98' title='bbox 2067 1371 2153 1436; x_wconf 89' lang='lat' dir='ltr'><strong>baec</strong></span> <span class='ocrx_word' id='word_1_99' title='bbox 2173 1373 2320 1458; x_wconf 82' lang='lat' dir='ltr'><strong>ingentia</strong></span> <span class='ocrx_word' id='word_1_100' title='bbox 2339 1394 2457 1439; x_wconf 86' lang='lat' dir='ltr'><strong>mnne·</strong></span> 
     </span>
     <span class='ocr_line' id='line_1_9' title="bbox 465 1451 2455 1542; baseline 0.005 -29"><span class='ocrx_word' id='word_1_101' title='bbox 465 1451 640 1534; x_wconf 86' lang='lat' dir='ltr'><strong>perspicue</strong></span> <span class='ocrx_word' id='word_1_102' title='bbox 672 1453 792 1516; x_wconf 89' lang='lat' dir='ltr'><strong>docent</strong></span> <span class='ocrx_word' id='word_1_103' title='bbox 811 1451 897 1516; x_wconf 88' lang='lat' dir='ltr'><strong>baec</strong></span> <span class='ocrx_word' id='word_1_104' title='bbox 923 1456 1043 1519; x_wconf 80' lang='lat' dir='ltr'><strong>verba:</strong></span> <span class='ocrx_word' id='word_1_105' title='bbox 1086 1453 1256 1535; x_wconf 78' lang='lat' dir='ltr'><strong>iustificati</strong></span> <span class='ocrx_word' id='word_1_106' title='bbox 1283 1455 1350 1521; x_wconf 87' lang='lat' dir='ltr'><strong>fide</strong></span> <span class='ocrx_word' id='word_1_107' title='bbox 1381 1477 1438 1542; x_wconf 87' lang='lat' dir='ltr'><strong>pa-</strong></span> <span class='ocrx_word' id='word_1_108' title='bbox 1482 1476 1530 1519; x_wconf 86' lang='lat' dir='ltr'><strong>ra.</strong></span> <span class='ocrx_word' id='word_1_109' title='bbox 1573 1455 1718 1520; x_wconf 89' lang='lat' dir='ltr'><strong>Primum</strong></span> <span class='ocrx_word' id='word_1_110' title='bbox 1739 1454 1870 1527; x_wconf 83' lang='lat' dir='ltr'><strong>Gratia,</strong></span> <span class='ocrx_word' id='word_1_111' title='bbox 1903 1457 2033 1534; x_wconf 88' lang='lat' dir='ltr'><strong>idest,</strong></span> <span class='ocrx_word' id='word_1_112' title='bbox 2064 1458 2217 1521; x_wconf 88' lang='lat' dir='ltr'><strong>remissio</strong></span> <span class='ocrx_word' id='word_1_113' title='bbox 2243 1469 2455 1540; x_wconf 83' lang='lat' dir='ltr'><strong>peccatorum</strong></span> 
     </span>
     <span class='ocr_line' id='line_1_10' title="bbox 466 1534 2456 1628; baseline 0.005 -30"><span class='ocrx_word' id='word_1_114' title='bbox 466 1553 539 1599; x_wconf 86' lang='lat' dir='ltr'><strong>corn</strong></span> <span class='ocrx_word' id='word_1_115' title='bbox 559 1534 719 1600; x_wconf 89' lang='lat' dir='ltr'><strong>habemus</strong></span> <span class='ocrx_word' id='word_1_116' title='bbox 742 1556 823 1621; x_wconf 86' lang='lat' dir='ltr'><strong>erga</strong></span> <span class='ocrx_word' id='word_1_117' title='bbox 843 1536 952 1602; x_wconf 89' lang='lat' dir='ltr'><strong>Deum</strong></span> <span class='ocrx_word' id='word_1_118' title='bbox 972 1558 1033 1622; x_wconf 90' lang='lat' dir='ltr'><strong>per</strong></span> <span class='ocrx_word' id='word_1_119' title='bbox 1053 1538 1239 1619; x_wconf 84' lang='lat' dir='ltr'><strong>Christum,</strong></span> <span class='ocrx_word' id='word_1_120' title='bbox 1260 1562 1320 1626; x_wconf 88' lang='lat' dir='ltr'><strong>per</strong></span> <span class='ocrx_word' id='word_1_121' title='bbox 1341 1560 1438 1628; x_wconf 89' lang='lat' dir='ltr'><strong>quem</strong></span> <span class='ocrx_word' id='word_1_122' title='bbox 1483 1542 1626 1625; x_wconf 88' lang='lat' dir='ltr'><strong>gratuite</strong></span> <span class='ocrx_word' id='word_1_123' title='bbox 1657 1551 1691 1603; x_wconf 94' lang='grc' dir='ltr'><strong>ει</strong></span> <span class='ocrx_word' id='word_1_124' title='bbox 1716 1542 1885 1623; x_wconf 87' lang='lat' dir='ltr'><strong>imputatio</strong></span> <span class='ocrx_word' id='word_1_125' title='bbox 1907 1542 2058 1605; x_wconf 89' lang='lat' dir='ltr'><strong>iustitiae.</strong></span> <span class='ocrx_word' id='word_1_126' title='bbox 2101 1539 2232 1605; x_wconf 86' lang='lat' dir='ltr'><strong>Deinde</strong></span> <span class='ocrx_word' id='word_1_127' title='bbox 2254 1545 2349 1607; x_wconf 77' lang='lat' dir='ltr'><strong>edam</strong></span> <span class='ocrx_word' id='word_1_128' title='bbox 2366 1545 2456 1608; x_wconf 83' lang='lat' dir='ltr'><strong>ueri·</strong></span> 
     </span>
     <span class='ocr_line' id='line_1_11' title="bbox 467 1619 2456 1710; baseline 0.005 -28"><span class='ocrx_word' id='word_1_129' title='bbox 467 1629 500 1682; x_wconf 90' lang='grc' dir='ltr'><strong>ει</strong></span> <span class='ocrx_word' id='word_1_130' title='bbox 531 1638 705 1685; x_wconf 87' lang='lat' dir='ltr'><strong>accessum</strong></span> <span class='ocrx_word' id='word_1_131' title='bbox 730 1619 891 1686; x_wconf 87' lang='lat' dir='ltr'><strong>babemus</strong></span> <span class='ocrx_word' id='word_1_132' title='bbox 912 1621 979 1687; x_wconf 90' lang='lat' dir='ltr'><strong>fide</strong></span> <span class='ocrx_word' id='word_1_133' title='bbox 999 1625 1033 1686; x_wconf 93' lang='lat' dir='ltr'><strong>in</strong></span> <span class='ocrx_word' id='word_1_134' title='bbox 1054 1626 1194 1708; x_wconf 75' lang='lat' dir='ltr'><strong>gratiam</strong></span> <span class='ocrx_word' id='word_1_135' title='bbox 1213 1623 1311 1690; x_wconf 84' lang='lat' dir='ltr'><strong>banc.</strong></span> <span class='ocrx_word' id='word_1_136' title='bbox 1355 1623 1438 1691; x_wconf 85' lang='lat' dir='ltr'><strong>Gum</strong></span> <span class='ocrx_word' id='word_1_137' title='bbox 1482 1636 1547 1703; x_wconf 83' lang='lat' dir='ltr'><strong>tas,</strong></span> <span class='ocrx_word' id='word_1_138' title='bbox 1580 1625 1698 1702; x_wconf 89' lang='lat' dir='ltr'><strong>idest,</strong></span> <span class='ocrx_word' id='word_1_139' title='bbox 1732 1644 1811 1688; x_wconf 90' lang='lat' dir='ltr'><strong>vera</strong></span> <span class='ocrx_word' id='word_1_140' title='bbox 1833 1623 1901 1703; x_wconf 88' lang='lat' dir='ltr'><strong>lux,</strong></span> <span class='ocrx_word' id='word_1_141' title='bbox 1933 1626 2057 1710; x_wconf 78' lang='lat' dir='ltr'><strong>agnitio</strong></span> <span class='ocrx_word' id='word_1_142' title='bbox 2079 1625 2159 1705; x_wconf 92' lang='lat' dir='ltr'><strong>Dei,</strong></span> <span class='ocrx_word' id='word_1_143' title='bbox 2181 1638 2215 1689; x_wconf 92' lang='grc' dir='ltr'><strong>ει</strong></span> <span class='ocrx_word' id='word_1_144' title='bbox 2235 1647 2319 1690; x_wconf 86' lang='lat' dir='ltr'><strong>vera</strong></span> <span class='ocrx_word' id='word_1_145' title='bbox 2338 1645 2379 1691; x_wconf 85' lang='lat' dir='ltr'><strong>ac</strong></span> <span class='ocrx_word' id='word_1_146' title='bbox 2400 1646 2456 1691; x_wconf 84' lang='lat' dir='ltr'><strong>se·</strong></span> 
     </span>
     <span class='ocr_line' id='line_1_12' title="bbox 465 1707 2458 1795; baseline 0.003 -26"><span class='ocrx_word' id='word_1_147' title='bbox 465 1713 575 1770; x_wconf 84' lang='lat' dir='ltr'><strong>autem</strong></span> <span class='ocrx_word' id='word_1_148' title='bbox 598 1707 736 1770; x_wconf 84' lang='lat' dir='ltr'><strong>dicimus</strong></span> <span class='ocrx_word' id='word_1_149' title='bbox 758 1708 801 1770; x_wconf 97' lang='lat' dir='ltr'><strong>de</strong></span> <span class='ocrx_word' id='word_1_150' title='bbox 821 1725 964 1771; x_wconf 89' lang='lat' dir='ltr'><strong>assensu</strong></span> <span class='ocrx_word' id='word_1_151' title='bbox 985 1709 1229 1792; x_wconf 86' lang='lat' dir='ltr'><strong>promissionis,</strong></span> <span class='ocrx_word' id='word_1_152' title='bbox 1252 1708 1439 1793; x_wconf 90' lang='lat' dir='ltr'><strong>complecti·</strong></span> <span class='ocrx_word' id='word_1_153' title='bbox 1483 1721 1578 1773; x_wconf 89' lang='lat' dir='ltr'><strong>terna</strong></span> <span class='ocrx_word' id='word_1_154' title='bbox 1598 1709 1721 1773; x_wconf 89' lang='lat' dir='ltr'><strong>iustitia</strong></span> <span class='ocrx_word' id='word_1_155' title='bbox 1746 1722 1779 1773; x_wconf 91' lang='lat' dir='ltr'><strong>et</strong></span> <span class='ocrx_word' id='word_1_156' title='bbox 1792 1714 1837 1786; x_wconf 74' lang='lat'><strong>⁶¹)</strong></span> <span class='ocrx_word' id='word_1_157' title='bbox 1869 1711 1947 1773; x_wconf 89' lang='lat' dir='ltr'><strong>vita.</strong></span> <span class='ocrx_word' id='word_1_158' title='bbox 1991 1709 2061 1773; x_wconf 88' lang='lat' dir='ltr'><strong>Etsi</strong></span> <span class='ocrx_word' id='word_1_159' title='bbox 2084 1712 2182 1795; x_wconf 91' lang='lat' dir='ltr'><strong>igitur</strong></span> <span class='ocrx_word' id='word_1_160' title='bbox 2204 1710 2344 1774; x_wconf 76' lang='lat' dir='ltr'><strong>Gratiae</strong></span> <span class='ocrx_word' id='word_1_161' title='bbox 2359 1730 2458 1775; x_wconf 84' lang='lat' dir='ltr'><strong>uoca-</strong></span> 
     </span>
     <span class='ocr_line' id='line_1_13' title="bbox 465 1790 2458 1882; baseline 0.002 -26"><span class='ocrx_word' id='word_1_162' title='bbox 465 1812 539 1856; x_wconf 90' lang='lat' dir='ltr'><strong>mur</strong></span> <span class='ocrx_word' id='word_1_163' title='bbox 571 1792 714 1856; x_wconf 88' lang='lat' dir='ltr'><strong>omnium</strong></span> <span class='ocrx_word' id='word_1_164' title='bbox 746 1790 960 1856; x_wconf 87' lang='lat' dir='ltr'><strong>articulorum</strong></span> <span class='ocrx_word' id='word_1_165' title='bbox 991 1795 1148 1876; x_wconf 90' lang='lat' dir='ltr'><strong>notitiam,</strong></span> <span class='ocrx_word' id='word_1_166' title='bbox 1170 1796 1257 1859; x_wconf 89' lang='lat' dir='ltr'><strong>etin</strong></span> <span class='ocrx_word' id='word_1_167' title='bbox 1278 1793 1438 1881; x_wconf 89' lang='lat' dir='ltr'><strong>Symbolo</strong></span> <span class='ocrx_word' id='word_1_168' title='bbox 1484 1791 1595 1857; x_wconf 91' lang='lat' dir='ltr'><strong>bulum</strong></span> <span class='ocrx_word' id='word_1_169' title='bbox 1615 1792 1780 1877; x_wconf 85' lang='lat' dir='ltr'><strong>significat</strong></span> <span class='ocrx_word' id='word_1_170' title='bbox 1801 1794 2026 1858; x_wconf 88' lang='lat' dir='ltr'><strong>remissionem</strong></span> <span class='ocrx_word' id='word_1_171' title='bbox 2047 1806 2257 1879; x_wconf 90' lang='lat' dir='ltr'><strong>peccatorum</strong></span> <span class='ocrx_word' id='word_1_172' title='bbox 2279 1797 2458 1882; x_wconf 80' lang='lat' dir='ltr'><strong>gratrtitaur</strong></span> 
     </span>
     <span class='ocr_line' id='line_1_14' title="bbox 470 1872 2459 1956; baseline 0.001 -15"><span class='ocrx_word' id='word_1_173' title='bbox 470 1876 569 1942; x_wconf 86' lang='lat' dir='ltr'><strong>ceteri</strong></span> <span class='ocrx_word' id='word_1_174' title='bbox 591 1872 719 1940; x_wconf 82' lang='lat' dir='ltr'><strong>artictrli</strong></span> <span class='ocrx_word' id='word_1_175' title='bbox 740 1873 928 1940; x_wconf 85' lang='lat' dir='ltr'><strong>referuntur</strong></span> <span class='ocrx_word' id='word_1_176' title='bbox 947 1875 1117 1941; x_wconf 75' lang='lat' dir='ltr'><strong>adhunc:</strong></span> <span class='ocrx_word' id='word_1_177' title='bbox 1144 1876 1252 1946; x_wconf 86' lang='lat' dir='ltr'><strong>Credo</strong></span> <span class='ocrx_word' id='word_1_178' title='bbox 1272 1882 1436 1944; x_wconf 88' lang='lat' dir='ltr'><strong>remissio·</strong></span> <span class='ocrx_word' id='word_1_179' title='bbox 1483 1897 1543 1941; x_wconf 92' lang='lat' dir='ltr'><strong>seu</strong></span> <span class='ocrx_word' id='word_1_180' title='bbox 1564 1879 1841 1956; x_wconf 85' lang='lat' dir='ltr'><strong>misericordiam,</strong></span> <span class='ocrx_word' id='word_1_181' title='bbox 1872 1890 1983 1943; x_wconf 91' lang='lat' dir='ltr'><strong>tamen</strong></span> <span class='ocrx_word' id='word_1_182' title='bbox 2015 1880 2112 1942; x_wconf 90' lang='lat' dir='ltr'><strong>etiam</strong></span> <span class='ocrx_word' id='word_1_183' title='bbox 2133 1876 2273 1942; x_wconf 84' lang='lat' dir='ltr'><strong>fatemur</strong></span> <span class='ocrx_word' id='word_1_184' title='bbox 2294 1880 2459 1945; x_wconf 83' lang='lat' dir='ltr'><strong>accedere</strong></span> 
     </span>
     <span class='ocr_line' id='line_1_15' title="bbox 468 1958 2458 2135; baseline 0.001 -25"><span class='ocrx_word' id='word_1_185' title='bbox 468 1958 1039 2130; x_wconf 51' lang='lat' dir='ltr'><strong>battitiiamititit</strong></span> <span class='ocrx_word' id='word_1_186' title='bbox 1052 1963 1440 2135; x_wconf 49' lang='lat' dir='ltr'><strong>ttifftmaiitti</strong></span> <span class='ocrx_word' id='word_1_187' title='bbox 1483 1962 1694 2131; x_wconf 60' lang='lat' dir='ltr'><strong>iiiiii}</strong></span> <span class='ocrx_word' id='word_1_188' title='bbox 1714 1962 1874 2125; x_wconf 55' lang='lat' dir='ltr'><strong>ittet,</strong></span> <span class='ocrx_word' id='word_1_189' title='bbox 1888 1961 2458 2131; x_wconf 53' lang='lat' dir='ltr'><strong>{Gisidiiimliiffi</strong></span> 
     </span>
     <span class='ocr_line' id='line_1_16' title="bbox 470 2127 2457 2216; baseline 0.001 -21"><span class='ocrx_word' id='word_1_190' title='bbox 470 2127 598 2195; x_wconf 76' lang='lat' dir='ltr'><strong>articuli</strong></span> <span class='ocrx_word' id='word_1_191' title='bbox 618 2128 819 2194; x_wconf 85' lang='lat' dir='ltr'><strong>reseruntur:</strong></span> <span class='ocrx_word' id='word_1_192' title='bbox 858 2129 944 2203; x_wconf 82' lang='lat' dir='ltr'><strong>Quia</strong></span> <span class='ocrx_word' id='word_1_193' title='bbox 969 2129 1056 2196; x_wconf 86' lang='lat' dir='ltr'><strong>filius</strong></span> <span class='ocrx_word' id='word_1_194' title='bbox 1079 2132 1142 2196; x_wconf 89' lang='lat' dir='ltr'><strong>Dei</strong></span> <span class='ocrx_word' id='word_1_195' title='bbox 1166 2134 1291 2198; x_wconf 89' lang='lat' dir='ltr'><strong>missus</strong></span> <span class='ocrx_word' id='word_1_196' title='bbox 1313 2144 1383 2211; x_wconf 91' lang='lat' dir='ltr'><strong>est,</strong></span> <span class='ocrx_word' id='word_1_197' title='bbox 1404 2145 1442 2197; x_wconf 91' lang='lat' dir='ltr'><strong>ut</strong></span> <span class='ocrx_word' id='word_1_198' title='bbox 1484 2128 1718 2215; x_wconf 86' lang='lat' dir='ltr'><strong>Philosophiae</strong></span> <span class='ocrx_word' id='word_1_199' title='bbox 1739 2143 1772 2195; x_wconf 91' lang='grc' dir='ltr'><strong>ει</strong></span> <span class='ocrx_word' id='word_1_200' title='bbox 1792 2129 1985 2216; x_wconf 75' lang='lat' dir='ltr'><strong>Evangelii,</strong></span> <span class='ocrx_word' id='word_1_201' title='bbox 2007 2145 2041 2197; x_wconf 93' lang='lat' dir='ltr'><strong>et</strong></span> <span class='ocrx_word' id='word_1_202' title='bbox 2061 2132 2169 2210; x_wconf 89' lang='lat' dir='ltr'><strong>finxit,</strong></span> <span class='ocrx_word' id='word_1_203' title='bbox 2190 2146 2226 2197; x_wconf 92' lang='lat' dir='ltr'><strong>ut</strong></span> <span class='ocrx_word' id='word_1_204' title='bbox 2248 2134 2281 2196; x_wconf 90' lang='lat' dir='ltr'><strong>in</strong></span> <span class='ocrx_word' id='word_1_205' title='bbox 2304 2131 2457 2197; x_wconf 88' lang='lat' dir='ltr'><strong>Philoso-</strong></span> 
     </span>
     <span class='ocr_line' id='line_1_17' title="bbox 469 2213 2460 2304; baseline 0.003 -27"><span class='ocrx_word' id='word_1_206' title='bbox 469 2213 610 2279; x_wconf 88' lang='lat' dir='ltr'><strong>loannes</strong></span> <span class='ocrx_word' id='word_1_207' title='bbox 632 2215 678 2294; x_wconf 88' lang='lat' dir='ltr'><strong>[l.</strong></span> <span class='ocrx_word' id='word_1_208' title='bbox 691 2234 742 2298; x_wconf 86' lang='lat' dir='ltr'><strong>ep.</strong></span> <span class='ocrx_word' id='word_1_209' title='bbox 754 2213 785 2276; x_wconf 86' lang='grc'><strong>3.</strong></span> <span class='ocrx_word' id='word_1_210' title='bbox 796 2214 842 2295; x_wconf 88' lang='grc'><strong>8.]</strong></span> <span class='ocrx_word' id='word_1_211' title='bbox 864 2216 984 2302; x_wconf 89' lang='lat' dir='ltr'><strong>inquit,</strong></span> <span class='ocrx_word' id='word_1_212' title='bbox 1015 2229 1052 2281; x_wconf 90' lang='lat' dir='ltr'><strong>ut</strong></span> <span class='ocrx_word' id='word_1_213' title='bbox 1072 2218 1220 2283; x_wconf 82' lang='lat' dir='ltr'><strong>destnrat</strong></span> <span class='ocrx_word' id='word_1_214' title='bbox 1240 2238 1343 2302; x_wconf 89' lang='lat' dir='ltr'><strong>opera</strong></span> <span class='ocrx_word' id='word_1_215' title='bbox 1362 2218 1441 2283; x_wconf 88' lang='lat' dir='ltr'><strong>Dia·</strong></span> <span class='ocrx_word' id='word_1_216' title='bbox 1483 2216 1573 2299; x_wconf 90' lang='lat' dir='ltr'><strong>pbia,</strong></span> <span class='ocrx_word' id='word_1_217' title='bbox 1604 2214 1755 2279; x_wconf 91' lang='lat' dir='ltr'><strong>homines</strong></span> <span class='ocrx_word' id='word_1_218' title='bbox 1787 2219 1883 2280; x_wconf 88' lang='lat' dir='ltr'><strong>etiam</strong></span> <span class='ocrx_word' id='word_1_219' title='bbox 1915 2218 1988 2281; x_wconf 90' lang='lat' dir='ltr'><strong>siue</strong></span> <span class='ocrx_word' id='word_1_220' title='bbox 2010 2216 2134 2301; x_wconf 85' lang='lat' dir='ltr'><strong>Spiritu</strong></span> <span class='ocrx_word' id='word_1_221' title='bbox 2166 2229 2283 2281; x_wconf 88' lang='lat' dir='ltr'><strong>sancto</strong></span> <span class='ocrx_word' id='word_1_222' title='bbox 2305 2215 2377 2304; x_wconf 91' lang='lat' dir='ltr'><strong>legi</strong></span> <span class='ocrx_word' id='word_1_223' title='bbox 2397 2215 2460 2282; x_wconf 84' lang='lat' dir='ltr'><strong>Dei</strong></span> 
     </span>
     <span class='ocr_line' id='line_1_18' title="bbox 469 2296 2458 2386; baseline 0.001 -22"><span class='ocrx_word' id='word_1_224' title='bbox 469 2296 554 2378; x_wconf 91' lang='lat' dir='ltr'><strong>boli,</strong></span> <span class='ocrx_word' id='word_1_225' title='bbox 585 2300 619 2365; x_wconf 88' lang='lat' dir='ltr'><strong>id</strong></span> <span class='ocrx_word' id='word_1_226' title='bbox 640 2309 705 2377; x_wconf 91' lang='grc' dir='ltr'>εει,</span> <span class='ocrx_word' id='word_1_227' title='bbox 726 2297 822 2363; x_wconf 93' lang='lat' dir='ltr'><strong>tollat</strong></span> <span class='ocrx_word' id='word_1_228' title='bbox 841 2312 1031 2383; x_wconf 79' lang='lat' dir='ltr'><strong>peccattrm,</strong></span> <span class='ocrx_word' id='word_1_229' title='bbox 1053 2314 1087 2366; x_wconf 90' lang='grc' dir='ltr'><strong>ει</strong></span> <span class='ocrx_word' id='word_1_230' title='bbox 1098 2305 1145 2382; x_wconf 77' lang='lat'><strong>⁶⁹)</strong></span> <span class='ocrx_word' id='word_1_231' title='bbox 1169 2305 1331 2370; x_wconf 78' lang='lat' dir='ltr'><strong>instauret</strong></span> <span class='ocrx_word' id='word_1_232' title='bbox 1350 2304 1441 2369; x_wconf 87' lang='lat' dir='ltr'><strong>iusti·</strong></span> <span class='ocrx_word' id='word_1_233' title='bbox 1486 2297 1680 2364; x_wconf 82' lang='lat' dir='ltr'><strong>satisfacere</strong></span> <span class='ocrx_word' id='word_1_234' title='bbox 1700 2321 1813 2385; x_wconf 89' lang='lat' dir='ltr'><strong>posse,</strong></span> <span class='ocrx_word' id='word_1_235' title='bbox 1836 2312 1961 2365; x_wconf 84' lang='lat' dir='ltr'><strong>eteam</strong></span> <span class='ocrx_word' id='word_1_236' title='bbox 1981 2299 2188 2386; x_wconf 87' lang='lat' dir='ltr'><strong>disciplinam</strong></span> <span class='ocrx_word' id='word_1_237' title='bbox 2209 2321 2288 2365; x_wconf 88' lang='lat' dir='ltr'><strong>esse</strong></span> <span class='ocrx_word' id='word_1_238' title='bbox 2301 2303 2458 2367; x_wconf 82' lang='lat' dir='ltr'><strong>iustitiam</strong></span> 
     </span>
     <span class='ocr_line' id='line_1_19' title="bbox 468 2383 2457 2470; baseline 0.002 -22"><span class='ocrx_word' id='word_1_239' title='bbox 468 2383 546 2448; x_wconf 88' lang='lat' dir='ltr'><strong>tiam</strong></span> <span class='ocrx_word' id='word_1_240' title='bbox 567 2393 601 2449; x_wconf 90' lang='lat' dir='ltr'><strong>et</strong></span> <span class='ocrx_word' id='word_1_241' title='bbox 620 2385 722 2448; x_wconf 85' lang='lat' dir='ltr'><strong>vitam</strong></span> <span class='ocrx_word' id='word_1_242' title='bbox 742 2397 920 2449; x_wconf 87' lang='lat' dir='ltr'><strong>aeternam.</strong></span> <span class='ocrx_word' id='word_1_243' title='bbox 1485 2384 1578 2449; x_wconf 82' lang='lat' dir='ltr'><strong>Euan</strong></span> <span class='ocrx_word' id='word_1_244' title='bbox 1604 2384 1670 2461; x_wconf 91' lang='lat' dir='ltr'><strong>elii,</strong></span> <span class='ocrx_word' id='word_1_245' title='bbox 1691 2404 1754 2450; x_wconf 92' lang='lat' dir='ltr'><strong>nec</strong></span> <span class='ocrx_word' id='word_1_246' title='bbox 1776 2405 1860 2468; x_wconf 89' lang='lat' dir='ltr'><strong>opus</strong></span> <span class='ocrx_word' id='word_1_247' title='bbox 1882 2405 1960 2449; x_wconf 89' lang='lat' dir='ltr'><strong>esse</strong></span> <span class='ocrx_word' id='word_1_248' title='bbox 1983 2387 2159 2450; x_wconf 86' lang='lat' dir='ltr'><strong>donatione</strong></span> <span class='ocrx_word' id='word_1_249' title='bbox 2176 2385 2320 2470; x_wconf 90' lang='lat' dir='ltr'><strong>Spiritus</strong></span> <span class='ocrx_word' id='word_1_250' title='bbox 2343 2387 2457 2452; x_wconf 84' lang='lat' dir='ltr'><strong>sancti.</strong></span> 
     </span>
     <span class='ocr_line' id='line_1_20' title="bbox 1486 2468 2457 2554; baseline 0.002 -21"><span class='ocrx_word' id='word_1_251' title='bbox 1486 2468 1556 2534; x_wconf 86' lang='lat' dir='ltr'><strong>llos</strong></span> <span class='ocrx_word' id='word_1_252' title='bbox 1638 2490 1715 2533; x_wconf 88' lang='lat' dir='ltr'><strong>ores</strong></span> <span class='ocrx_word' id='word_1_253' title='bbox 1747 2472 1955 2547; x_wconf 83' lang='lat' dir='ltr'><strong>damnamus,</strong></span> <span class='ocrx_word' id='word_1_254' title='bbox 1987 2471 2063 2554; x_wconf 89' lang='lat' dir='ltr'><strong>quia</strong></span> <span class='ocrx_word' id='word_1_255' title='bbox 2095 2482 2184 2535; x_wconf 88' lang='lat' dir='ltr'><strong>certe</strong></span> <span class='ocrx_word' id='word_1_256' title='bbox 2204 2491 2330 2535; x_wconf 88' lang='lat' dir='ltr'><strong>novam</strong></span> <span class='ocrx_word' id='word_1_257' title='bbox 2353 2484 2387 2536; x_wconf 88' lang='lat' dir='ltr'><strong>et</strong></span> <span class='ocrx_word' id='word_1_258' title='bbox 2407 2491 2457 2535; x_wconf 85' lang='lat' dir='ltr'><strong>ae·</strong></span> 
     </span>
    </p>

    <p class='ocr_par' dir='ltr' id='par_1_3' title="bbox 1485 2552 2458 2639">
     <span class='ocr_line' id='line_1_21' title="bbox 1485 2552 2458 2639; baseline 0.002 -22"><span class='ocrx_word' id='word_1_259' title='bbox 1485 2565 1612 2618; x_wconf 86' lang='lat' dir='ltr'><strong>ternam</strong></span> <span class='ocrx_word' id='word_1_260' title='bbox 1643 2555 1745 2619; x_wconf 89' lang='lat' dir='ltr'><strong>vitam</strong></span> <span class='ocrx_word' id='word_1_261' title='bbox 1778 2552 1926 2618; x_wconf 90' lang='lat' dir='ltr'><strong>inchoari</strong></span> <span class='ocrx_word' id='word_1_262' title='bbox 1958 2553 2013 2618; x_wconf 92' lang='lat' dir='ltr'><strong>hic</strong></span> <span class='ocrx_word' id='word_1_263' title='bbox 2045 2568 2188 2639; x_wconf 88' lang='lat' dir='ltr'><strong>oportet,</strong></span> <span class='ocrx_word' id='word_1_264' title='bbox 2221 2557 2311 2639; x_wconf 91' lang='lat' dir='ltr'><strong>quod</strong></span> <span class='ocrx_word' id='word_1_265' title='bbox 2334 2577 2404 2620; x_wconf 92' lang='lat' dir='ltr'><strong>non</strong></span> <span class='ocrx_word' id='word_1_266' title='bbox 2424 2554 2458 2619; x_wconf 86' lang='lat' dir='ltr'><strong>tit</strong></span> 
     </span>
    </p>

    <p class='ocr_par' dir='ltr' id='par_1_4' title="bbox 675 2635 2457 2723">
     <span class='ocr_line' id='line_1_22' title="bbox 675 2635 2457 2723; baseline 0.002 -22"><span class='ocrx_word' id='word_1_267' title='bbox 675 2635 736 2701; x_wconf 89' lang='lat' dir='ltr'><strong>DE</strong></span> <span class='ocrx_word' id='word_1_268' title='bbox 761 2635 1006 2703; x_wconf 78' lang='lat' dir='ltr'><strong>VOCABULO</strong></span> <span class='ocrx_word' id='word_1_269' title='bbox 1032 2638 1237 2706; x_wconf 76' lang='lat' dir='ltr'><strong>GRATlAE.</strong></span> <span class='ocrx_word' id='word_1_270' title='bbox 1486 2641 1557 2703; x_wconf 88' lang='lat' dir='ltr'><strong>sine</strong></span> <span class='ocrx_word' id='word_1_271' title='bbox 1579 2639 1702 2723; x_wconf 87' lang='lat' dir='ltr'><strong>Spiritu</strong></span> <span class='ocrx_word' id='word_1_272' title='bbox 1723 2651 1856 2717; x_wconf 88' lang='lat' dir='ltr'><strong>sancto,</strong></span> <span class='ocrx_word' id='word_1_273' title='bbox 1882 2650 1918 2705; x_wconf 88' lang='lat' dir='ltr'><strong>ut</strong></span> <span class='ocrx_word' id='word_1_274' title='bbox 1949 2642 2075 2723; x_wconf 90' lang='lat' dir='ltr'><strong>passim</strong></span> <span class='ocrx_word' id='word_1_275' title='bbox 2096 2638 2240 2704; x_wconf 87' lang='lat' dir='ltr'><strong>clamitat</strong></span> <span class='ocrx_word' id='word_1_276' title='bbox 2260 2661 2330 2703; x_wconf 84' lang='lat' dir='ltr'><strong>vox</strong></span> <span class='ocrx_word' id='word_1_277' title='bbox 2353 2637 2457 2705; x_wconf 82' lang='lat' dir='ltr'><strong>coele·</strong></span> 
     </span>
    </p>

    <p class='ocr_par' dir='ltr' id='par_1_5' title="bbox 1182 2721 2066 2807">
     <span class='ocr_line' id='line_1_23' title="bbox 1182 2721 2066 2807; baseline 0.002 -21"><span class='ocrx_word' id='word_1_278' title='bbox 1182 2726 1186 2736; x_wconf 89' lang='lat'>&#39;</span> <span class='ocrx_word' id='word_1_279' title='bbox 1486 2726 1547 2787; x_wconf 87' lang='lat' dir='ltr'><strong>stis</strong></span> <span class='ocrx_word' id='word_1_280' title='bbox 1569 2725 1602 2786; x_wconf 91' lang='lat' dir='ltr'><strong>in</strong></span> <span class='ocrx_word' id='word_1_281' title='bbox 1624 2721 1804 2807; x_wconf 84' lang='lat' dir='ltr'><strong>Evangelio</strong></span> <span class='ocrx_word' id='word_1_282' title='bbox 1827 2735 1861 2787; x_wconf 93' lang='grc' dir='ltr'><strong>ει</strong></span> <span class='ocrx_word' id='word_1_283' title='bbox 1881 2721 2066 2805; x_wconf 84' lang='lat' dir='ltr'><strong>Prophetis.</strong></span> 
     </span>
    </p>

    <p class='ocr_par' dir='ltr' id='par_1_6' title="bbox 436 2804 2459 3995">
     <span class='ocr_line' id='line_1_24' title="bbox 534 2804 2457 2891; baseline 0.001 -20"><span class='ocrx_word' id='word_1_284' title='bbox 534 2807 642 2871; x_wconf 85' lang='lat' dir='ltr'><strong>Etiam</strong></span> <span class='ocrx_word' id='word_1_285' title='bbox 663 2804 856 2890; x_wconf 88' lang='lat' dir='ltr'><strong>Philosophi</strong></span> <span class='ocrx_word' id='word_1_286' title='bbox 878 2806 1030 2870; x_wconf 85' lang='lat' dir='ltr'><strong>viderunt</strong></span> <span class='ocrx_word' id='word_1_287' title='bbox 1051 2807 1267 2873; x_wconf 85' lang='lat' dir='ltr'><strong>excellentem</strong></span> <span class='ocrx_word' id='word_1_288' title='bbox 1289 2811 1442 2873; x_wconf 84' lang='lat' dir='ltr'><strong>virtutem</strong></span> <span class='ocrx_word' id='word_1_289' title='bbox 1572 2806 1623 2871; x_wconf 91' lang='lat' dir='ltr'><strong>Sit</strong></span> <span class='ocrx_word' id='word_1_290' title='bbox 1642 2809 1740 2891; x_wconf 89' lang='lat' dir='ltr'><strong>igitur</strong></span> <span class='ocrx_word' id='word_1_291' title='bbox 1758 2807 1841 2873; x_wconf 89' lang='lat' dir='ltr'><strong>haec</strong></span> <span class='ocrx_word' id='word_1_292' title='bbox 1860 2807 2001 2873; x_wconf 87' lang='lat' dir='ltr'><strong>definitio</strong></span> <span class='ocrx_word' id='word_1_293' title='bbox 2024 2807 2172 2873; x_wconf 88' lang='lat' dir='ltr'><strong>Gratiae:</strong></span> <span class='ocrx_word' id='word_1_294' title='bbox 2197 2807 2315 2872; x_wconf 88' lang='lat' dir='ltr'><strong>Gratia</strong></span> <span class='ocrx_word' id='word_1_295' title='bbox 2336 2822 2391 2873; x_wconf 90' lang='lat' dir='ltr'><strong>est</strong></span> <span class='ocrx_word' id='word_1_296' title='bbox 2411 2828 2457 2872; x_wconf 83' lang='lat' dir='ltr'><strong>re·</strong></span> 
     </span>
     <span class='ocr_line' id='line_1_25' title="bbox 471 2891 2457 2978; baseline 0.001 -22"><span class='ocrx_word' id='word_1_297' title='bbox 471 2912 540 2957; x_wconf 90' lang='lat' dir='ltr'><strong>non</strong></span> <span class='ocrx_word' id='word_1_298' title='bbox 560 2893 704 2956; x_wconf 86' lang='lat' dir='ltr'><strong>existere</strong></span> <span class='ocrx_word' id='word_1_299' title='bbox 725 2893 796 2955; x_wconf 90' lang='lat' dir='ltr'><strong>sine</strong></span> <span class='ocrx_word' id='word_1_300' title='bbox 812 2904 904 2955; x_wconf 91' lang='lat' dir='ltr'><strong>motu</strong></span> <span class='ocrx_word' id='word_1_301' title='bbox 926 2892 1054 2970; x_wconf 90' lang='lat' dir='ltr'><strong>divino,</strong></span> <span class='ocrx_word' id='word_1_302' title='bbox 1076 2905 1113 2957; x_wconf 92' lang='lat' dir='ltr'><strong>ut</strong></span> <span class='ocrx_word' id='word_1_303' title='bbox 1133 2892 1289 2958; x_wconf 84' lang='lat' dir='ltr'><strong>fortitudo</strong></span> <span class='ocrx_word' id='word_1_304' title='bbox 1310 2896 1343 2957; x_wconf 88' lang='lat' dir='ltr'><strong>in</strong></span> <span class='ocrx_word' id='word_1_305' title='bbox 1365 2892 1442 2957; x_wconf 86' lang='lat' dir='ltr'><strong>Ale-</strong></span> <span class='ocrx_word' id='word_1_306' title='bbox 1486 2893 1599 2956; x_wconf 87' lang='lat' dir='ltr'><strong>missio</strong></span> <span class='ocrx_word' id='word_1_307' title='bbox 1621 2903 1850 2975; x_wconf 90' lang='lat' dir='ltr'><strong>peccatorum,</strong></span> <span class='ocrx_word' id='word_1_308' title='bbox 1882 2912 1943 2957; x_wconf 88' lang='lat' dir='ltr'><strong>seu</strong></span> <span class='ocrx_word' id='word_1_309' title='bbox 1965 2895 2188 2957; x_wconf 84' lang='lat' dir='ltr'><strong>misericordia</strong></span> <span class='ocrx_word' id='word_1_310' title='bbox 2209 2905 2347 2978; x_wconf 91' lang='lat' dir='ltr'><strong>propter</strong></span> <span class='ocrx_word' id='word_1_311' title='bbox 2368 2891 2457 2958; x_wconf 79' lang='lat' dir='ltr'><strong>Chri·</strong></span> 
     </span>
     <span class='ocr_line' id='line_1_26' title="bbox 471 2976 2455 3064; baseline -0.001 -21"><span class='ocrx_word' id='word_1_312' title='bbox 471 2978 599 3043; x_wconf 89' lang='lat' dir='ltr'><strong>xandro</strong></span> <span class='ocrx_word' id='word_1_313' title='bbox 632 2977 760 3041; x_wconf 88' lang='lat' dir='ltr'><strong>divinus</strong></span> <span class='ocrx_word' id='word_1_314' title='bbox 790 2978 930 3059; x_wconf 87' lang='lat' dir='ltr'><strong>impetus</strong></span> <span class='ocrx_word' id='word_1_315' title='bbox 961 2988 1043 3039; x_wconf 82' lang='lat' dir='ltr'><strong>erat.</strong></span> <span class='ocrx_word' id='word_1_316' title='bbox 1086 2976 1180 3043; x_wconf 87' lang='lat' dir='ltr'><strong>Hanc</strong></span> <span class='ocrx_word' id='word_1_317' title='bbox 1203 2982 1309 3043; x_wconf 91' lang='lat' dir='ltr'><strong>secuti</strong></span> <span class='ocrx_word' id='word_1_318' title='bbox 1328 2979 1442 3064; x_wconf 89' lang='lat' dir='ltr'><strong>imagi·</strong></span> <span class='ocrx_word' id='word_1_319' title='bbox 1486 2989 1574 3041; x_wconf 88' lang='lat' dir='ltr'><strong>stum</strong></span> <span class='ocrx_word' id='word_1_320' title='bbox 1595 2978 1775 3061; x_wconf 86' lang='lat' dir='ltr'><strong>promissa,</strong></span> <span class='ocrx_word' id='word_1_321' title='bbox 1804 2996 1865 3041; x_wconf 91' lang='lat' dir='ltr'><strong>seu</strong></span> <span class='ocrx_word' id='word_1_322' title='bbox 1886 2980 2072 3060; x_wconf 87' lang='lat' dir='ltr'><strong>acceptatio</strong></span> <span class='ocrx_word' id='word_1_323' title='bbox 2094 2980 2245 3062; x_wconf 85' lang='lat' dir='ltr'><strong>gratuita,</strong></span> <span class='ocrx_word' id='word_1_324' title='bbox 2279 2998 2381 3062; x_wconf 87' lang='lat' dir='ltr'><strong>quarn</strong></span> <span class='ocrx_word' id='word_1_325' title='bbox 2401 2997 2455 3042; x_wconf 90' lang='lat' dir='ltr'><strong>ne·</strong></span> 
     </span>
     <span class='ocr_line' id='line_1_27' title="bbox 470 3059 2457 3147; baseline -0.001 -20"><span class='ocrx_word' id='word_1_326' title='bbox 470 3063 637 3127; x_wconf 87' lang='lat' dir='ltr'><strong>nationem</strong></span> <span class='ocrx_word' id='word_1_327' title='bbox 669 3059 825 3125; x_wconf 86' lang='lat' dir='ltr'><strong>Monacbi</strong></span> <span class='ocrx_word' id='word_1_328' title='bbox 863 3059 1010 3124; x_wconf 86' lang='lat' dir='ltr'><strong>Gratiam</strong></span> <span class='ocrx_word' id='word_1_329' title='bbox 1048 3073 1174 3127; x_wconf 90' lang='lat' dir='ltr'><strong>tanturn</strong></span> <span class='ocrx_word' id='word_1_330' title='bbox 1211 3061 1444 3127; x_wconf 88' lang='lat' dir='ltr'><strong>intellexerunt</strong></span> <span class='ocrx_word' id='word_1_331' title='bbox 1488 3062 1636 3125; x_wconf 90' lang='lat' dir='ltr'><strong>cessario</strong></span> <span class='ocrx_word' id='word_1_332' title='bbox 1670 3062 1841 3125; x_wconf 90' lang='lat' dir='ltr'><strong>comitatur</strong></span> <span class='ocrx_word' id='word_1_333' title='bbox 1873 3064 2005 3126; x_wconf 89' lang='lat' dir='ltr'><strong>donatio</strong></span> <span class='ocrx_word' id='word_1_334' title='bbox 2037 3064 2178 3147; x_wconf 89' lang='lat' dir='ltr'><strong>Spiritus</strong></span> <span class='ocrx_word' id='word_1_335' title='bbox 2210 3063 2327 3127; x_wconf 90' lang='lat' dir='ltr'><strong>sancti.</strong></span> <span class='ocrx_word' id='word_1_336' title='bbox 2388 3063 2457 3126; x_wconf 86' lang='lat' dir='ltr'><strong>Nec</strong></span> 
     </span>
     <span class='ocr_line' id='line_1_28' title="bbox 470 3143 2456 3231; baseline -0.001 -20"><span class='ocrx_word' id='word_1_337' title='bbox 470 3165 578 3211; x_wconf 89' lang='lat' dir='ltr'><strong>novas</strong></span> <span class='ocrx_word' id='word_1_338' title='bbox 597 3146 738 3210; x_wconf 83' lang='lat' dir='ltr'><strong>uirtutes</strong></span> <span class='ocrx_word' id='word_1_339' title='bbox 762 3165 783 3209; x_wconf 99' lang='lat' dir='ltr'><strong>a</strong></span> <span class='ocrx_word' id='word_1_340' title='bbox 805 3143 929 3227; x_wconf 89' lang='lat' dir='ltr'><strong>Spiritu</strong></span> <span class='ocrx_word' id='word_1_341' title='bbox 950 3156 1068 3210; x_wconf 88' lang='lat' dir='ltr'><strong>sancto</strong></span> <span class='ocrx_word' id='word_1_342' title='bbox 1089 3150 1261 3212; x_wconf 83' lang='lat' dir='ltr'><strong>excitatas.</strong></span> <span class='ocrx_word' id='word_1_343' title='bbox 1304 3147 1444 3212; x_wconf 86' lang='lat' dir='ltr'><strong>Etcum</strong></span> <span class='ocrx_word' id='word_1_344' title='bbox 1488 3143 1622 3210; x_wconf 83' lang='lat' dir='ltr'><strong>difficile</strong></span> <span class='ocrx_word' id='word_1_345' title='bbox 1643 3157 1696 3210; x_wconf 90' lang='lat' dir='ltr'><strong>est</strong></span> <span class='ocrx_word' id='word_1_346' title='bbox 1715 3146 1861 3210; x_wconf 88' lang='lat' dir='ltr'><strong>iudicare</strong></span> <span class='ocrx_word' id='word_1_347' title='bbox 1883 3147 1925 3210; x_wconf 89' lang='lat' dir='ltr'><strong>de</strong></span> <span class='ocrx_word' id='word_1_348' title='bbox 1947 3146 2111 3212; x_wconf 83' lang='lat' dir='ltr'><strong>vocabulo</strong></span> <span class='ocrx_word' id='word_1_349' title='bbox 2133 3149 2190 3225; x_wconf 88' lang='lat' dir='ltr'><strong>iis,</strong></span> <span class='ocrx_word' id='word_1_350' title='bbox 2220 3149 2336 3231; x_wconf 82' lang='lat' dir='ltr'><strong>quibos</strong></span> <span class='ocrx_word' id='word_1_351' title='bbox 2357 3145 2456 3229; x_wconf 86' lang='lat' dir='ltr'><strong>phra-</strong></span> 
     </span>
     <span class='ocr_line' id='line_1_29' title="bbox 471 3229 2458 3317; baseline -0.001 -21"><span class='ocrx_word' id='word_1_352' title='bbox 471 3232 591 3296; x_wconf 91' lang='lat' dir='ltr'><strong>dicitur</strong></span> <span class='ocrx_word' id='word_1_353' title='bbox 611 3232 768 3317; x_wconf 66' lang='lat' dir='ltr'><strong>accipiit)</strong></span> <span class='ocrx_word' id='word_1_354' title='bbox 789 3232 1017 3295; x_wconf 89' lang='lat' dir='ltr'><strong>remissionem</strong></span> <span class='ocrx_word' id='word_1_355' title='bbox 1037 3247 1097 3316; x_wconf 88' lang='lat' dir='ltr'><strong>per</strong></span> <span class='ocrx_word' id='word_1_356' title='bbox 1115 3231 1273 3311; x_wconf 88' lang='lat' dir='ltr'><strong>Gratiam,</strong></span> <span class='ocrx_word' id='word_1_357' title='bbox 1293 3234 1344 3298; x_wconf 87' lang='lat' dir='ltr'><strong>sic</strong></span> <span class='ocrx_word' id='word_1_358' title='bbox 1365 3244 1444 3297; x_wconf 89' lang='lat' dir='ltr'><strong>sunt</strong></span> <span class='ocrx_word' id='word_1_359' title='bbox 1488 3233 1536 3295; x_wconf 89' lang='lat' dir='ltr'><strong>sis</strong></span> <span class='ocrx_word' id='word_1_360' title='bbox 1557 3230 1722 3295; x_wconf 83' lang='lat' dir='ltr'><strong>Hebraico</strong></span> <span class='ocrx_word' id='word_1_361' title='bbox 1753 3241 1832 3295; x_wconf 89' lang='lat' dir='ltr'><strong>nota</strong></span> <span class='ocrx_word' id='word_1_362' title='bbox 1863 3242 1925 3294; x_wconf 90' lang='grc' dir='ltr'>εει.</span> <span class='ocrx_word' id='word_1_363' title='bbox 1970 3231 2142 3317; x_wconf 87' lang='lat' dir='ltr'><strong>Significat</strong></span> <span class='ocrx_word' id='word_1_364' title='bbox 2175 3234 2263 3297; x_wconf 91' lang='lat' dir='ltr'><strong>euim</strong></span> <span class='ocrx_word' id='word_1_365' title='bbox 2292 3229 2458 3304; x_wconf 78' lang='lat' dir='ltr'><strong>Hebraico</strong></span> 
     </span>
     <span class='ocr_line' id='line_1_30' title="bbox 471 3312 2458 3400; baseline -0.002 -19"><span class='ocrx_word' id='word_1_366' title='bbox 471 3317 693 3400; x_wconf 67' lang='lat' dir='ltr'><strong>interpretatis</strong></span> <span class='ocrx_word' id='word_1_367' title='bbox 716 3315 835 3399; x_wconf 83' lang='lat' dir='ltr'><strong>Accipi</strong></span> <span class='ocrx_word' id='word_1_368' title='bbox 857 3336 930 3379; x_wconf 87' lang='lat' dir='ltr'><strong>eam</strong></span> <span class='ocrx_word' id='word_1_369' title='bbox 950 3314 1169 3400; x_wconf 86' lang='lat' dir='ltr'><strong>propterillas</strong></span> <span class='ocrx_word' id='word_1_370' title='bbox 1182 3319 1329 3382; x_wconf 88' lang='lat' dir='ltr'><strong>virtutes.</strong></span> <span class='ocrx_word' id='word_1_371' title='bbox 1351 3318 1444 3381; x_wconf 89' lang='lat' dir='ltr'><strong>llaec</strong></span> <span class='ocrx_word' id='word_1_372' title='bbox 1489 3337 1555 3381; x_wconf 88' lang='lat' dir='ltr'><strong>vox</strong></span> <span class='ocrx_word' id='word_1_373' title='bbox 1576 3334 1678 3398; x_wconf 92' lang='lat' dir='ltr'><strong>saepe</strong></span> <span class='ocrx_word' id='word_1_374' title='bbox 1700 3312 1864 3394; x_wconf 86' lang='lat' dir='ltr'><strong>savorem,</strong></span> <span class='ocrx_word' id='word_1_375' title='bbox 1885 3317 2047 3381; x_wconf 87' lang='lat' dir='ltr'><strong>interdum</strong></span> <span class='ocrx_word' id='word_1_376' title='bbox 2068 3318 2165 3382; x_wconf 89' lang='lat' dir='ltr'><strong>etiam</strong></span> <span class='ocrx_word' id='word_1_377' title='bbox 2186 3316 2319 3381; x_wconf 90' lang='lat' dir='ltr'><strong>donum.</strong></span> <span class='ocrx_word' id='word_1_378' title='bbox 2359 3315 2458 3380; x_wconf 79' lang='lat' dir='ltr'><strong>Nunc</strong></span> 
     </span>
     <span class='ocr_line' id='line_1_31' title="bbox 472 3398 2459 3485; baseline -0.001 -21"><span class='ocrx_word' id='word_1_379' title='bbox 472 3401 698 3484; x_wconf 88' lang='lat' dir='ltr'><strong>interpretatio</strong></span> <span class='ocrx_word' id='word_1_380' title='bbox 726 3420 863 3485; x_wconf 89' lang='lat' dir='ltr'><strong>prorsus</strong></span> <span class='ocrx_word' id='word_1_381' title='bbox 889 3412 1017 3485; x_wconf 85' lang='lat' dir='ltr'><strong>pugnat</strong></span> <span class='ocrx_word' id='word_1_382' title='bbox 1044 3421 1119 3464; x_wconf 90' lang='lat' dir='ltr'><strong>cum</strong></span> <span class='ocrx_word' id='word_1_383' title='bbox 1139 3400 1255 3467; x_wconf 82' lang='lat' dir='ltr'><strong>Paulo.</strong></span> <span class='ocrx_word' id='word_1_384' title='bbox 1286 3401 1380 3467; x_wconf 50' lang='lat' dir='ltr'><strong>¹ltem</strong></span> <span class='ocrx_word' id='word_1_385' title='bbox 1402 3404 1445 3466; x_wconf 91' lang='lat' dir='ltr'><strong>de</strong></span> <span class='ocrx_word' id='word_1_386' title='bbox 1489 3401 1677 3466; x_wconf 89' lang='lat' dir='ltr'><strong>testimonia</strong></span> <span class='ocrx_word' id='word_1_387' title='bbox 1697 3399 1861 3478; x_wconf 89' lang='lat' dir='ltr'><strong>adiiciam,</strong></span> <span class='ocrx_word' id='word_1_388' title='bbox 1890 3421 1975 3485; x_wconf 91' lang='lat' dir='ltr'><strong>qnae</strong></span> <span class='ocrx_word' id='word_1_389' title='bbox 1995 3411 2160 3464; x_wconf 87' lang='lat' dir='ltr'><strong>testantur</strong></span> <span class='ocrx_word' id='word_1_390' title='bbox 2180 3401 2322 3485; x_wconf 88' lang='lat' dir='ltr'><strong>gratiam</strong></span> <span class='ocrx_word' id='word_1_391' title='bbox 2341 3401 2376 3464; x_wconf 87' lang='lat' dir='ltr'><strong>in</strong></span> <span class='ocrx_word' id='word_1_392' title='bbox 2395 3398 2459 3462; x_wconf 83' lang='lat' dir='ltr'><strong>buc</strong></span> 
     </span>
     <span class='ocr_line' id='line_1_32' title="bbox 472 3483 2457 3574; baseline 0 -26"><span class='ocrx_word' id='word_1_393' title='bbox 472 3483 539 3549; x_wconf 85' lang='lat' dir='ltr'><strong>fide</strong></span> <span class='ocrx_word' id='word_1_394' title='bbox 569 3503 631 3552; x_wconf 84' lang='lat' dir='ltr'><strong>seu</strong></span> <span class='ocrx_word' id='word_1_395' title='bbox 658 3484 780 3550; x_wconf 86' lang='lat' dir='ltr'><strong>fiducia</strong></span> <span class='ocrx_word' id='word_1_396' title='bbox 812 3487 845 3548; x_wconf 91' lang='lat' dir='ltr'><strong>in</strong></span> <span class='ocrx_word' id='word_1_397' title='bbox 867 3483 1033 3549; x_wconf 84' lang='lat' dir='ltr'><strong>Christum</strong></span> <span class='ocrx_word' id='word_1_398' title='bbox 1062 3497 1119 3549; x_wconf 90' lang='lat' dir='ltr'><strong>aut</strong></span> <span class='ocrx_word' id='word_1_399' title='bbox 1139 3486 1261 3551; x_wconf 86' lang='lat' dir='ltr'><strong>fiducia</strong></span> <span class='ocrx_word' id='word_1_400' title='bbox 1282 3488 1444 3574; x_wconf 85' lang='lat' dir='ltr'><strong>gratuitae</strong></span> <span class='ocrx_word' id='word_1_401' title='bbox 1488 3487 1683 3570; x_wconf 90' lang='lat' dir='ltr'><strong>quaestione</strong></span> <span class='ocrx_word' id='word_1_402' title='bbox 1714 3487 1890 3569; x_wconf 89' lang='lat' dir='ltr'><strong>praecipue</strong></span> <span class='ocrx_word' id='word_1_403' title='bbox 1921 3485 2111 3571; x_wconf 82' lang='lat' dir='ltr'><strong>significare</strong></span> <span class='ocrx_word' id='word_1_404' title='bbox 2136 3488 2315 3569; x_wconf 87' lang='lat' dir='ltr'><strong>gratuitam</strong></span> <span class='ocrx_word' id='word_1_405' title='bbox 2335 3484 2457 3549; x_wconf 84' lang='lat' dir='ltr'><strong>miseri·</strong></span> 
     </span>
     <span class='ocr_line' id='line_1_33' title="bbox 436 3566 2456 3675; baseline -0.001 -40"><span class='ocrx_word' id='word_1_406' title='bbox 436 3607 440 3616; x_wconf 95' lang='lat'>·</span> <span class='ocrx_word' id='word_1_407' title='bbox 471 3569 696 3655; x_wconf 84' lang='lat' dir='ltr'><strong>imputationis</strong></span> <span class='ocrx_word' id='word_1_408' title='bbox 726 3566 807 3634; x_wconf 88' lang='lat' dir='ltr'><strong>nihil</strong></span> <span class='ocrx_word' id='word_1_409' title='bbox 837 3570 999 3675; x_wconf 70' lang='lat' dir='ltr'><strong>dixempt</strong></span> <span class='ocrx_word' id='word_1_410' title='bbox 1042 3568 1154 3675; x_wconf 71' lang='lat' dir='ltr'><strong>Qoare</strong></span> <span class='ocrx_word' id='word_1_411' title='bbox 1179 3572 1367 3658; x_wconf 84' lang='lat' dir='ltr'><strong>imaginatio</strong></span> <span class='ocrx_word' id='word_1_412' title='bbox 1389 3591 1445 3636; x_wconf 92' lang='lat' dir='ltr'><strong>eo·</strong></span> <span class='ocrx_word' id='word_1_413' title='bbox 1489 3571 1634 3634; x_wconf 90' lang='lat' dir='ltr'><strong>cordiam</strong></span> <span class='ocrx_word' id='word_1_414' title='bbox 1667 3590 1728 3634; x_wconf 92' lang='lat' dir='ltr'><strong>seu</strong></span> <span class='ocrx_word' id='word_1_415' title='bbox 1759 3573 1933 3672; x_wconf 74' lang='lat' dir='ltr'><strong>gratuitam</strong></span> <span class='ocrx_word' id='word_1_416' title='bbox 1954 3567 2266 3672; x_wconf 75' lang='lat' dir='ltr'><strong>reconciliationem.</strong></span> <span class='ocrx_word' id='word_1_417' title='bbox 2311 3569 2456 3634; x_wconf 69' lang='lat' dir='ltr'><strong>Romi.</strong></span> 
     </span>
     <span class='ocr_line' id='line_1_34' title="bbox 473 3653 2457 3826; baseline -0.002 -19"><span class='ocrx_word' id='word_1_418' title='bbox 473 3653 1445 3826; x_wconf 50' lang='lat' dir='ltr'><strong>mrtffctttff‘tiiltffiitff‘stbiit</strong></span> <span class='ocrx_word' id='word_1_419' title='bbox 1489 3654 2457 3825; x_wconf 44' lang='lat' dir='ltr'><strong>{ixii⁰tti⁸3tstttttttimttffl{iah</strong></span> 
     </span>
     <span class='ocr_line' id='line_1_35' title="bbox 473 3820 2459 3909; baseline -0.003 -18"><span class='ocrx_word' id='word_1_420' title='bbox 473 3826 609 3891; x_wconf 81' lang='lat' dir='ltr'><strong>tatione.</strong></span> <span class='ocrx_word' id='word_1_421' title='bbox 650 3821 828 3890; x_wconf 88' lang='lat' dir='ltr'><strong>Plurimum</strong></span> <span class='ocrx_word' id='word_1_422' title='bbox 848 3825 948 3909; x_wconf 88' lang='lat' dir='ltr'><strong>igitur</strong></span> <span class='ocrx_word' id='word_1_423' title='bbox 968 3820 1081 3901; x_wconf 80' lang='lat' dir='ltr'><strong>refert,</strong></span> <span class='ocrx_word' id='word_1_424' title='bbox 1101 3844 1187 3888; x_wconf 87' lang='lat' dir='ltr'><strong>voca</strong></span> <span class='ocrx_word' id='word_1_425' title='bbox 1243 3823 1445 3890; x_wconf 89' lang='lat' dir='ltr'><strong>umGratiae</strong></span> <span class='ocrx_word' id='word_1_426' title='bbox 1491 3821 1751 3888; x_wconf 89' lang='lat' dir='ltr'><strong>benevolentiam</strong></span> <span class='ocrx_word' id='word_1_427' title='bbox 1782 3841 1844 3886; x_wconf 92' lang='lat' dir='ltr'><strong>seu</strong></span> <span class='ocrx_word' id='word_1_428' title='bbox 1870 3824 2124 3906; x_wconf 80' lang='lat' dir='ltr'><strong>imputationem.</strong></span> <span class='ocrx_word' id='word_1_429' title='bbox 2168 3823 2229 3889; x_wconf 85' lang='lat' dir='ltr'><strong>Est</strong></span> <span class='ocrx_word' id='word_1_430' title='bbox 2261 3826 2349 3889; x_wconf 88' lang='lat' dir='ltr'><strong>enim</strong></span> <span class='ocrx_word' id='word_1_431' title='bbox 2369 3823 2459 3890; x_wconf 81' lang='lat' dir='ltr'><strong>Anti-</strong></span> 
     </span>
     <span class='ocr_line' id='line_1_36' title="bbox 477 3905 2459 3995; baseline 0.001 -23"><span class='ocrx_word' id='word_1_432' title='bbox 477 3911 620 3995; x_wconf 88' lang='lat' dir='ltr'><strong>propria,</strong></span> <span class='ocrx_word' id='word_1_433' title='bbox 640 3929 721 3974; x_wconf 85' lang='lat' dir='ltr'><strong>vere</strong></span> <span class='ocrx_word' id='word_1_434' title='bbox 740 3921 776 3973; x_wconf 91' lang='grc' dir='ltr'><strong>ει</strong></span> <span class='ocrx_word' id='word_1_435' title='bbox 795 3910 911 3973; x_wconf 87' lang='lat' dir='ltr'><strong>dextre</strong></span> <span class='ocrx_word' id='word_1_436' title='bbox 931 3905 1078 3993; x_wconf 87' lang='lat' dir='ltr'><strong>intelligi.</strong></span> <span class='ocrx_word' id='word_1_437' title='bbox 1489 3908 1611 3972; x_wconf 75' lang='lat' dir='ltr'><strong>thesist</strong></span> <span class='ocrx_word' id='word_1_438' title='bbox 1655 3907 1842 3971; x_wconf 86' lang='lat' dir='ltr'><strong>Laboribus</strong></span> <span class='ocrx_word' id='word_1_439' title='bbox 1871 3908 2008 3973; x_wconf 93' lang='lat' dir='ltr'><strong>debetur</strong></span> <span class='ocrx_word' id='word_1_440' title='bbox 2035 3929 2182 3984; x_wconf 83' lang='lat' dir='ltr'><strong>merces3</strong></span> <span class='ocrx_word' id='word_1_441' title='bbox 2225 3909 2271 3973; x_wconf 83' lang='lat' dir='ltr'><strong>At</strong></span> <span class='ocrx_word' id='word_1_442' title='bbox 2304 3909 2459 3985; x_wconf 88' lang='lat' dir='ltr'><strong>credenti,</strong></span> 
     </span>
    </p>

    <p class='ocr_par' dir='ltr' id='par_1_7' title="bbox 562 3989 2459 4077">
     <span class='ocr_line' id='line_1_37' title="bbox 562 3989 2459 4077; baseline -0.001 -19"><span class='ocrx_word' id='word_1_443' title='bbox 562 3991 656 4058; x_wconf 85' lang='lat' dir='ltr'><strong>Rom.</strong></span> <span class='ocrx_word' id='word_1_444' title='bbox 689 3991 721 4055; x_wconf 82' lang='lat'><strong>5.</strong></span> <span class='ocrx_word' id='word_1_445' title='bbox 755 3994 840 4057; x_wconf 92' lang='lat' dir='ltr'><strong>duae</strong></span> <span class='ocrx_word' id='word_1_446' title='bbox 872 4004 949 4056; x_wconf 86' lang='lat' dir='ltr'><strong>sunt</strong></span> <span class='ocrx_word' id='word_1_447' title='bbox 975 3989 1230 4076; x_wconf 84' lang='lat' dir='ltr'><strong>appellationes:</strong></span> <span class='ocrx_word' id='word_1_448' title='bbox 1274 3991 1391 4058; x_wconf 88' lang='lat' dir='ltr'><strong>Gratia</strong></span> <span class='ocrx_word' id='word_1_449' title='bbox 1412 4006 1446 4059; x_wconf 92' lang='lat' dir='ltr'><strong>et</strong></span> <span class='ocrx_word' id='word_1_450' title='bbox 1489 3993 1702 4056; x_wconf 90' lang='lat' dir='ltr'><strong>etiamsinon</strong></span> <span class='ocrx_word' id='word_1_451' title='bbox 1720 3991 1814 4057; x_wconf 82' lang='lat' dir='ltr'><strong>affert</strong></span> <span class='ocrx_word' id='word_1_452' title='bbox 1835 3996 1960 4072; x_wconf 92' lang='lat' dir='ltr'><strong>merita,</strong></span> <span class='ocrx_word' id='word_1_453' title='bbox 1993 4005 2102 4059; x_wconf 91' lang='lat' dir='ltr'><strong>tamen</strong></span> <span class='ocrx_word' id='word_1_454' title='bbox 2124 3994 2160 4058; x_wconf 88' lang='lat' dir='ltr'><strong>fit</strong></span> <span class='ocrx_word' id='word_1_455' title='bbox 2180 3996 2350 4077; x_wconf 89' lang='lat' dir='ltr'><strong>imputatio</strong></span> <span class='ocrx_word' id='word_1_456' title='bbox 2371 3994 2459 4057; x_wconf 81' lang='lat' dir='ltr'><strong>iusti·</strong></span> 
     </span>
    </p>
   </div>
   <div class='ocr_carea' id='block_1_3' title="bbox 478 4075 1726 4225">
    <p class='ocr_par' dir='ltr' id='par_1_8' title="bbox 478 4075 1726 4225">
     <span class='ocr_line' id='line_1_38' title="bbox 478 4075 1726 4225; baseline -0.004 -79"><span class='ocrx_word' id='word_1_457' title='bbox 478 4077 610 4146; x_wconf 88' lang='lat' dir='ltr'><strong>Donum</strong></span> <span class='ocrx_word' id='word_1_458' title='bbox 641 4098 702 4162; x_wconf 87' lang='lat' dir='ltr'><strong>per</strong></span> <span class='ocrx_word' id='word_1_459' title='bbox 723 4076 882 4141; x_wconf 89' lang='lat' dir='ltr'><strong>Gratiam.</strong></span> <span class='ocrx_word' id='word_1_460' title='bbox 925 4075 988 4140; x_wconf 84' lang='lat' dir='ltr'><strong>Est</strong></span> <span class='ocrx_word' id='word_1_461' title='bbox 1018 4087 1127 4140; x_wconf 84' lang='lat' dir='ltr'><strong>autem</strong></span> <span class='ocrx_word' id='word_1_462' title='bbox 1158 4079 1264 4181; x_wconf 88' lang='lat' dir='ltr'><strong>gratia</strong></span> <span class='ocrx_word' id='word_1_463' title='bbox 1296 4080 1445 4142; x_wconf 89' lang='lat' dir='ltr'><strong>remissio</strong></span> <span class='ocrx_word' id='word_1_464' title='bbox 1489 4079 1555 4141; x_wconf 92' lang='lat' dir='ltr'><strong>tiae</strong></span> <span class='ocrx_word' id='word_1_465' title='bbox 1575 4078 1726 4225; x_wconf 65' lang='lat' dir='ltr'><strong>gratuita.</strong></span> 
     </span>
    </p>
   </div>
   <div class='ocr_carea' id='block_1_4' title="bbox 477 4161 2464 5347">
    <p class='ocr_par' dir='ltr' id='par_1_9' title="bbox 477 4161 2464 5347">
     <span class='ocr_line' id='line_1_39' title="bbox 477 4161 2459 4248; baseline -0.001 -20"><span class='ocrx_word' id='word_1_466' title='bbox 477 4175 690 4248; x_wconf 86' lang='lat' dir='ltr'><strong>peecatorum</strong></span> <span class='ocrx_word' id='word_1_467' title='bbox 717 4164 860 4247; x_wconf 88' lang='lat' dir='ltr'><strong>gratuita</strong></span> <span class='ocrx_word' id='word_1_468' title='bbox 882 4181 943 4226; x_wconf 90' lang='lat' dir='ltr'><strong>seu</strong></span> <span class='ocrx_word' id='word_1_469' title='bbox 969 4163 1194 4226; x_wconf 79' lang='lat' dir='ltr'><strong>misericordia</strong></span> <span class='ocrx_word' id='word_1_470' title='bbox 1215 4182 1277 4226; x_wconf 91' lang='lat' dir='ltr'><strong>seu</strong></span> <span class='ocrx_word' id='word_1_471' title='bbox 1297 4181 1358 4226; x_wconf 90' lang='lat' dir='ltr'><strong>acc</strong></span> <span class='ocrx_word' id='word_1_472' title='bbox 1400 4176 1446 4227; x_wconf 90' lang='lat' dir='ltr'><strong>ta·</strong></span> <span class='ocrx_word' id='word_1_473' title='bbox 1605 4162 1701 4224; x_wconf 93' lang='lat' dir='ltr'><strong>odem</strong></span> <span class='ocrx_word' id='word_1_474' title='bbox 1721 4163 1820 4226; x_wconf 94' lang='lat' dir='ltr'><strong>modo</strong></span> <span class='ocrx_word' id='word_1_475' title='bbox 1842 4175 1960 4246; x_wconf 88' lang='lat' dir='ltr'><strong>postea</strong></span> <span class='ocrx_word' id='word_1_476' title='bbox 1981 4163 2140 4248; x_wconf 84' lang='lat' dir='ltr'><strong>loquitur:</strong></span> <span class='ocrx_word' id='word_1_477' title='bbox 2162 4162 2239 4228; x_wconf 90' lang='lat' dir='ltr'><strong>ldeo</strong></span> <span class='ocrx_word' id='word_1_478' title='bbox 2262 4183 2303 4227; x_wconf 93' lang='lat' dir='ltr'><strong>ex</strong></span> <span class='ocrx_word' id='word_1_479' title='bbox 2326 4161 2388 4227; x_wconf 87' lang='lat' dir='ltr'><strong>lide</strong></span> <span class='ocrx_word' id='word_1_480' title='bbox 2404 4180 2459 4226; x_wconf 88' lang='lat' dir='ltr'><strong>se·</strong></span> 
     </span>
     <span class='ocr_line' id='line_1_40' title="bbox 477 4246 2460 4334; baseline -0.003 -21"><span class='ocrx_word' id='word_1_481' title='bbox 477 4250 524 4313; x_wconf 90' lang='lat' dir='ltr'><strong>tio</strong></span> <span class='ocrx_word' id='word_1_482' title='bbox 542 4248 694 4334; x_wconf 74' lang='lat' dir='ltr'><strong>grabrita.</strong></span> <span class='ocrx_word' id='word_1_483' title='bbox 736 4246 877 4312; x_wconf 88' lang='lat' dir='ltr'><strong>Deinde.</strong></span> <span class='ocrx_word' id='word_1_484' title='bbox 897 4248 1017 4312; x_wconf 89' lang='lat' dir='ltr'><strong>donum</strong></span> <span class='ocrx_word' id='word_1_485' title='bbox 1043 4249 1262 4331; x_wconf 87' lang='lat' dir='ltr'><strong>pergratiam</strong></span> <span class='ocrx_word' id='word_1_486' title='bbox 1283 4248 1369 4334; x_wconf 86' lang='lat' dir='ltr'><strong>signi</strong></span> <span class='ocrx_word' id='word_1_487' title='bbox 1393 4260 1447 4313; x_wconf 89' lang='lat' dir='ltr'><strong>cat</strong></span> <span class='ocrx_word' id='word_1_488' title='bbox 1491 4247 1631 4312; x_wconf 84' lang='lat' dir='ltr'><strong>ouudrun</strong></span> <span class='ocrx_word' id='word_1_489' title='bbox 1652 4248 1803 4330; x_wconf 88' lang='lat' dir='ltr'><strong>gratiam,</strong></span> <span class='ocrx_word' id='word_1_490' title='bbox 1825 4258 1860 4310; x_wconf 93' lang='lat' dir='ltr'><strong>ut</strong></span> <span class='ocrx_word' id='word_1_491' title='bbox 1881 4250 1924 4310; x_wconf 92' lang='lat' dir='ltr'><strong>sit</strong></span> <span class='ocrx_word' id='word_1_492' title='bbox 1945 4247 2038 4312; x_wconf 88' lang='lat' dir='ltr'><strong>firma</strong></span> <span class='ocrx_word' id='word_1_493' title='bbox 2058 4250 2250 4333; x_wconf 90' lang='lat' dir='ltr'><strong>promissio,</strong></span> <span class='ocrx_word' id='word_1_494' title='bbox 2279 4249 2313 4310; x_wconf 94' lang='lat' dir='ltr'><strong>id</strong></span> <span class='ocrx_word' id='word_1_495' title='bbox 2335 4259 2403 4325; x_wconf 90' lang='lat' dir='ltr'><strong>est,</strong></span> <span class='ocrx_word' id='word_1_496' title='bbox 2423 4257 2460 4310; x_wconf 91' lang='lat' dir='ltr'><strong>nt</strong></span> 
     </span>
     <span class='ocr_line' id='line_1_41' title="bbox 478 4328 2461 4416; baseline -0.001 -18"><span class='ocrx_word' id='word_1_497' title='bbox 478 4334 687 4398; x_wconf 85' lang='lat' dir='ltr'><strong>donationem</strong></span> <span class='ocrx_word' id='word_1_498' title='bbox 714 4331 855 4416; x_wconf 89' lang='lat' dir='ltr'><strong>Spiritus</strong></span> <span class='ocrx_word' id='word_1_499' title='bbox 894 4333 1001 4398; x_wconf 89' lang='lat' dir='ltr'><strong>sancti</strong></span> <span class='ocrx_word' id='word_1_500' title='bbox 1036 4344 1069 4396; x_wconf 91' lang='lat' dir='ltr'><strong>et</strong></span> <span class='ocrx_word' id='word_1_501' title='bbox 1096 4334 1183 4397; x_wconf 84' lang='lat' dir='ltr'><strong>vitae</strong></span> <span class='ocrx_word' id='word_1_502' title='bbox 1211 4345 1382 4410; x_wconf 86' lang='lat' dir='ltr'><strong>aeternae,</strong></span> <span class='ocrx_word' id='word_1_503' title='bbox 1413 4334 1447 4397; x_wconf 93' lang='lat' dir='ltr'><strong>id</strong></span> <span class='ocrx_word' id='word_1_504' title='bbox 1490 4335 1534 4394; x_wconf 89' lang='lat' dir='ltr'><strong>sit</strong></span> <span class='ocrx_word' id='word_1_505' title='bbox 1567 4344 1657 4395; x_wconf 90' lang='lat' dir='ltr'><strong>certa</strong></span> <span class='ocrx_word' id='word_1_506' title='bbox 1689 4328 1920 4395; x_wconf 90' lang='lat' dir='ltr'><strong>reconciliatio.</strong></span> <span class='ocrx_word' id='word_1_507' title='bbox 1964 4331 2039 4395; x_wconf 90' lang='lat' dir='ltr'><strong>Non</strong></span> <span class='ocrx_word' id='word_1_508' title='bbox 2073 4334 2192 4415; x_wconf 88' lang='lat' dir='ltr'><strong>pendet</strong></span> <span class='ocrx_word' id='word_1_509' title='bbox 2213 4351 2254 4395; x_wconf 87' lang='lat' dir='ltr'><strong>ex</strong></span> <span class='ocrx_word' id='word_1_510' title='bbox 2273 4333 2461 4396; x_wconf 91' lang='lat' dir='ltr'><strong>conditione</strong></span> 
     </span>
     <span class='ocr_line' id='line_1_42' title="bbox 479 4416 2460 4501; baseline -0.002 -17"><span class='ocrx_word' id='word_1_511' title='bbox 479 4431 542 4498; x_wconf 86' lang='lat' dir='ltr'><strong>est,</strong></span> <span class='ocrx_word' id='word_1_512' title='bbox 563 4439 682 4483; x_wconf 83' lang='lat' dir='ltr'><strong>novam</strong></span> <span class='ocrx_word' id='word_1_513' title='bbox 700 4430 734 4482; x_wconf 92' lang='lat' dir='ltr'><strong>et</strong></span> <span class='ocrx_word' id='word_1_514' title='bbox 754 4428 921 4483; x_wconf 86' lang='lat' dir='ltr'><strong>aetemam</strong></span> <span class='ocrx_word' id='word_1_515' title='bbox 941 4417 1095 4482; x_wconf 88' lang='lat' dir='ltr'><strong>iustitiam</strong></span> <span class='ocrx_word' id='word_1_516' title='bbox 1116 4431 1150 4482; x_wconf 90' lang='grc' dir='ltr'><strong>ει</strong></span> <span class='ocrx_word' id='word_1_517' title='bbox 1170 4417 1282 4494; x_wconf 82' lang='grc' dir='ltr'>ιὶιειιι,</span> <span class='ocrx_word' id='word_1_518' title='bbox 1299 4418 1447 4501; x_wconf 89' lang='lat' dir='ltr'><strong>quaehic</strong></span> <span class='ocrx_word' id='word_1_519' title='bbox 1490 4427 1625 4480; x_wconf 88' lang='lat' dir='ltr'><strong>nostrae</strong></span> <span class='ocrx_word' id='word_1_520' title='bbox 1657 4416 1689 4480; x_wconf 94' lang='lat' dir='ltr'><strong>di</strong></span> <span class='ocrx_word' id='word_1_521' title='bbox 1715 4417 1842 4494; x_wconf 84' lang='lat' dir='ltr'><strong>nitatis,</strong></span> <span class='ocrx_word' id='word_1_522' title='bbox 1874 4418 1934 4479; x_wconf 88' lang='lat' dir='ltr'><strong>sed</strong></span> <span class='ocrx_word' id='word_1_523' title='bbox 1956 4428 2008 4480; x_wconf 89' lang='lat' dir='ltr'><strong>est</strong></span> <span class='ocrx_word' id='word_1_524' title='bbox 2028 4418 2181 4501; x_wconf 83' lang='lat' dir='ltr'><strong>gratuita.</strong></span> <span class='ocrx_word' id='word_1_525' title='bbox 2223 4416 2308 4480; x_wconf 88' lang='lat' dir='ltr'><strong>Nam</strong></span> <span class='ocrx_word' id='word_1_526' title='bbox 2330 4418 2362 4482; x_wconf 91' lang='lat' dir='ltr'><strong>si</strong></span> <span class='ocrx_word' id='word_1_527' title='bbox 2381 4417 2460 4480; x_wconf 80' lang='lat' dir='ltr'><strong>iudi</strong></span> 
     </span>
     <span class='ocr_line' id='line_1_43' title="bbox 478 4438 2461 4587; baseline -0.002 -19"><span class='ocrx_word' id='word_1_528' title='bbox 478 4501 651 4569; x_wconf 88' lang='lat' dir='ltr'><strong>inchoatur</strong></span> <span class='ocrx_word' id='word_1_529' title='bbox 671 4514 705 4567; x_wconf 90' lang='lat' dir='ltr'><strong>et</strong></span> <span class='ocrx_word' id='word_1_530' title='bbox 724 4515 844 4587; x_wconf 88' lang='lat' dir='ltr'><strong>postea</strong></span> <span class='ocrx_word' id='word_1_531' title='bbox 863 4500 1042 4586; x_wconf 84' lang='lat' dir='ltr'><strong>perficitur.</strong></span> <span class='ocrx_word' id='word_1_532' title='bbox 1085 4501 1133 4565; x_wconf 91' lang='lat' dir='ltr'><strong>lta</strong></span> <span class='ocrx_word' id='word_1_533' title='bbox 1160 4513 1194 4566; x_wconf 93' lang='grc' dir='ltr'><strong>ει</strong></span> <span class='ocrx_word' id='word_1_534' title='bbox 1214 4501 1305 4567; x_wconf 83' lang='grc' dir='ltr'>Ιοειι.</span> <span class='ocrx_word' id='word_1_535' title='bbox 1329 4502 1358 4565; x_wconf 84' lang='lat' dir='ltr'><strong>l.</strong></span> <span class='ocrx_word' id='word_1_536' title='bbox 1382 4508 1446 4584; x_wconf 86' lang='lat' dir='ltr'><strong>[vs.</strong></span> <span class='ocrx_word' id='word_1_537' title='bbox 1491 4502 1615 4565; x_wconf 83' lang='lat' dir='ltr'><strong>casita</strong></span> <span class='ocrx_word' id='word_1_538' title='bbox 1636 4512 1669 4567; x_wconf 90' lang='lat' dir='ltr'><strong>te</strong></span> <span class='ocrx_word' id='word_1_539' title='bbox 1689 4438 1812 4566; x_wconf 62' lang='lat' dir='ltr'><strong>babere</strong></span> <span class='ocrx_word' id='word_1_540' title='bbox 1833 4502 2068 4580; x_wconf 86' lang='lat' dir='ltr'><strong>remissionem,</strong></span> <span class='ocrx_word' id='word_1_541' title='bbox 2100 4504 2130 4565; x_wconf 93' lang='lat' dir='ltr'><strong>si</strong></span> <span class='ocrx_word' id='word_1_542' title='bbox 2162 4503 2280 4586; x_wconf 88' lang='lat' dir='ltr'><strong>dignus</strong></span> <span class='ocrx_word' id='word_1_543' title='bbox 2305 4519 2349 4565; x_wconf 86' lang='lat' dir='ltr'><strong>ac</strong></span> <span class='ocrx_word' id='word_1_544' title='bbox 2371 4519 2461 4564; x_wconf 89' lang='lat' dir='ltr'><strong>mun·</strong></span> 
     </span>
     <span class='ocr_line' id='line_1_44' title="bbox 481 4585 2412 4674; baseline -0.002 -23"><span class='ocrx_word' id='word_1_545' title='bbox 481 4589 546 4669; x_wconf 68' lang='lat' dir='ltr'><strong>la]</strong></span> <span class='ocrx_word' id='word_1_546' title='bbox 568 4589 700 4652; x_wconf 79' lang='lat' dir='ltr'><strong>dicitur:</strong></span> <span class='ocrx_word' id='word_1_547' title='bbox 742 4586 814 4652; x_wconf 90' lang='lat' dir='ltr'><strong>Lex</strong></span> <span class='ocrx_word' id='word_1_548' title='bbox 919 4588 1060 4674; x_wconf 83' lang='lat' dir='ltr'><strong>Moysen</strong></span> <span class='ocrx_word' id='word_1_549' title='bbox 1081 4587 1159 4651; x_wconf 85' lang='lat' dir='ltr'><strong>data</strong></span> <span class='ocrx_word' id='word_1_550' title='bbox 1186 4599 1255 4663; x_wconf 88' lang='lat' dir='ltr'><strong>est,</strong></span> <span class='ocrx_word' id='word_1_551' title='bbox 1287 4588 1394 4672; x_wconf 89' lang='lat' dir='ltr'><strong>gratia</strong></span> <span class='ocrx_word' id='word_1_552' title='bbox 1414 4598 1448 4653; x_wconf 88' lang='lat' dir='ltr'><strong>et</strong></span> <span class='ocrx_word' id='word_1_553' title='bbox 1491 4588 1553 4650; x_wconf 90' lang='lat' dir='ltr'><strong>dus</strong></span> <span class='ocrx_word' id='word_1_554' title='bbox 1575 4587 1673 4662; x_wconf 87' lang='lat' dir='ltr'><strong>sis,s</strong></span> <span class='ocrx_word' id='word_1_555' title='bbox 1717 4598 1811 4651; x_wconf 91' lang='lat' dir='ltr'><strong>uetur</strong></span> <span class='ocrx_word' id='word_1_556' title='bbox 1832 4585 1958 4651; x_wconf 87' lang='lat' dir='ltr'><strong>infinita</strong></span> <span class='ocrx_word' id='word_1_557' title='bbox 1979 4588 2133 4651; x_wconf 86' lang='lat' dir='ltr'><strong>dubitatio</strong></span> <span class='ocrx_word' id='word_1_558' title='bbox 2156 4599 2188 4651; x_wconf 91' lang='lat' dir='ltr'><strong>et</strong></span> <span class='ocrx_word' id='word_1_559' title='bbox 2210 4586 2412 4669; x_wconf 87' lang='lat' dir='ltr'><strong>desperatio.</strong></span> 
     </span>
     <span class='ocr_line' id='line_1_45' title="bbox 480 4607 2462 4757; baseline -0.002 -21"><span class='ocrx_word' id='word_1_560' title='bbox 480 4674 602 4737; x_wconf 81' lang='lat' dir='ltr'><strong>veritas</strong></span> <span class='ocrx_word' id='word_1_561' title='bbox 623 4691 683 4757; x_wconf 90' lang='lat' dir='ltr'><strong>per</strong></span> <span class='ocrx_word' id='word_1_562' title='bbox 700 4673 807 4738; x_wconf 89' lang='lat' dir='ltr'><strong>lesum</strong></span> <span class='ocrx_word' id='word_1_563' title='bbox 829 4607 997 4740; x_wconf 46' lang='lat' dir='ltr'><strong>&amp;hristum</strong></span> <span class='ocrx_word' id='word_1_564' title='bbox 1017 4671 1106 4737; x_wconf 86' lang='lat' dir='ltr'><strong>sacta</strong></span> <span class='ocrx_word' id='word_1_565' title='bbox 1126 4684 1188 4735; x_wconf 82' lang='lat' dir='ltr'><strong>est.</strong></span> <span class='ocrx_word' id='word_1_566' title='bbox 1231 4672 1294 4735; x_wconf 88' lang='lat' dir='ltr'><strong>llio</strong></span> <span class='ocrx_word' id='word_1_567' title='bbox 1316 4693 1448 4757; x_wconf 87' lang='lat' dir='ltr'><strong>quoque</strong></span> <span class='ocrx_word' id='word_1_568' title='bbox 1577 4668 1672 4734; x_wconf 85' lang='lat' dir='ltr'><strong>Rom</strong></span> <span class='ocrx_word' id='word_1_569' title='bbox 1724 4717 1732 4735; x_wconf 92' lang='lat'><strong>.</strong></span> <span class='ocrx_word' id='word_1_570' title='bbox 1762 4677 1823 4747; x_wconf 82' lang='lat' dir='ltr'><strong>[vs.</strong></span> <span class='ocrx_word' id='word_1_571' title='bbox 1854 4671 1918 4751; x_wconf 77' lang='lat' dir='ltr'><strong>la]</strong></span> <span class='ocrx_word' id='word_1_572' title='bbox 1947 4671 2021 4735; x_wconf 90' lang='lat' dir='ltr'><strong>Non</strong></span> <span class='ocrx_word' id='word_1_573' title='bbox 2048 4674 2129 4736; x_wconf 90' lang='lat' dir='ltr'><strong>estis</strong></span> <span class='ocrx_word' id='word_1_574' title='bbox 2157 4673 2220 4736; x_wconf 91' lang='lat' dir='ltr'><strong>sub</strong></span> <span class='ocrx_word' id='word_1_575' title='bbox 2248 4670 2366 4756; x_wconf 86' lang='lat' dir='ltr'><strong>Lege,</strong></span> <span class='ocrx_word' id='word_1_576' title='bbox 2400 4669 2462 4733; x_wconf 89' lang='lat' dir='ltr'><strong>sed</strong></span> 
     </span>
     <span class='ocr_line' id='line_1_46' title="bbox 480 4751 2462 4844; baseline -0.002 -22"><span class='ocrx_word' id='word_1_577' title='bbox 480 4757 587 4842; x_wconf 88' lang='lat' dir='ltr'><strong>gratia</strong></span> <span class='ocrx_word' id='word_1_578' title='bbox 617 4770 757 4822; x_wconf 85' lang='lat' dir='ltr'><strong>vocatur</strong></span> <span class='ocrx_word' id='word_1_579' title='bbox 790 4761 935 4844; x_wconf 85' lang='lat' dir='ltr'><strong>gratuita</strong></span> <span class='ocrx_word' id='word_1_580' title='bbox 965 4757 1116 4821; x_wconf 86' lang='lat' dir='ltr'><strong>remissio</strong></span> <span class='ocrx_word' id='word_1_581' title='bbox 1211 4768 1357 4820; x_wconf 86' lang='lat' dir='ltr'><strong>catorum</strong></span> <span class='ocrx_word' id='word_1_582' title='bbox 1388 4777 1449 4822; x_wconf 87' lang='lat' dir='ltr'><strong>seu</strong></span> <span class='ocrx_word' id='word_1_583' title='bbox 1491 4758 1554 4819; x_wconf 88' lang='lat' dir='ltr'><strong>sub</strong></span> <span class='ocrx_word' id='word_1_584' title='bbox 1623 4757 1699 4819; x_wconf 87' lang='lat' dir='ltr'><strong>etia.</strong></span> <span class='ocrx_word' id='word_1_585' title='bbox 1743 4755 1804 4818; x_wconf 90' lang='lat' dir='ltr'><strong>Hic</strong></span> <span class='ocrx_word' id='word_1_586' title='bbox 1826 4752 1948 4821; x_wconf 85' lang='lat' dir='ltr'><strong>Paulus</strong></span> <span class='ocrx_word' id='word_1_587' title='bbox 1973 4755 2039 4821; x_wconf 90' lang='lat' dir='ltr'><strong>hoc</strong></span> <span class='ocrx_word' id='word_1_588' title='bbox 2063 4759 2170 4839; x_wconf 89' lang='lat' dir='ltr'><strong>ipsum</strong></span> <span class='ocrx_word' id='word_1_589' title='bbox 2192 4757 2278 4841; x_wconf 88' lang='lat' dir='ltr'><strong>agit,</strong></span> <span class='ocrx_word' id='word_1_590' title='bbox 2306 4775 2371 4819; x_wconf 91' lang='lat' dir='ltr'><strong>nos</strong></span> <span class='ocrx_word' id='word_1_591' title='bbox 2394 4751 2462 4838; x_wconf 81' lang='lat' dir='ltr'><strong>plo·</strong></span> 
     </span>
     <span class='ocr_line' id='line_1_47' title="bbox 479 4776 2461 4926; baseline -0.001 -22"><span class='ocrx_word' id='word_1_592' title='bbox 479 4843 662 4925; x_wconf 88' lang='lat' dir='ltr'><strong>aoceptatio</strong></span> <span class='ocrx_word' id='word_1_593' title='bbox 693 4853 830 4926; x_wconf 92' lang='lat' dir='ltr'><strong>propter</strong></span> <span class='ocrx_word' id='word_1_594' title='bbox 860 4842 1082 4908; x_wconf 83' lang='lat' dir='ltr'><strong>Mediatoram.</strong></span> <span class='ocrx_word' id='word_1_595' title='bbox 1171 4842 1283 4919; x_wconf 88' lang='lat' dir='ltr'><strong>einde,</strong></span> <span class='ocrx_word' id='word_1_596' title='bbox 1316 4840 1448 4907; x_wconf 84' lang='lat' dir='ltr'><strong>Veritas</strong></span> <span class='ocrx_word' id='word_1_597' title='bbox 1492 4776 1663 4905; x_wconf 71' lang='lat' dir='ltr'><strong>corella</strong></span> <span class='ocrx_word' id='word_1_598' title='bbox 1696 4853 1831 4924; x_wconf 89' lang='lat' dir='ltr'><strong>propter</strong></span> <span class='ocrx_word' id='word_1_599' title='bbox 1852 4839 1985 4917; x_wconf 89' lang='lat' dir='ltr'><strong>Filium,</strong></span> <span class='ocrx_word' id='word_1_600' title='bbox 2006 4861 2073 4905; x_wconf 92' lang='lat' dir='ltr'><strong>non</strong></span> <span class='ocrx_word' id='word_1_601' title='bbox 2091 4854 2227 4926; x_wconf 91' lang='lat' dir='ltr'><strong>propter</strong></span> <span class='ocrx_word' id='word_1_602' title='bbox 2244 4852 2395 4904; x_wconf 88' lang='lat' dir='ltr'><strong>nostram</strong></span> <span class='ocrx_word' id='word_1_603' title='bbox 2415 4839 2461 4902; x_wconf 90' lang='lat' dir='ltr'><strong>di·</strong></span> 
     </span>
     <span class='ocr_line' id='line_1_48' title="bbox 481 4923 2462 5012; baseline -0.001 -24"><span class='ocrx_word' id='word_1_604' title='bbox 481 4936 534 4989; x_wconf 91' lang='lat' dir='ltr'><strong>est</strong></span> <span class='ocrx_word' id='word_1_605' title='bbox 554 4945 635 4989; x_wconf 87' lang='lat' dir='ltr'><strong>vera</strong></span> <span class='ocrx_word' id='word_1_606' title='bbox 655 4923 724 5005; x_wconf 90' lang='lat' dir='ltr'><strong>lux,</strong></span> <span class='ocrx_word' id='word_1_607' title='bbox 746 4927 781 4991; x_wconf 90' lang='lat' dir='ltr'><strong>id</strong></span> <span class='ocrx_word' id='word_1_608' title='bbox 802 4937 866 5008; x_wconf 87' lang='lat' dir='ltr'><strong>est,</strong></span> <span class='ocrx_word' id='word_1_609' title='bbox 887 4946 968 4993; x_wconf 83' lang='lat' dir='ltr'><strong>vcra</strong></span> <span class='ocrx_word' id='word_1_610' title='bbox 988 4928 1111 5012; x_wconf 90' lang='lat' dir='ltr'><strong>agnitio</strong></span> <span class='ocrx_word' id='word_1_611' title='bbox 1132 4925 1213 5006; x_wconf 88' lang='lat' dir='ltr'><strong>Dei,</strong></span> <span class='ocrx_word' id='word_1_612' title='bbox 1240 4946 1320 4992; x_wconf 86' lang='lat' dir='ltr'><strong>vara</strong></span> <span class='ocrx_word' id='word_1_613' title='bbox 1342 4939 1374 4991; x_wconf 90' lang='lat' dir='ltr'><strong>et</strong></span> <span class='ocrx_word' id='word_1_614' title='bbox 1395 4947 1449 4991; x_wconf 90' lang='lat' dir='ltr'><strong>ae·</strong></span> <span class='ocrx_word' id='word_1_615' title='bbox 1492 4928 1660 5012; x_wconf 74' lang='lat' dir='ltr'><strong>gabatam,</strong></span> <span class='ocrx_word' id='word_1_616' title='bbox 1679 4945 1753 4989; x_wconf 86' lang='lat' dir='ltr'><strong>crun</strong></span> <span class='ocrx_word' id='word_1_617' title='bbox 1774 4927 1904 5011; x_wconf 90' lang='lat' dir='ltr'><strong>quidem</strong></span> <span class='ocrx_word' id='word_1_618' title='bbox 1925 4924 2034 4990; x_wconf 91' lang='lat' dir='ltr'><strong>adbuc</strong></span> <span class='ocrx_word' id='word_1_619' title='bbox 2056 4924 2190 4990; x_wconf 86' lang='lat' dir='ltr'><strong>baereat</strong></span> <span class='ocrx_word' id='word_1_620' title='bbox 2210 4925 2244 4988; x_wconf 90' lang='lat' dir='ltr'><strong>in</strong></span> <span class='ocrx_word' id='word_1_621' title='bbox 2265 4926 2393 4988; x_wconf 88' lang='lat' dir='ltr'><strong>renatis</strong></span> <span class='ocrx_word' id='word_1_622' title='bbox 2413 4926 2462 4987; x_wconf 92' lang='lat' dir='ltr'><strong>iu·</strong></span> 
     </span>
     <span class='ocr_line' id='line_1_49' title="bbox 480 5008 2463 5114; baseline -0.001 -40"><span class='ocrx_word' id='word_1_623' title='bbox 480 5020 576 5074; x_wconf 86' lang='lat' dir='ltr'><strong>terna</strong></span> <span class='ocrx_word' id='word_1_624' title='bbox 595 5012 719 5074; x_wconf 88' lang='lat' dir='ltr'><strong>iustitia</strong></span> <span class='ocrx_word' id='word_1_625' title='bbox 739 5024 773 5077; x_wconf 91' lang='grc' dir='ltr'><strong>ει</strong></span> <span class='ocrx_word' id='word_1_626' title='bbox 792 5013 872 5092; x_wconf 82' lang='lat' dir='ltr'><strong>uita,</strong></span> <span class='ocrx_word' id='word_1_627' title='bbox 893 5031 978 5098; x_wconf 82' lang='lat' dir='ltr'><strong>quae</strong></span> <span class='ocrx_word' id='word_1_628' title='bbox 998 5013 1053 5077; x_wconf 93' lang='lat' dir='ltr'><strong>hic</strong></span> <span class='ocrx_word' id='word_1_629' title='bbox 1073 5010 1259 5090; x_wconf 86' lang='lat' dir='ltr'><strong>inchoatur,</strong></span> <span class='ocrx_word' id='word_1_630' title='bbox 1275 5013 1339 5077; x_wconf 89' lang='lat' dir='ltr'><strong>sed</strong></span> <span class='ocrx_word' id='word_1_631' title='bbox 1358 5023 1449 5096; x_wconf 86' lang='lat' dir='ltr'><strong>post-</strong></span> <span class='ocrx_word' id='word_1_632' title='bbox 1535 5029 1575 5074; x_wconf 91' lang='lat' dir='ltr'><strong>os</strong></span> <span class='ocrx_word' id='word_1_633' title='bbox 1617 5008 1821 5076; x_wconf 87' lang='lat' dir='ltr'><strong>imbecillitas</strong></span> <span class='ocrx_word' id='word_1_634' title='bbox 1860 5023 1893 5075; x_wconf 91' lang='lat' dir='ltr'><strong>et</strong></span> <span class='ocrx_word' id='word_1_635' title='bbox 1931 5021 2112 5114; x_wconf 83' lang='lat' dir='ltr'><strong>peccatum.</strong></span> <span class='ocrx_word' id='word_1_636' title='bbox 2159 5009 2330 5114; x_wconf 83' lang='lat' dir='ltr'><strong>Significat</strong></span> <span class='ocrx_word' id='word_1_637' title='bbox 2364 5010 2463 5097; x_wconf 87' lang='lat' dir='ltr'><strong>igitur</strong></span> 
     </span>
     <span class='ocr_line' id='line_1_50' title="bbox 481 5093 2464 5184; baseline 0 -27"><span class='ocrx_word' id='word_1_638' title='bbox 481 5113 523 5158; x_wconf 84' lang='lat' dir='ltr'><strong>aa</strong></span> <span class='ocrx_word' id='word_1_639' title='bbox 595 5093 731 5160; x_wconf 83' lang='lat' dir='ltr'><strong>rbcitur.</strong></span> <span class='ocrx_word' id='word_1_640' title='bbox 790 5095 950 5184; x_wconf 81' lang='lat' dir='ltr'><strong>Loquitur</strong></span> <span class='ocrx_word' id='word_1_641' title='bbox 982 5099 1069 5163; x_wconf 88' lang='lat' dir='ltr'><strong>enirn</strong></span> <span class='ocrx_word' id='word_1_642' title='bbox 1105 5097 1147 5161; x_wconf 95' lang='lat' dir='ltr'><strong>de</strong></span> <span class='ocrx_word' id='word_1_643' title='bbox 1179 5107 1249 5161; x_wconf 93' lang='lat' dir='ltr'><strong>toto</strong></span> <span class='ocrx_word' id='word_1_644' title='bbox 1288 5095 1448 5162; x_wconf 87' lang='lat' dir='ltr'><strong>beneficio</strong></span> <span class='ocrx_word' id='word_1_645' title='bbox 1523 5096 1606 5159; x_wconf 90' lang='lat' dir='ltr'><strong>ratia</strong></span> <span class='ocrx_word' id='word_1_646' title='bbox 1632 5097 1806 5179; x_wconf 89' lang='lat' dir='ltr'><strong>gratuitam</strong></span> <span class='ocrx_word' id='word_1_647' title='bbox 1832 5094 2087 5160; x_wconf 78' lang='lat' dir='ltr'><strong>misenoordiam</strong></span> <span class='ocrx_word' id='word_1_648' title='bbox 2107 5115 2303 5179; x_wconf 76' lang='lat' dir='ltr'><strong>promissam</strong></span> <span class='ocrx_word' id='word_1_649' title='bbox 2323 5107 2464 5178; x_wconf 92' lang='lat' dir='ltr'><strong>propter</strong></span> 
     </span>
     <span class='ocr_line' id='line_1_51' title="bbox 581 5176 1901 5269; baseline -0.002 -25"><span class='ocrx_word' id='word_1_650' title='bbox 581 5180 735 5263; x_wconf 88' lang='lat' dir='ltr'><strong>ti‚quasi</strong></span> <span class='ocrx_word' id='word_1_651' title='bbox 756 5183 857 5246; x_wconf 76' lang='lat' dir='ltr'><strong>dicat:</strong></span> <span class='ocrx_word' id='word_1_652' title='bbox 877 5181 1004 5269; x_wconf 69' lang='grc' dir='ltr'>Ιιεςειιι</span> <span class='ocrx_word' id='word_1_653' title='bbox 1025 5183 1157 5266; x_wconf 87' lang='lat' dir='ltr'><strong>quidem</strong></span> <span class='ocrx_word' id='word_1_654' title='bbox 1179 5181 1368 5261; x_wconf 86' lang='lat' dir='ltr'><strong>audivistis,</strong></span> <span class='ocrx_word' id='word_1_655' title='bbox 1389 5183 1449 5246; x_wconf 89' lang='lat' dir='ltr'><strong>sed</strong></span> <span class='ocrx_word' id='word_1_656' title='bbox 1490 5176 1616 5243; x_wconf 84' lang='lat' dir='ltr'><strong>Filium.</strong></span> <span class='ocrx_word' id='word_1_657' title='bbox 1899 5229 1901 5234; x_wconf 95' lang='lat'><em>.</em></span> 
     </span>
     <span class='ocr_line' id='line_1_52' title="bbox 1577 5261 2463 5347; baseline 0.002 -19"><span class='ocrx_word' id='word_1_658' title='bbox 1577 5261 1672 5328; x_wconf 82' lang='lat' dir='ltr'><strong>Rom.</strong></span> <span class='ocrx_word' id='word_1_659' title='bbox 1693 5264 1726 5330; x_wconf 83' lang='lat'><strong>5.</strong></span> <span class='ocrx_word' id='word_1_660' title='bbox 1749 5272 1813 5344; x_wconf 83' lang='lat' dir='ltr'><strong>[vs.</strong></span> <span class='ocrx_word' id='word_1_661' title='bbox 1824 5262 1890 5343; x_wconf 67' lang='lat' dir='ltr'><strong>ih]</strong></span> <span class='ocrx_word' id='word_1_662' title='bbox 1911 5261 1976 5328; x_wconf 90' lang='lat' dir='ltr'><strong>Ubi</strong></span> <span class='ocrx_word' id='word_1_663' title='bbox 1997 5264 2175 5330; x_wconf 68' lang='lat' dir='ltr'><strong>abundmb</strong></span> <span class='ocrx_word' id='word_1_664' title='bbox 2195 5275 2386 5347; x_wconf 84' lang='lat' dir='ltr'><strong>peccatum,</strong></span> <span class='ocrx_word' id='word_1_665' title='bbox 2408 5283 2463 5330; x_wconf 84' lang='lat' dir='ltr'><strong>sa·</strong></span> 
     </span>
    </p>
   </div>
   <div class='ocr_carea' id='block_1_5' title="bbox 488 5333 676 5346">
    <p class='ocr_par' dir='ltr' id='par_1_10' title="bbox 488 5333 676 5346">
     <span class='ocr_line' id='line_1_53' title="bbox 488 5333 676 5346; baseline -0.016 0"><span class='ocrx_word' id='word_1_666' title='bbox 488 5333 676 5346; x_wconf 46' lang='grc' dir='ltr'><strong><em>ἡ</em></strong></span> 
     </span>
    </p>
   </div>
   <div class='ocr_carea' id='block_1_6' title="bbox 481 5436 1888 5607">
    <p class='ocr_par' dir='ltr' id='par_1_11' title="bbox 481 5436 1888 5607">
     <span class='ocr_line' id='line_1_54' title="bbox 481 5436 1153 5503; baseline 0 -13"><span class='ocrx_word' id='word_1_667' title='bbox 481 5436 528 5503; x_wconf 75' lang='lat' dir='ltr'><strong>bt)</strong></span> <span class='ocrx_word' id='word_1_668' title='bbox 547 5436 585 5501; x_wconf 83' lang='lat' dir='ltr'><strong>et]</strong></span> <span class='ocrx_word' id='word_1_669' title='bbox 601 5436 676 5489; x_wconf 79' lang='lat' dir='ltr'><strong>tdttt</strong></span> <span class='ocrx_word' id='word_1_670' title='bbox 695 5438 736 5485; x_wconf 81' lang='lat'><strong>20.</strong></span> <span class='ocrx_word' id='word_1_671' title='bbox 755 5436 796 5487; x_wconf 68' lang='lat' dir='ltr'><strong>ib.</strong></span> <span class='ocrx_word' id='word_1_672' title='bbox 814 5436 855 5485; x_wconf 78' lang='grc'><strong>80.</strong></span> <span class='ocrx_word' id='word_1_673' title='bbox 873 5436 924 5494; x_wconf 77' lang='grc'><strong>34.,</strong></span> <span class='ocrx_word' id='word_1_674' title='bbox 941 5436 1014 5500; x_wconf 77' lang='lat' dir='ltr'><strong>corp·</strong></span> <span class='ocrx_word' id='word_1_675' title='bbox 1036 5438 1107 5488; x_wconf 77' lang='lat' dir='ltr'><strong>i-d.</strong></span> <span class='ocrx_word' id='word_1_676' title='bbox 1126 5442 1153 5490; x_wconf 87' lang='lat' dir='ltr'><strong>ui</strong></span> 
     </span>
     <span class='ocr_line' id='line_1_55' title="bbox 482 5536 1888 5607; baseline -0.004 -14"><span class='ocrx_word' id='word_1_677' title='bbox 482 5541 529 5607; x_wconf 86' lang='lat' dir='ltr'><strong>ao)</strong></span> <span class='ocrx_word' id='word_1_678' title='bbox 546 5539 636 5606; x_wconf 78' lang='lat' dir='ltr'><strong>accipi]</strong></span> <span class='ocrx_word' id='word_1_679' title='bbox 655 5540 698 5592; x_wconf 81' lang='lat' dir='ltr'><strong>Ed.</strong></span> <span class='ocrx_word' id='word_1_680' title='bbox 717 5539 757 5591; x_wconf 70' lang='lat' dir='ltr'><strong>aa.</strong></span> <span class='ocrx_word' id='word_1_681' title='bbox 773 5539 852 5603; x_wconf 81' lang='lat' dir='ltr'><strong>recipi</strong></span> <span class='ocrx_word' id='word_1_682' title='bbox 1491 5538 1537 5599; x_wconf 79' lang='lat' dir='ltr'><strong>ol)</strong></span> <span class='ocrx_word' id='word_1_683' title='bbox 1554 5536 1591 5601; x_wconf 87' lang='lat' dir='ltr'><strong>etl</strong></span> <span class='ocrx_word' id='word_1_684' title='bbox 1611 5536 1684 5588; x_wconf 75' lang='lat' dir='ltr'><strong>editt</strong></span> <span class='ocrx_word' id='word_1_685' title='bbox 1705 5537 1780 5586; x_wconf 79' lang='lat'><strong>1-9.</strong></span> <span class='ocrx_word' id='word_1_686' title='bbox 1799 5537 1840 5585; x_wconf 77' lang='lat' dir='ltr'><strong>lt.</strong></span> <span class='ocrx_word' id='word_1_687' title='bbox 1857 5547 1888 5588; x_wconf 82' lang='lat' dir='ltr'><strong>ac</strong></span> 
     </span>
    </p>
   </div>
   <div class='ocr_carea' id='block_1_7' title="bbox 0 0 2948 6724">
    <p class='ocr_par' dir='ltr' id='par_1_12' title="bbox 0 0 2948 6724">
     <span class='ocr_line' id='line_1_56' title="bbox 0 0 2948 6724; baseline 0 0"><span class='ocrx_word' id='word_1_688' title='bbox 0 0 2948 6724; x_wconf 95' lang='lat' dir='ltr'><strong> </strong></span> 
     </span>
    </p>
   </div>
  </div>
 </body>
</html>
