5859 6734
463 703 529 773 897

1092 699 1205 770 viiii»
1225 696 1330 768 iiiia
1351 696 1538 768 souma
1559 694 1834 765 boemanos.

468 887 710 963 humationem
732 900 843 953 tamen
863 904 931 950 non
960 894 1055 950 erant
1082 886 1230 950 membra
1249 882 1439 962 Ecclesiae,
1480 902 1588 970 neque
1616 894 1687 949 erat
1707 879 1860 947 Ecclesia
1888 880 1960 943 sine
1985 875 2176 942 ministerio.
2230 876 2338 942 Erant
2373 877 2458 940 m'urr

466 975 558 1039 iuxta
579 970 659 1039 iliud
682 969 810 1053 [Galat.
833 971 864 1048 l,
881 969 945 1049 9.]:
969 967 1005 1033 Si
1021 968 1096 1054 quis
1118 967 1207 1034 alind
1222 966 1440 1055 Evangelinm
1480 969 1617 1035 ministri
1637 964 1810 1053 Evangelii
1837 962 2024 1046 Prophetae
2049 962 2128 1044 ipsi,
2160 970 2193 1025 et
2226 972 2324 1024 erant
2356 957 2459 1044 aliqui

466 1058 582 1134 docet,
616 1054 790 1121 armthema
824 1055 866 1118 sit
876 1057 924 1130 ⁸⁸)
958 1064 1020 1117 etc
1070 1052 1127 1118 Sic
1160 1050 1253 1117 Elise
1292 1063 1441 1138 tenrpore
1479 1056 1525 1139 pii
1546 1054 1739 1118 sacerdotes
1761 1051 1809 1116 eis
1826 1048 1982 1124 adiuncti,
2000 1043 2060 1110 fuit
2076 1044 2163 1109 enirn
2178 1044 2359 1109 mediocris
2378 1040 2458 1108 mui-

467 1151 559 1207 erent
582 1138 736 1207 Ecclesia
763 1137 875 1216 Elias,
896 1134 1050 1201 Elisaeus
1071 1147 1106 1201 et
1126 1156 1241 1204 eornm
1262 1139 1440 1216 auditores,
1480 1140 1585 1204 titudo
1607 1148 1810 1210 sanctorum,
1826 1131 2028 1209 ut·)'l'extus
2041 1130 2118 1194 dicit
2136 1127 2278 1213 [Elleg.
2304 1126 2358 1206 19,
2372 1127 2457 1205 181ι

481 1309 671 1322 m

468 1406 514 1470 ss)

532 1405 733 1469 Prosequor.
744 1410 860 1462 Siciliiae
876 1435 906 1445 -
915 1436 948 1445 —
957 1436 992 1446 —
1004 1420 1085 1473 usque
1097 1408 1131 1461 ad
1142 1408 1387 1461 consummationem
1397 1418 1439 1460 se·

534 1474 583 1527 culi
602 1473 683 1538 (pop.
702 1477 766 1540 840)
783 1478 813 1531 iss
829 1477 902 1530 suita
915 1479 973 1530 ιι.
987 1477 1057 1530 doec
1070 1480 1153 1530 ami:
1170 1477 1201 1528 lt
1216 1477 1285 1528 ioan.
1296 1477 1320 1524 ι.
1339 1477 1388 1527 llos
1406 1486 1439 1527 er

534 1544 607 1604 patre
624 1543 728 1596 biaboio
746 1545 818 1608 estis,
835 1546 895 1610 quia
906 1557 958 1597 non
969 1545 1076 1607 potestis
1089 1544 1178 1597 audire
1188 1555 1335 1596 sermonem
1343 1554 1438 1595 meum.

535 1608 576 1661 sic
598 1609 667 1661 Elias
691 1614 767 1676 temp.
785 1624 825 1668 er..
845 1614 907 1665 ecci.
926 1613 962 1665 ιιι.
987 1612 1024 1664 ιι.
1042 1615 1175 1665 eteorum
1193 1611 1323 1664 auditores
1340 1612 1437 1675 passim

536 1675 645 1740 dispersi
662 1678 687 1730 in
704 1682 758 1732 iota
783 1684 861 1741 gente
888 1683 915 1732 ει
931 1681 957 1732 iu
973 1678 1071 1732 vicinia.
1105 1680 1135 1731 Et
1151 1678 1209 1743 qnia
1228 1682 1284 1731 ersi
1301 1677 1437 1731 mediocris

535 1743 685 1808 multitudo,
713 1749 842 1800 ulterius
859 1748 952 1811 inquit:
982 1747 1081 1810 Reliqui
1097 1747 1159 1799 mibi
1176 1748 1276 1809 septem
1294 1746 1374 1798 millu
1391 1749 1438 1798 eta

534 1811 597 1864 iiuic
614 1814 698 1865 coetui
715 1814 820 1867 admixti
837 1815 941 1867 tuemini
958 1815 1044 1878 multi,
1069 1814 1112 1877 qni
1129 1814 1178 1866 etsi
1196 1813 1228 1865 de
1247 1813 1362 1866 demina
1378 1825 1438 1866 con·

535 1879 690 1944 sentiebant,
719 1885 806 1934 lamen
834 1881 974 1945 culpandos
991 1893 1077 1934 mores
1094 1882 1231 1934 iubebant
1265 1882 1370 1934 interim
1387 1893 1439 1934 non

536 1949 611 1998 erant
627 1949 751 2002 ecciesiae
770 1951 886 2003 membra
903 1949 1052 2003 sacerdotes
1069 1949 1138 2012 Bari,
1156 1952 1183 2001 et
1198 1949 1307 2009 similes,
1324 1950 1368 2013 qui
1385 1947 1438 2002 cni·

535 2015 577 2066 tus
595 2019 739 2077 pugnantes
758 2029 814 2069 cum
833 2018 912 2069 verbo
929 2017 970 2069 dei
988 2016 1169 2068 defendebant
1202 2015 1247 2068 Est
1262 2016 1340 2077 iritnr
1356 2015 1439 2069 eccie-

537 2081 576 2132 sia
593 2086 688 2147 ooetrrs,
706 2085 796 2137 slmiiis
814 2085 966 2138 sebolastlco
983 2084 1066 2137 coetui
1076 2085 1173 2147 passim
1192 2081 1317 2146 disperso,
1334 2083 1382 2136 sed
1400 2087 1440 2136 ta·

535 2159 596 2201 men
612 2151 772 2213 professione
789 2152 905 2205 eiusdem
922 2163 1000 2205 verae
1018 2152 1148 2204 docrinae
1166 2151 1307 2204 coniuncto.

605 2234 656 2286 sed
673 2236 786 2288 buniam
802 2236 942 2300 sapientia,
965 2237 1024 2300 quia
1045 2237 1124 2289 talem
1142 2235 1333 2299 dissipationem
1352 2233 1438 2288 eristi·

535 2304 591 2354 mat
606 2302 662 2355 sine
679 2304 776 2367 capite,
806 2304 861 2357 sinc
880 2305 967 2357 ordine
985 2308 1012 2356 et
1029 2305 1085 2357 sine
1102 2304 1185 2365 gloria
1201 2315 1270 2366 esse,
1299 2302 1439 2356 offenditur

533 2368 583 2421 bac
598 2369 718 2433 inerme,
735 2374 762 2423 et
779 2372 877 2435 quaerit
893 2371 1029 2425 ecclesiam
1048 2371 1158 2425 similem
1166 2371 1287 2435 imperiis,
1304 2370 1437 2434 sumtum

535 2435 569 2487 ad
593 2439 678 2491 certos
706 2438 794 2492 titulos
818 2444 845 2491 et
867 2438 1021 2492 ordinariam
1048 2440 1237 2492 successionem
1260 2449 1437 2501 personarum,

535 2514 601 2567 quae
618 2508 709 2558 tenent
724 2507 771 2558 bos
789 2506 884 2569 titulos,
902 2510 929 2559 et
945 2507 979 2558 ad
997 2508 1122 2571 quaedam
1138 2506 1240 2559 vincula
1256 2506 1383 2566 bumana,
1408 2507 1438 2556 nt

534 2571 639 2633 pobtlae
655 2573 784 2626 bumanae
802 2574 923 2636 ιιιιεειεε
940 2575 1051 2628 suntad
1069 2577 1152 2627 certos
1170 2575 1258 2627 tludos
1275 2574 1436 2626 etbumanas

535 2637 618 2700 ieras.
660 2640 776 2701 ileunnm
791 2642 939 2695 Prandcnm
963 2645 1004 2695 est
1025 2642 1161 2695 multitudo
1184 2643 1364 2703 obtemperans
1382 2640 1438 2702 resi

535 2704 689 2759 Priscorum
706 2711 733 2760 ει
748 2707 868 2771 ιεειιιιιιιε
886 2709 1087 2774 successoribus,
1105 2709 1222 2762 ordinata
1243 2709 1318 2761 certis
1335 2707 1437 2770 lembus

535 2775 563 2824 ει
579 2777 654 2827 niens
671 2773 769 2830 indiciis
786 2786 803 2827 a
820 2787 868 2828 sno
884 2787 948 2839 rere
966 2777 1118 2830 constitutis.
1150 2777 1219 2827 ilaec
1235 2773 1336 2839 politica
1354 2774 1437 2826 incur-

534 2844 597 2893 runt
611 2842 637 2894 in
654 2842 755 2906 oculos,
779 2846 806 2895 et
825 2843 910 2907 piacet
926 2842 989 2897 ordo
1006 2846 1034 2895 ει
1050 2844 1192 2897 coniunctio
1209 2842 1311 2904 iegibus
1330 2846 1356 2893 ει
1373 2839 1437 2893 iudi·

536 2907 580 2962 siis
595 2907 719 2962 ιιειιιιειι.
753 2909 813 2964 ideo
831 2911 967 2964 ecclesiam
986 2912 1098 2972 multant
1113 2910 1230 2963 bomines
1247 2909 1357 2962 similem
1374 2908 1437 2972 poil-

536 2975 598 3028 iiam
621 2987 693 3039 esse,
718 2979 869 3040 praesertim
893 2990 950 3031 oum
973 2981 1000 3030 et
1015 2980 1084 3032 bens
1101 2975 1147 3030 tall
1164 2977 1275 3041 quodam
1293 2975 1382 3028 ordine
1399 2976 1437 3027 in-

536 3041 647 3096 stituerit
662 3044 776 3106 politiam
793 3046 937 3108 iiosaitsm,
953 3046 979 3098 in
996 3058 1047 3110 qua
1064 3047 1133 3097 certe
1150 3045 1247 3108 iioses,
1269 3045 1367 3104 Aaron,
1389 3043 1437 3096 iia-

534 3107 591 3231 {¹12ss
587 3110 697 3234 ¹⁸{ador
714 3115 761 3235 bertn
768 3112 866 3167 similes
889 3113 1016 3177 prbrcipes
1032 3115 1060 3164 ει
1076 3111 1209 3166 Pontifices
1226 3121 1287 3163 vere
1305 3113 1379 3163 erant
1396 3121 1437 3162 ec·

645 3191 713 3233 mem
762 3220 769 3234 .
1364 3202 1367 3206 ·

600 3264 728 3319 fiedninnt
755 3266 832 3329 istim
855 3266 990 3319 ecclesiam
1014 3279 1075 3319 esse
1103 3267 1204 3318 cossim
1228 3262 1436 3326 amplectentium

533 3333 697 3395 Evansedum
721 3334 846 3386 bonorum
875 3335 1052 3386 etmalorum
1078 3333 1210 3395 siiiqainm
1234 3330 1268 3383 ad
1284 3331 1388 3384 Petrum
1411 3332 1438 3381 et

535 3411 707 3463 successores,
725 3401 767 3464 qui
784 3401 875 3454 eodem
899 3400 973 3454 titulo
987 3403 1110 3463 mebant,
1135 3403 1162 3453 et
1185 3399 1219 3452 ad
1242 3409 1330 3451 eorum
1354 3397 1440 3460 leues,

536 3469 564 3518 et
579 3467 619 3519 bis
636 3467 828 3522 successoribus
850 3471 878 3521 et
898 3467 990 3521 turbae
1014 3469 1053 3521 eis
1076 3468 1224 3521 coniunctae
1249 3466 1364 3518 tribuunt
1379 3475 1437 3527 pro·

534 3533 604 3596 prias
629 3535 823 3598 praerogativas
852 3535 992 3598 ecciesiae,
1017 3534 1084 3599 qnod
1111 3546 1163 3586 non
1188 3534 1288 3597 possint
1306 3542 1393 3584 errare
1410 3531 1436 3582 in

534 3599 586 3653 ilde
603 3611 651 3654 seu
667 3602 827 3656 coemens.
861 3603 932 3656 ilaec
947 3602 1050 3665 publica
1066 3601 1212 3664 martialio
1229 3600 1371 3664 plausiblus
1388 3601 1437 3650 est

534 3667 595 3722 ideo
615 3680 674 3724 cum
696 3669 747 3722 aila
770 3670 857 3733 imaro
878 3669 1005 3724 εειιεειιε
1026 3671 1175 3734 proponitur
1191 3668 1312 3730 adustae
1329 3666 1363 3720 ad
1381 3676 1438 3718 ver·

534 3736 594 3789 bum
612 3737 665 3800 Ilei,
680 3748 732 3790 non
750 3737 784 3790 ad
800 3738 897 3802 titulos,
914 3738 1068 3800 iussisses
1085 3737 1211 3790 humanas
1235 3737 1279 3787 vei
1295 3733 1437 3788 successio·

534 3815 594 3857 nem
612 3803 766 3858 ordinariam
784 3816 961 3869 personarum,
979 3815 1045 3868 quae
1063 3815 1109 3856 eos
1126 3804 1213 3858 lituim
1230 3807 1336 3865 serunt,
1359 3803 1436 3854 vebs·

535 3872 695 3925 mentissirnc
719 3876 912 3926 commoventur
934 3871 1051 3924 bomines
1073 3871 1182 3934 politici,
1207 3872 1324 3923 amantes
1342 3867 1438 3921 ordinis

536 3941 563 3990 et
589 3939 786 4002 tranquillitatis.
821 3940 913 3993 bisunt
936 3938 1037 3992 furores
1061 3949 1121 3991 esse
1143 3940 1171 3989 ει
1187 3937 1259 3990 faces
1276 3937 1437 3995 seditionum,

536 4003 634 4067 dnqere
661 4006 796 4058 ecclesiam
821 4007 893 4058 reiut
909 4017 1024 4066 errones,
1049 4006 1106 4060 sine
1134 4005 1233 4068 capite,
1258 4004 1314 4056 sine
1331 4001 1438 4063 'ordire

536 4071 592 4124 sine
607 4073 723 4136 inperio.
757 4073 799 4136 Si,
824 4075 953 4138 inquiunt,
980 4073 1039 4126 talis
1063 4076 1136 4127 esset
1152 4071 1273 4133 ecclesia,
1299 4071 1342 4122 ubi
1360 4080 1438 4132 quae·

535 4139 617 4192 renda
634 4141 724 4193 essetf
740 4152 789 4192 nec
806 4141 878 4194 esset
894 4139 1025 4203 durabilis,
1043 4141 1094 4193 imo
1111 4152 1159 4193 nec
1170 4138 1283 4192 vbibiiis.
1312 4136 1436 4199 scriptum

535 4207 577 4260 est
591 4209 687 4271 autem,
703 4207 748 4261 bic
764 4207 903 4273 ecciesiae;
921 4217 983 4269 ergo
1000 4211 1101 4271 oporiet
1116 4206 1242 4260 risibilem
1260 4204 1371 4268 aliquem
1381 4215 1438 4256 cce·

535 4277 589 4328 turm
606 4286 675 4339 esse,
693 4277 720 4326 et
735 4274 828 4329 visibill
844 4287 876 4328 ac
893 4279 964 4329 certa
980 4276 1068 4339 politia
1079 4275 1301 4338 comprehensum,
1318 4272 1352 4324 ad
1362 4283 1437 4335 quem

532 4343 627 4396 referri
648 4344 835 4396 condormire
860 4344 967 4407 possint
1001 4345 1196 4404 demereantur,
1221 4342 1301 4405 alunt,
1326 4340 1376 4392 isis
1395 4340 1440 4390 de-

532 4411 590 4464 liria
605 4411 682 4474 piena
699 4411 864 4466 absurditatis
881 4416 908 4466 et
924 4412 1061 4475 amenme,
1077 4410 1220 4475 pnqnantla
1235 4420 1294 4462 crim
1311 4407 1440 4462 mmmnni

534 4489 627 4544 seusu,
652 4477 801 4541 ungentum
825 4481 905 4533 taiem
923 4481 1058 4534 ecclesiam
1076 4492 1128 4532 non
1144 4480 1276 4541 alligatam
1302 4475 1438 4530 adrestos

533 4545 623 4601 tium
639 4549 667 4599 et
682 4549 780 4600 cerum
798 4547 911 4611 polium
929 4559 962 4600 ac
977 4548 1174 4602 successionem.

600 4631 645 4684 iiis
662 4629 905 4696 declamationibus,
928 4634 958 4685 ut
974 4631 1114 4696 Propbetae
1138 4633 1165 4682 et
1186 4629 1299 4693 ilpostoli
1316 4638 1438 4693 praegra-

533 4696 673 4763 vabantur,
696 4699 732 4753 itu
748 4711 796 4754 nos
813 4711 830 4764 q
881 4710 914 4754 ue
931 4699 1085 4752 bonibliiter
1101 4697 1248 4761 premimur.
1284 4698 1353 4750 ilaec
1376 4699 1437 4749 suni

533 4762 655 4830 fulmina,
673 4765 815 4832 dequibus
830 4711 938 4821 mum
962 4768 991 4820 it
1008 4777 1067 4820 cum
1084 4765 1217 4819 sceleratis
1235 4767 1369 4828 reputatus
1387 4767 1436 4816 est.

533 4829 807 4889 tricameratam
822 4835 893 4898 bora,
911 4837 939 4887 ut
956 4836 1047 4896 omnis,
1065 4834 1108 4898 qni
1124 4833 1242 4886 interficit
1257 4844 1312 4893 vos,
1330 4832 1436 4885 arbitre-

532 4901 574 4951 tur
590 4901 741 4975 qbsequinm
760 4915 790 4956 se
807 4907 939 4965 praestare
956 4901 1015 4955 bec.
1049 4902 1113 4954 item
1137 4903 1160 4951 ι.
1181 4901 1236 4955 cor.
1254 4901 1278 4950 4.
1306 4901 1434 4965 Tanquam

531 4966 697 5033 aooappcso
713 4969 788 5023 huius
806 4969 894 5023 mundi
911 4981 1011 5023 sumus.

600 5051 748 5117 Quanquam
771 5054 848 5116 luitur
867 5055 999 5117 mserum
1021 5054 1136 5107 dolorem
1162 5053 1274 5106 ademar
1294 5051 1435 5105 moderatis

531 5118 639 5180 insemis
663 5119 712 5171 bae
737 5119 819 5173 falsae
844 5123 1045 5183 criminationes,
1071 5127 1159 5174 lamen
1176 5122 1277 5173 auinrus
1295 5118 1433 5182 eugendus

530 5187 557 5237 et
573 5183 764 5240 confirmandus
781 5192 822 5241 est
838 5191 878 5242 bis
896 5189 1056 5252 testimoniis,
1073 5201 1139 5254 qnae
1157 5189 1246 5242 iubent
1262 5188 1314 5241 ileo
1337 5189 1434 5240 obtem·

399 5227 402 5234 Ι
517 5263 622 5315 fleme
639 5257 666 5306 et
682 5254 774 5316 fusore
791 5255 873 5317 idola,
900 5258 1002 5310 etiamsi
1025 5269 1092 5310 nnus
1116 5257 1206 5320 aliquis
1232 5267 1337 5320 prorsus
1362 5255 1433 5308 scius

529 5323 602 5375 esset
624 5333 655 5374 ac
677 5324 765 5375 ateio
780 5323 876 5376 mundo
892 5324 1020 5378 desertos.
1055 5325 1170 5378 bmnium
1188 5325 1318 5377 hominum
1336 5322 1433 5375 iudiciis

529 5399 560 5439 aa
575 5389 749 5444 voluntatibus
772 5391 957 5444 mteferendae
983 5396 1044 5446 sunt
1060 5391 1110 5444 bae
1127 5404 1218 5445 voces:
1244 5393 1300 5445 lion
1325 5391 1433 5444 babebis

1619 1411 1689 1462 lianc
1707 1408 1860 1462 secundam
1879 1408 1911 1460 de
1928 1405 2097 1460 anteferenda
2114 1406 2192 1457 verbo
2209 1404 2255 1457 bei
2273 1403 2388 1456 omnbus
2405 1405 2453 1456 bo·

1549 1477 1671 1540 minibus,
1697 1477 1820 1531 creatrrris
1846 1481 1873 1528 et
1897 1477 2015 1528 omnibns
2039 1474 2197 1537 opinionibus
2223 1472 2324 1525 disca-a
2342 1483 2450 1524 messe

1549 1550 1598 1600 est
1632 1547 1696 1599 iiam
1715 1547 1742 1596 et
1758 1550 1832 1608 tunc,
1858 1556 1916 1597 cum
1933 1543 2088 1596 luctabimur
2104 1553 2161 1594 cnm
2179 1547 2277 1603 morie,
2311 1540 2451 1592 deserimur

1548 1614 1581 1667 ab
1598 1614 1715 1665 omnibus
1734 1613 1865 1665 aretinis.
1901 1611 1937 1665 ibl
1962 1615 2030 1663 cerie
2048 1609 2142 1672 smmui
2165 1607 2232 1661 banc
2255 1618 2337 1659 unam
2359 1605 2452 1659 babent

1548 1681 1762 1743 consolationem,
1788 1692 1853 1744 quae
1881 1675 1906 1730 in
1929 1688 1991 1730 voce
2008 1678 2053 1731 bei
2076 1677 2204 1739 proposita
2222 1679 2270 1728 est
2310 1675 2393 1737 dume
2411 1685 2453 1724 er·

1548 1753 1688 1810 aggeretur
1704 1749 1839 1800 andoritas
1857 1751 1884 1800 et
1901 1746 2030 1798 successio
2047 1745 2238 1807 Episcoporum,
2255 1747 2383 1806 quantum
2401 1739 2455 1793 deri

1548 1820 1649 1880 potest,
1677 1817 1765 1868 umen
1791 1827 1848 1868 cum
1873 1817 1972 1866 constet
1997 1812 2102 1865 defendi
2124 1813 2158 1864 ab
2175 1812 2213 1864 eis
2232 1810 2303 1862 idola
2322 1815 2350 1861 ει
2367 1810 2455 1872 impias

1547 1895 1657 1945 errores,
1674 1882 1807 1935 adversari
1823 1893 1932 1935 necesse
1951 1887 1999 1933 est.

1616 1967 1664 2020 libi
1688 1967 1765 2029 igitur
1790 1967 1936 2029 quaerenda
1956 1970 1997 2017 esi
2018 1961 2150 2016 ecclesia?
2185 1965 2293 2024 semper
2325 1962 2454 2014 deducunt

1547 2046 1594 2087 nos
1611 2036 1760 2097 Prophetae,
1778 2035 1891 2087 cbristus
1910 2037 1935 2086 ει
1952 2032 2065 2095 Apostoli
2082 2032 2115 2083 ad
2131 2032 2294 2091 Evangeiium
2306 2031 2367 2094 liei;
2385 2033 2455 2082 sem·

1548 2104 1632 2166 peris
1651 2107 1738 2154 coetus
1756 2105 1796 2153 est
1814 2102 1930 2158 ecclesia.
1948 2100 1991 2163 qni
2007 2099 2101 2151 redeat
2117 2099 2281 2159 evangeliun
2302 2097 2350 2149 bei
2376 2099 2455 2149 since·

1547 2182 1612 2222 runi.
1647 2169 1683 2220 ,id
1701 2168 1726 2220 id
1744 2169 1874 2228 alliganda
1899 2171 1952 2229 est,
1981 2179 2031 2219 non
2056 2166 2089 2218 ad
2112 2166 2198 2218 titulos
2216 2169 2242 2218 et
2261 2167 2453 2217 successionem

1547 2238 1734 2301 episcoporum.
1777 2238 1829 2289 ileo
1854 2241 1896 2289 est
1923 2239 2059 2297 propterea
2086 2233 2220 2286 invisibills
2244 2234 2376 2294 ecelesia,
2408 2233 2452 2285 sed

1548 2306 1657 2358 marium
1682 2304 1736 2355 vult
1751 2305 1819 2357 fleus
1841 2315 1902 2357 esse
1927 2305 2028 2354 coetum
2044 2301 2178 2354 visibilem.
2213 2299 2275 2353 idea
2298 2301 2373 2352 enim
2397 2313 2452 2353 corr

1549 2372 1612 2426 didit
1627 2383 1710 2436 genus
1727 2372 1876 2434 bumanum,
1894 2370 1951 2423 ideo
1968 2369 2078 2422 redemit
2094 2368 2239 2431 ecclesiam,
2257 2367 2317 2420 ideo
2337 2373 2391 2422 iarn
2409 2371 2454 2420 mi·

1548 2439 1631 2493 randa
1648 2438 1793 2502 spectacula
1810 2437 1954 2502 proposuit,
1981 2436 2142 2489 eductionem
2160 2447 2192 2486 er
2210 2437 2343 2500 Aegypto,
2371 2436 2453 2500 popuii

1548 2507 1739 2569 defensionem,
1755 2506 1976 2559 resuscitationem
1995 2507 2166 2563 nicenorum,
2184 2506 2212 2555 nt
2229 2504 2285 2566 ipse
2303 2504 2454 2562 innotescat

1546 2576 1602 2629 vuit
1619 2574 1728 2639 conspici
1745 2578 1773 2627 ει
1789 2574 1871 2626 audiri
1887 2573 2032 2635 ecclesian,
2056 2572 2111 2624 ruit
2127 2583 2185 2624 eam
2203 2572 2351 2624 reclamme
2370 2572 2454 2626 minii

1548 2645 1677 2696 emonbus
1703 2646 1730 2694 et
1754 2642 1885 2705 suscipere
1912 2641 2051 2694 certamina
2074 2642 2177 2703 propter
2201 2640 2335 2701 Evangelii
2365 2652 2453 2704 propn-

1548 2712 1710 2774 mationem,
1728 2709 1794 2761 sicut
1817 2709 1898 2774 inquit
1915 2707 2115 2776 versiculuszin
2138 2719 2242 2760 omnem
2261 2712 2361 2760 terram
2381 2708 2453 2762 exirit

1548 2790 1627 2831 sonus
1637 2787 1734 2830 eorum.
1751 2777 1795 2830 ilst
1811 2777 1888 2839 iritru
1895 2773 2000 2829 visibilis
2019 2779 2046 2827 ei
2063 2777 2149 2826 cemus
2162 2778 2251 2827 coetus
2270 2775 2396 2838 ecciesia;
2409 2774 2452 2830 sed

1549 2848 1636 2897 tamen
1660 2843 1773 2907 imperiis
1799 2854 1890 2906 regum
1917 2842 2064 2904 dissimilis,
2083 2842 2213 2896 subiectus
2230 2843 2302 2893 cruci
2319 2845 2391 2896 etin
2408 2844 2454 2895 boa

1549 2912 1644 2965 mundo
1662 2912 1842 2965 miserabiliter
1859 2913 2000 2974 dispersus,
2017 2921 2048 2962 ac
2065 2908 2123 2962 talis
2140 2909 2190 2961 fuit
2206 2910 2319 2963 ecclesis
2335 2911 2381 2964 bei
2398 2911 2454 2963 inde

1550 2992 1630 3044 usque
1647 2980 1680 3032 ab
1697 2979 1776 3041 initio,
1793 2980 1858 3032 silas
1875 2981 1968 3041 magis,
1984 2979 2048 3031 alias
2066 2979 2150 3030 minus
2167 2989 2334 3030 aerumnosa.

1617 3065 1676 3116 brat
1693 3063 1803 3115 ecclesia
1819 3063 1918 3116 familia
1934 3064 2029 3126 prima,
2052 3063 2100 3116 sed
2118 3063 2178 3115 crin
2197 3063 2285 3115 statim
2304 3063 2454 3116 ᾱιεεεεειιι

1548 3132 1706 3196 parentibus,
1723 3134 1750 3183 ει
1767 3132 1904 3193 posteritas
1921 3133 1954 3182 ab
1972 3143 2003 3183 eo
2020 3134 2076 3183 orta
2093 3129 2206 3183 condidit
2229 3131 2320 3182 urbem
2336 3133 2364 3182 et
2379 3135 2453 3182 ante·

1548 3201 1636 3257 celiuit
1651 3198 1771 3262 potentia
1805 3200 1847 3250 sic
1862 3202 1921 3263 post
1937 3197 2058 3251 diluvium
2077 3198 2177 3249 conditu
2195 3197 2321 3258 Babylone
2338 3195 2386 3248 fuit
2401 3196 2450 3246 ad·

1549 3267 1653 3320 modum
1671 3267 1764 3329 exigua
1781 3267 1889 3319 ecclesia
1908 3265 2004 3318 familia
2023 3267 2092 3328 sem,
2109 3265 2239 3327 Abrabae,
2257 3265 2330 3325 loib,
2346 3263 2449 3316 mime-

1548 3335 1621 3397 iacb,
1647 3338 1674 3387 et
1702 3335 1803 3397 aliquae
1829 3335 1925 3388 vicinae
1944 3333 2057 3385 familiae
2101 3333 2194 3385 Postea
2210 3333 2237 3383 in
2254 3335 2364 3395 Ampio
2380 3330 2452 3384 facta

1549 3406 1591 3456 esi
1616 3413 1710 3464 masna
1736 3404 1865 3466 accessio,
1890 3413 1948 3454 cum
1965 3401 2056 3464 iosepb
2078 3411 2167 3462 regern
2185 3401 2337 3463 temdum
2355 3405 2383 3451 ει
2399 3411 2452 3452 ma·

1548 3481 1627 3534 qnam
1645 3468 1731 3534 popuii
1747 3474 1846 3533 partem
1865 3469 1897 3522 de
1914 3479 1975 3522 vero
1993 3468 2062 3520 cuitu
2078 3467 2124 3523 bei
2140 3467 2285 3530 docuisset,
2312 3467 2359 3520 sed
2382 3468 2452 3519 breui

1549 3540 1730 3591 sumesserunt
1747 3538 1816 3601 impii
1833 3550 1918 3599 reges,
1932 3536 1975 3600 qul
1991 3536 2090 3587 abiecta
2108 3544 2170 3588 vers
2188 3533 2304 3587 doctrina
2328 3536 2451 3588 insieme

1548 3608 1640 3659 verunt
1665 3605 1734 3657 idola
1760 3608 1787 3657 et
1809 3605 1920 3668 ampieri
1942 3605 2003 3656 sunt
2028 3601 2114 3655 serua
2134 3603 2236 3663 mariae
2262 3607 2292 3654 et
2318 3603 2451 3655 ecelesiam

1549 3674 1614 3727 dura
1630 3674 1753 3726 servbme
1770 3677 1960 3735 oppresserunt

1617 3758 1710 3811 Postea
1726 3757 1753 3808 in
1770 3757 1862 3819 populo
1878 3756 1958 3809 israel
1975 3756 2024 3807 etsi
2040 3756 2091 3806 iam
2109 3754 2198 3806 sedem
2222 3755 2340 3818 dquam
2355 3761 2385 3808 ει
2402 3765 2454 3806 εει·

1549 3830 1600 3879 tam
1618 3825 1732 3888 politiam
1750 3827 1805 3876 erat
1822 3826 1904 3884 nacta¹
1922 3827 1950 3877 ut
1966 3826 2038 3876 esset
2054 3825 2140 3875 certus
2156 3822 2242 3885 lours,
2266 3824 2293 3875 in
2320 3835 2369 3886 quo
2388 3821 2452 3875 dilus

1549 3895 1594 3948 ilel
1617 3895 1769 3946 nasceretur
1791 3894 1817 3943 et
1834 3895 1902 3954 certa
1920 3890 2063 3943 testimonia
2082 3889 2236 3951 ederentur,
2259 3895 2350 3943 temen
2376 3902 2452 3954 quan·

1549 3966 1602 4014 turn
1621 3961 1669 4012 fuit
1686 3959 1871 4014 calamitatum!
1896 3959 2045 4022 plerumque
2064 3956 2195 4010 dissidium
2213 3958 2263 4009 iirlt
2285 3959 2357 4011 inter
2371 3959 2451 4021 lieres

1550 4034 1577 4082 ει
1601 4029 1750 4092 Prophetas.
1785 4030 1843 4079 Erat
1859 4027 1937 4088 igitur
1953 4026 2063 4077 ecclesia
2081 4036 2204 4087 oppressa
2221 4028 2357 4090 seruitute,
2384 4025 2449 4078 vide·

1549 4098 1610 4150 iicet
1626 4098 1765 4160 Prophetae
1785 4102 1811 4147 ει
1827 4106 1917 4147 eorum
1935 4094 2073 4146 auditores.
2107 4094 2201 4145 Postea
2217 4104 2273 4144 cum
2294 4094 2409 4156 Apostoli
2423 4094 2448 4145 is

1550 4168 1631 4218 ictum
1648 4166 1736 4217 orbem
1754 4163 1828 4217 missi
1844 4166 1941 4225 essent,
1958 4166 1985 4213 ει
2001 4163 2114 4214 Romana
2131 4161 2278 4213 monsrcbla
2297 4163 2412 4214 saeviret
2425 4161 2452 4211 in

1550 4231 1687 4295 discipulos
1704 4232 1898 4295 Apostolorum,
1919 4231 2002 4294 quails
2024 4229 2058 4282 ibi
2076 4230 2124 4282 fult
2140 4228 2264 4281 ecciesiae
2282 4230 2393 4291 poiitiai
2426 4228 2452 4281 E

1549 4311 1627 4363 saepe
1645 4301 1670 4350 in
1688 4309 1719 4352 eo
1737 4309 1851 4361 corpore,
1868 4297 1936 4361 quod
1954 4300 2058 4349 vocatur
2075 4297 2183 4361 populus
2200 4297 2256 4360 bei,
2280 4295 2390 4350 fuerunt
2413 4308 2453 4349 ra·

1549 4378 1597 4430 ges
1619 4370 1645 4419 et
1667 4364 1798 4429 pontifices
1821 4365 1909 4418 hostes
1927 4364 2064 4427 ecciesiae,
2088 4367 2118 4417 ut
2133 4375 2210 4427 reges
2228 4363 2310 4417 israel
2328 4365 2453 4417 defende·

1549 4435 1612 4487 bant
1628 4435 1724 4486 ceritum
1741 4433 1817 4497 Baal3
1843 4433 1946 4484 inierim
1970 4433 2036 4484 ailus
2060 4436 2148 4485 coetus
2172 4435 2227 4484 erat
2252 4434 2380 4496 ecclesia,
2410 4432 2453 4498 qni

1548 4502 1670 4554 audiebat
1686 4502 1834 4564 Prophetas,
1850 4501 1938 4564 illium,
1954 4499 2066 4552 Eiiseurn
2083 4505 2111 4553 ει
2126 4502 2198 4555 aiios
2222 4501 2252 4552 ft
2268 4502 2369 4555 amanis
2386 4507 2453 4553 tera·

1547 4570 1651 4634 poribus
1673 4570 1784 4623 marinis
1811 4579 1870 4631 pars
1886 4569 2064 4632 Episcomrum
2089 4571 2145 4621 erat
2161 4569 2334 4622 contaminata
2352 4580 2453 4622 veneno

1548 4638 1612 4703 ilrii;
1630 4637 1732 4690 interim
1751 4639 1806 4688 erat
1823 4635 1932 4689 ecclesia
1951 4636 2017 4689 ailus
2035 4639 2131 4699 coetus,
2149 4638 2191 4700 qui
2208 4635 2338 4688 retinebat
2354 4635 2454 4700 pnrita·

1548 4711 1599 4759 tem
1626 4704 1761 4767 Evarmeiil
1797 4703 1905 4764 Semper
1934 4705 2002 4756 enirn
2019 4705 2088 4758 fieus
2114 4716 2176 4757 suas
2202 4704 2300 4767 aliquas
2327 4704 2453 4769 reiiqrrias

1547 4778 1642 4834 servat,
1660 4778 1688 4826 ui
1706 4772 1784 4836 inquil
1801 4771 1902 4824 maias:
1926 4773 1979 4827 fiisi
1995 4773 2140 4836 reliquisset
2163 4773 2237 4824 nobis
2254 4772 2323 4823 bens
2350 4784 2454 4828 mman-

1547 4844 1613 4895 sicut
1630 4842 1740 4895 sodoma
1757 4845 1784 4891 et
1801 4840 1922 4892 Gomorra
1947 4838 2008 4892 faoi
2033 4852 2165 4901 essemns;
2189 4843 2216 4891 ει
2232 4840 2342 4902 scpbon.
2361 4839 2387 4889 ι.
2424 4841 2455 4892 ιι

1546 4910 1640 5030 ¹faciam
1666 4910 1790 5028 mfifflu'f'
1808 4909 1929 4971 populum
1947 4918 2085 4972 pauperem
2103 4911 2129 4960 et
2145 4918 2273 4970 egenum,
2298 4917 2453 4971 sperantem

1556 4991 1572 5029 n
1589 4979 1691 5031 nomine
1745 4975 1814 5027 mni.

1614 5063 1643 5115 m
1660 5072 1763 5123 semper
1778 5060 1803 5112 in
1822 5071 1853 5111 eo
1871 5062 1958 5122 coetu,
1983 5060 2026 5124 qul
2042 5059 2141 5112 sincere
2163 5057 2257 5112 reimet
2273 5059 2456 5124 Pvanqeiinm,

1547 5135 1606 5183 sunt
1629 5129 1707 5194 aliqui
1731 5140 1791 5180 vere
1809 5130 1860 5181 bec
1885 5128 2016 5190 placentes
2040 5131 2066 5179 et
2081 5127 2209 5179 haeredes
2226 5129 2295 5180 ritae
2313 5131 2452 5180 aetarnae.

1546 5199 1664 5251 Promisit
1681 5199 1748 5249 enlm
1765 5199 1833 5251 fleus
1851 5209 1880 5248 se
1889 5195 2025 5248 Eoeieslam
2044 5196 2092 5248 sibi
2109 5195 2221 5259 aliquam
2239 5206 2345 5258 semper
2362 5207 2454 5249 serra·

1546 5271 1630 5319 inrum
1649 5277 1722 5328 esse,
1743 5269 1771 5317 ει
1786 5268 1874 5318 servet
1890 5263 1944 5317 suls
1962 5263 2104 5324 beneflciis,
2121 5277 2173 5315 non
2191 5263 2309 5316 numanis
2326 5265 2454 5325 consilis,

1545 5336 1668 5397 vinculis,
1698 5333 1898 5387 ordinationibus
1924 5336 1950 5383 ει
1975 5331 2117 5392 praesidiis.
2165 5331 2225 5385 ideo
2251 5330 2319 5394 apud
2347 5332 2455 5386 Εειιιι

528 5455 595 5509 bees
611 5457 723 5522 alienos;
746 5458 824 5510 ium:
841 5460 928 5522 fusile
947 5460 1030 5524 ldois3
1054 5461 1129 5511 item:
1154 5460 1198 5513 iiic
1215 5463 1257 5513 est
1272 5459 1341 5511 illins
1358 5469 1432 5511 meus

529 5522 647 5589 dilectus,
664 5527 732 5579 bunc
748 5526 843 5580 audite.
1494 5524 1524 5590 a)
1543 5530 1569 5576 ui
1586 5522 1720 5575 oriiifiarii
1738 5521 1811 5572 Ειιιι.
1830 5520 1855 5566 ι.
1874 5518 1899 5565 4.
1918 5515 1942 5567 6.
1961 5517 1982 5566 ι.
2000 5516 2025 5563 ιι.
2047 5518 2082 5566 iu.
