5859 6734
838 713 862 778 l.
884 712 988 780 1.001
1007 710 1288 779 THEOLOGICI:
1307 711 1346 776 C.
1369 709 1582 778 SECUNDA
1601 710 1758 778 EORUM
1780 711 1938 779 AETAS.

542 900 715 969 vocabulis
737 921 823 985 quae
845 901 908 964 dao
925 901 1122 978 tribuuntur,
1144 900 1359 984 qnorumsin-
1400 897 1492 983 Ergo
1524 917 1665 964 necesse
1696 909 1830 964 astrea
1864 918 1905 962 ex
1937 896 2036 963 nihilo
2069 902 2219 967 conditas

477 1016 481 1031 .
602 991 610 1008 '
652 989 835 1052 tribuerunt
862 1005 923 1068 pro
947 986 1028 1049 riam
1049 986 1267 1051 substantiam
1288 985 1360 1047 sive
1402 1003 1490 1046 esse.
1533 980 1617 1048 lllud
1646 994 1755 1049 autem
1780 984 1814 1046 in
1839 981 1906 1046 hoc
1927 981 2063 1048 articulo
2085 1006 2221 1051 monere

566 1074 754 1139 trinitatem.
804 1069 897 1135 Siout
923 1007 1090 1134 llesiodus
1121 1067 1200 1132 iacit
1233 1066 1359 1146 Chaos,
1402 1086 1542 1132 necesse
1570 1080 1640 1146 est,
1669 1068 1759 1152 quod
1792 1068 1915 1131 creatio
1937 1070 1986 1132 sic
2007 1066 2143 1155 intelligi
2165 1072 2220 1135 da-

542 1168 685 1234 noctem,
702 1155 861 1220 herehum
883 1168 946 1220 etc.
991 1154 1040 1218 lta
1062 1155 1116 1217 isti
1138 1156 1360 1218 distraxerunt
1401 1153 1479 1217 beat
1486 1197 1496 1230 ,
1546 1153 1635 1237 quod
1660 1152 1754 1217 Deus
1782 1173 1848 1217 non
1881 1153 2074 1218 discesserit
2099 1175 2120 1218 a
2158 1175 2220 1220 suo

543 1241 628 1306 haec
648 1242 885 1317 aeternitatem,
906 1251 1058 1316 mentem,
1079 1259 1205 1316 verum,
1226 1240 1359 1315 bonum,
1403 1235 1551 1319 opificio,
1578 1240 1665 1302 sicut
1686 1236 1780 1303 faber
1808 1238 1947 1302 discedit
1967 1259 1988 1302 a
2009 1239 2107 1302 domo
2129 1236 2221 1303 facta

543 1327 733 1411 potentiam,
755 1326 958 1408 sapientiam,
979 1324 1134 1404 iustitiam
1151 1335 1184 1386 et
1196 1321 1262 1386 alia
1279 1321 1359 1387 mul·
1402 1333 1459 1386 aut
1480 1318 1642 1387 fabricata
1662 1342 1765 1402 nave,
1786 1323 1848 1386 sed
1868 1320 1962 1388 Deus
1973 1335 2133 1407 perpetuo
2145 1344 2220 1389 sus-

543 1423 588 1475 ta
633 1411 701 1475 Ant
723 1412 807 1474 enim
828 1407 1005 1472 voluerunt
1027 1407 1215 1493 significare
1236 1406 1360 1472 Valen·
1403 1416 1510 1471 tentat
1555 1419 1588 1470 et
1623 1417 1801 1472 conservat
1826 1425 1901 1483 ras,
1935 1418 1970 1472 et
2002 1409 2143 1491 impartit
2171 1411 2220 1472 eis

543 1496 655 1560 tiniani
675 1498 790 1571 norw)
819 1492 949 1557 differre
969 1503 1096 1576 patrem
1117 1490 1219 1555 lilium
1240 1504 1272 1556 et
1295 1493 1361 1573 spi·
1403 1503 1527 1555 motum
1545 1503 1577 1555 et
1598 1492 1708 1555 vitam.
1751 1490 1814 1554 Hic
1834 1486 2020 1557 intellectus
2045 1494 2220 1557 creationis

544 1582 641 1644 ritum
663 1590 814 1643 sanctum
835 1578 1006 1660 personia,
1034 1578 1100 1641 sed
1113 1587 1238 1640 tantum
1258 1577 1360 1640 nomi·
1402 1577 1614 1640 necessarius
1636 1587 1690 1640 est
1711 1586 1745 1641 et
1758 1577 1920 1725 proprius
1941 1577 2078 1658 piorum.
2107 1577 2221 1662 ltaque

545 1665 660 1741 nibus,
695 1675 732 1727 ut
763 1663 895 1727 ludaico
927 1681 1019 1727 more
1034 1663 1231 1726 *retinerent
1261 1682 1361 1725 unam
1402 1662 1436 1724 in
1457 1659 1595 1728 articulo
1619 1661 1661 1724 de
1683 1678 1761 1725 crea
1784 1678 1850 1725 οοο
1871 1680 2002 1744 semper
2021 1659 2221 1747 intelligatur
2308 1698 2312 1705 ·

544 1767 734 1832 personam,
754 1748 822 1811 Aut
839 1746 1013 1812 voluerant
1033 1743 1286 1811 innumerabiles
1304 1747 1361 1811 de·
1402 1757 1562 1830 perpetua
1592 1745 1802 1811 conservatio
1832 1755 1866 1808 et
1893 1748 2090 1809 sustentatio
2123 1766 2222 1830 quae·

546 1852 587 1896 os
609 1832 746 1918 lingere.
788 1831 964 1896 Sciendum
980 1843 1089 1896 autem
1109 1843 1162 1895 est
1181 1831 1361 1915 potentiam
1403 1831 1539 1914 dam.³⁶)
1568 1829 1677 1894 Credo
1698 1831 1732 1893 in
1753 1828 1850 1895 damn
1871 1840 1998 1914 patrem
2020 1832 2221 1915 armipoten-

548 1929 581 1980 et
602 1914 841 2001 appellationes
863 1919 1019 1982 virtutum
1038 1928 1076 1980 nt
1095 1916 1249 1994 iustitiae,
1270 1913 1360 1978 lorti·
1402 1926 1470 1979 tem
1491 1926 1675 1979 creatorem
1697 1910 1781 1979 caeli
1802 1925 1835 1979 et
1857 1925 1977 1986 terrae.
2003 1912 2220 2000 Hicintelliga

545 2002 676 2079 tudinis,
697 2002 951 2080 misericordiae,
969 2003 1119 2066 omnibns
1130 2002 1284 2085 personis
1302 2020 1360 2084 pa·
1402 2019 1471 2064 non
1493 1997 1600 2065 solum
1621 1999 1852 2078 conditionem,
1873 2000 1934 2062 sed
1954 2010 2146 2084 perpetuam
2162 2020 2222 2085 gu·

460 2137 468 2164 ,
503 2138 510 2151 .
544 2088 624 2150 riter
652 2087 828 2150 convenire
852 2089 858 2155 Ι
881 2106 945 2150 nec
978 2107 1034 2151 rea
1071 2105 1150 2149 esse
1188 2087 1360 2149 distinctas
1403 2085 1628 2149 ber-nationem
1650 2095 1683 2149 et
1704 2084 2001 2148 conservationem.
2037 2082 2220 2156 Quotartnis
2247 2105 2251 2112 ¹

543 2190 565 2234 a
596 2184 714 2235 natura
735 2172 819 2254 ipsa.
869 2169 1022 2235 Potentia
1054 2171 1107 2234 dei
1139 2181 1192 2232 est
1211 2171 1286 2253 ipsa
1308 2170 1359 2232 dei
1402 2165 1581 2234 foecundat
1609 2180 1750 2246 terram,
1802 2180 1935 2233 rocreat
1955 2166 2071 2254 fruges
2094 2188 2136 2232 ex
2155 2178 2221 2232 ter·

543 2265 671 2319 natura.
694 2254 821 2319 lustitia
836 2250 894 2319 dei
916 2267 969 2320 est
989 2258 1063 2339 ipsa
1084 2257 1137 2319 dei
1157 2266 1276 2319 natura
1296 2254 1360 2317 sic·
1402 2274 1459 2333 ra,
1489 2263 1649 2339 perpetuo
1672 2273 1736 2337 sup
1801 2255 1859 2317 'tat
1881 2253 2098 2318 animantibus
2123 2254 2222 2317 vitam

542 2352 580 2404 ut
610 2340 774 2424 potentia,
801 2339 1029 2403 Misericordia
1051 2341 1103 2404 dei
1129 2351 1183 2404 ast
1213 2341 1287 2422 ipsa
1307 2339 1361 2402 dei
1403 2350 1436 2402 et
1458 2349 1598 2413 motmn‚
1625 2338 1669 2402 Et
1695 2336 1779 2402 haec
1800 2357 1910 2402 rerum
1931 2338 2141 2402 conservatio
2164 2358 2222 2401 vo-

543 2435 661 2488 catura
690 2425 776 2487 sicut
803 2425 962 2506 potentia.
1005 2423 1146 2488 Tantum
1171 2426 1269 2508 igitur
1289 2435 1359 2487 tres
1403 2436 1496 2488 catur
1517 2424 1603 2486 actio
1620 2421 1684 2486 Dei
1705 2422 1910 2508 generalis!

543 2527 709 2590 personae
729 2509 962 2590 praedicantur
981 2520 1086 2590 pater,
1107 2506 1193 2572 lilius
1216 2519 1250 2570 et
1266 2508 1359 2591 spiri·
1443 2506 1498 2571 De
1525 2507 1592 2571 hoc
1623 2504 1762 2572 articulo
1795 2504 1892 2572 valde
1923 2508 2063 2591 prodest
2096 2506 2220 2571 hahere
2298 2559 2306 2587 ,
2341 2560 2348 2573 .

544 2602 598 2656 tus
620 2603 768 2655 sanctus.
800 2592 968 2676 Siquidem
989 2588 1106 2656 officiis
1125 2591 1215 2659 clare
1237 2592 1359 2655 discer·
1401 2593 1587 2657 testimonia
1609 2592 1652 2656 ad
1674 2591 1773 2656 fidem
1796 2591 2014 2656 exercendam
2034 2593 2067 2654 in
2088 2592 2221 2655 invoca·

544 2678 578 2740 ni
599 2688 753 2759 possunt.
796 2676 937 2759 Oportet
957 2678 1043 2741 euim
1056 2675 1223 2742 Christum
1239 2678 1359 2742 media·
1401 2678 1499 2743 tione.
1522 2677 1618 2740 Actis
1635 2674 1738 2740 XVII.
1761 2681 1828 2756 [vs.
1842 2674 1909 2755 98]
1927 2674 2050 2759 lnipso
2070 2677 2221 2754 vivimus,

543 2772 651 2824 torem
676 2773 709 2824 et
735 2760 976 2843 redemptorem
1003 2762 1192 2828 discernere
1212 2782 1234 2825 a
1252 2773 1359 2845 patre,
1400 2773 1572 2826 movemur
1583 2771 1617 2824 et
1627 2780 1751 2826 sumus.
1763 2760 1848 2826 Hah.
1859 2760 1884 2824 1.
1894 2767 1957 2838 [vs.
1965 2759 2012 2840 3.]
2020 2760 2146 2826 Ferens
2156 2782 2224 2825 om·

546 2856 581 2908 et
602 2856 733 2929 oportet
752 2844 841 2909 hunc
859 2845 998 2909 eundem
1019 2844 1186 2912 Christum
1203 2864 1281 2911 esse
1302 2866 1359 2910 na·
1402 2847 1457 2910 nia
1466 2847 1571 2911 verbo
1582 2848 1747 2928 potentiae
1758 2866 1849 2911 suae.
1862 2843 1935 2908 Col.
1949 2845 1973 2908 1.
1987 2852 2052 2924 [vs.
2066 2846 2129 2925 17.]
2147 2845 2224 2910 Om-

544 2940 619 2992 tura
640 2928 751 3001 filium,
763 2931 825 2994 dei.
870 2930 1010 3012 Oportet
1027 2943 1061 2995 et
1081 2931 1148 2995 hoc
1166 2932 1253 2995 scire
1270 2931 1359 3016 quod
1402 2933 1457 2995 nia
1469 2931 1501 2993 in
1521 2951 1561 2995 eo
1579 2932 1775 2995 consistunt.
1794 2930 1818 2993 1.
1833 2929 1913 2994 Tim.
1932 2930 1975 2993 V.
2000 2931 2109 2996 Vocat
2127 2933 2223 2996 deum

545 3011 698 3078 Christus
720 3016 835 3098 spiritu
856 3026 974 3079 sancto
1002 3014 1213 3094 consoletur,
1241 3017 1359 3100 guber·
1401 3015 1622 3080 vivificantem
1651 3019 1769 3080 omnia.
1800 3014 1880 3079 ltem
1899 3015 2078 3100 Speramus
2100 3017 2133 3078 in
2159 3017 2222 3080 deo

495 3153 498 3158 .
544 3109 612 3176 net,
638 3120 678 3163 ac
704 3099 849 3164 vivificet
877 3102 1068 3178 credentes,
1094 3101 1137 3165 Et
1157 3102 1191 3164 in
1212 3099 1266 3164 his
1288 3098 1360 3165 offi·
1403 3101 1480 3166 vivo
1513 3101 1567 3185 qui
1603 3111 1657 3164 est
1689 3100 1839 3165 salvator
1876 3101 2022 3171 omnium,
2057 3101 2223 3164 hominnm

545 3184 604 3247 ciis
633 3185 771 3268 agnosci
800 3196 833 3247 et
865 3184 1067 3270 apprehendi
1098 3187 1227 3249 trinitas
1251 3187 1359 3250 dehet
1403 3184 1542 3250 maxime
1564 3182 1713 3249 fidelium.
1757 3183 1838 3248 item
1867 3183 1904 3246 ln
1930 3185 1993 3248 deo
2015 3184 2147 3249 vivente
2169 3184 2223 3268 qui

544 3264 593 3331 lta
615 3267 741 3332 firmam
774 3270 937 3352 quandam
965 3271 1112 3334 notitiam
1139 3271 1360 3354 concipiemus
1426 3270 1541 3333 raebet
1569 3270 1678 3333 omnia
1702 3270 1801 3333 nohis
1823 3269 1953 3334 abunde
1974 3269 2017 3332 ad
2038 3266 2223 3346 fruendum,

545 3350 700 3416 etutilem
715 3354 758 3416 ad
768 3354 1009 3417 invocationem
1031 3365 1064 3416 et
1085 3355 1129 3417 ad
1143 3355 1360 3418 exercendam
1402 3290 1521 3416 llatth.
1554 3351 1597 3415 11.
1618 3351 1696 3417 Duo
1717 3371 1877 3438 passeres
1900 3372 1979 3417 asse
2000 3363 2065 3418 etc.
2108 3352 2223 3445 Vestri

544 3435 652 3500 lidan.
695 3434 791 3498 Aliae
813 3439 947 3501 ociosaa
970 3434 1226 3520 speculationes,
1253 3457 1362 3520 neque
1404 3446 1514 3501 autem
1544 3434 1652 3519 capilli
1680 3448 1743 3500 etc.
1787 3436 1845 3501 Ps.
1874 3434 1956 3503 0111.
2001 3437 2118 3502 Omnia
2146 3448 2222 3502 ata

544 3519 670 3582 firmam
691 3522 836 3582 notitiam
856 3522 997 3603 pariunt,
1019 3539 1126 3602 nequa
1137 3522 1249 3585 iuvant
1263 3520 1361 3586 fldem
1405 3530 1581 3601 expectant
1592 3531 1655 3585 etc.
1687 3519 1800 3593 Dante
1813 3532 1846 3585 te
1862 3518 1927 3587 illis
1948 3535 2012 3587 etc.
2040 3524 2224 3587 Avertente

546 3613 602 3667 aut
634 3604 896 3681 invocationem,
930 3602 1013 3668 Cum
1048 3603 1216 3688 disputant
1247 3605 1360 3690 magis
1403 3615 1514 3668 autem
1530 3616 1594 3669 etc.
1622 3604 1742 3671 Emitte
1767 3608 1916 3689 spiritum
1934 3617 1997 3671 etc.
2030 3606 2088 3670 Ps.
2104 3605 2221 3671 XCIX.

546 3686 624 3770 quid
644 3687 730 3749 inter
751 3705 830 3750 sese
854 3699 956 3772 agant
977 3707 1143 3772 personae
1165 3709 1262 3773 quam
1284 3690 1362 3774 quid
1405 3693 1470 3767 [vs.
1492 3685 1539 3770 3.]
1569 3688 1696 3755 Scitote
1717 3692 1806 3775 quod
1828 3690 1979 3757 dominus
2000 3693 2072 3776 ipse
2093 3702 2146 3755 est
2167 3693 2223 3756 de·

545 3772 717 3835 nobiscum
750 3783 868 3857 agant,
894 3772 966 3836 Nos
998 3782 1105 3837 autam
1136 3773 1361 3858 apprehenda-
1404 3791 1458 3850 us,
1480 3774 1554 3855 ipse
1574 3770 1653 3838 iacit
1674 3795 1739 3839 nos
1761 3787 1795 3841 et
1816 3795 1882 3840 non
1903 3777 1967 3861 ipsi
1988 3796 2070 3856 nos,
2090 3795 2222 3860 nosau·

545 3874 619 3918 mus
641 3875 699 3918 aas
721 3857 991 3939 quamadmodum
1011 3858 1177 3941 scriptura
1194 3860 1360 3925 easnohis
1403 3867 1471 3921 tem
1485 3855 1627 3940 populus
1643 3861 1795 3945 eiusflatc.
1817 3861 1942 3938 Nona)
1959 3864 2135 3939 nascimur,
2154 3879 2222 3923 non

545 3942 708 4023 proponit.
758 3939 917 4023 Proponit
942 3952 1051 4005 antem
1071 3943 1236 4025 scriptura
1263 3944 1361 4010 nobis
1405 3941 1544 4009 vivimus
1562 3955 1710 4009 casuam
1729 3954 1855 4009 tantum
1870 3947 1995 4009 nostris
2014 3947 2148 4025 viribus,
2160 3947 2223 4011 sed

546 4020 666 4088 officia.
711 4023 748 4087 ln
770 4024 854 4088 haec
874 4027 992 4089 intueri
1012 4046 1075 4090 nos
1097 4028 1211 4092 iubet.¹
1406 4028 1469 4091 deo
1479 4026 2222 4097 vivificanteetconservanteetc.Ps.XXXll.

1407 4116 1471 4188 [vs.
1485 4110 1535 4175 13.
1550 4112 1613 4193 15.]
1629 4112 1684 4179 De
1697 4111 1790 4179 caelo
1799 4117 1951 4199 respexit
1964 4117 2125 4195 dominus,
2142 4117 2224 4181 vidit

728 4199 805 4280 De
842 4197 988 4281 crea
1002 4201 1047 4281 ti
1061 4229 1128 4283 on
1144 4230 1177 4281 θ,
1406 4215 1521 4259 omnes
1532 4194 1618 4261 filios
1629 4197 1806 4278 hominmn,
1829 4198 1892 4272 Qui
1903 4201 2044 4283 linxit⁸⁷)
2057 4198 2222 4285 sigillatim

1405 4292 1470 4345 etc.
1491 4280 1549 4344 Ps.
1568 4281 1713 4346 CXLVl.
1734 4289 1800 4364 [vs.
1816 4281 1863 4363 8.]
1887 4282 1950 4356 Qui
1972 4287 2077 4368 operit
2095 4282 2222 4349 caelum

463 4408 471 4433 ‚
505 4407 512 4420 ·
588 4363 672 4428 'lota
692 4384 802 4426 rernm
822 4363 1033 4440 universitas,
1054 4362 1165 4448 angeli
1191 4376 1225 4428 et
1246 4385 1361 4431 onmes
1404 4366 1547 4430 nubibus
1570 4377 1634 4430 etc.
1666 4365 1724 4430 Ps.
1742 4366 1880 4431 XXXV.
1903 4374 1966 4446 [vs.
1983 4369 2030 4449 7.]
2063 4368 2221 4434 Homines

520 4446 737 4531 corporales
765 4459 918 4526 naturae,
951 4449 1084 4512 condita
1112 4461 1165 4514 est
1192 4470 1213 4513 a
1234 4452 1297 4515 deo
1321 4471 1362 4515 ex
1405 4461 1438 4512 et
1459 4450 1601 4515 imnenta
1624 4461 1686 4515 etc.
1709 4450 1780 4516 Filii
1801 4464 1911 4517 antem
1927 4453 2218 4537 hommumetcw)

546 4531 657 4610 nihilo,
679 4533 716 4597 ld
738 4544 858 4596 vocant
879 4535 1088 4611 creationem,
1109 4532 1153 4597 Et
1173 4547 1226 4598 est
1239 4537 1361 4600 descri-
1404 4533 1578 4598 Postremo
1601 4536 1699 4600 docet
1719 4536 1786 4601 hoc
1805 4538 1913 4620 ipsum
1930 4538 2035 4601 oratio
2049 4539 2221 4617 dominica,
2334 4540 2342 4549 '

568 4629 603 4681 ta
624 4618 747 4680 creatio
770 4619 897 4680 cumin
919 4617 1041 4681 Genesi
1063 4629 1130 4682 tum
1148 4639 1250 4702 saepe
1267 4619 1359 4684 alias.
1403 4621 1437 4683 in
1463 4641 1528 4704 qua
1548 4622 1697 4684 iubemur
1719 4632 1872 4704 patarea
1894 4624 2220 4706 deopanemquoti-

545 4640 602 4764 ls.
616 4700 749 4763 11111111.
763 4707 825 4776 [vs.
836 4701 881 4779 6.]
893 4702 1006 4767 Verbo
1018 4704 1138 4768 domini
1149 4703 1230 4768 caeli
1242 4717 1305 4768 etc.
1318 4705 1361 4770 Et
1405 4705 1546 4769 dianrun.
1590 4704 1793 4771 Confitemur
1823 4707 1919 4791 igitur
1952 4707 2046 4769 deum
2069 4709 2221 4791 suppedi-

546 4787 675 4850 deinde.
719 4785 795 4867 lpse
816 4787 895 4850 dixit
916 4799 949 4850 et
970 4785 1060 4852 facta
1081 4800 1144 4853 etc.
1178 4789 1244 4854 Ubi
1260 4791 1360 4873 signi-
1405 4799 1476 4853 tare
1508 4791 1640 4869 victum,
1674 4810 1728 4854 res
1756 4811 1823 4855 non
1852 4793 2046 4869 sustentari,
2073 4803 2219 4859 naturam

546 4871 623 4933 licat
641 4888 695 4932 res
718 4889 760 4932 ex
781 4869 881 4934 nihilo
894 4874 1043 4936 conditas
1062 4894 1140 4937 esse
1151 4893 1212 4958 per
1224 4877 1361 4939 verbum
1404 4895 1471 4938 non
1504 4895 1581 4939 esse
1617 4871 1813 4959 foecundam
1845 4877 1908 4938 nisi
1940 4877 2113 4941 adiuvante
2146 4878 2218 4941 deo.
2291 4918 2296 4927 -

548 4957 610 5020 dei.
655 4953 739 5026 Quia
761 4955 846 5017 enim
868 4956 931 5019 deo
953 4958 1083 5021 iubente
1105 4979 1160 5022 res
1183 4962 1360 5025 extiterunt

548 5059 609 5103 seu
640 5051 732 5103 ortae
761 5051 856 5117 sunt,
886 5059 967 5126 ergo
994 5062 1059 5106 non
1092 5056 1170 5108 sunt
1198 5056 1290 5109 ortae
1319 5065 1360 5109 ex

547 5121 656 5207 aliqua
679 5124 899 5206 praecedente
919 5128 1072 5205 materia,
1100 5128 1178 5192 ldeo
1205 5141 1239 5194 et
1266 5130 1360 5194 loan-

548 5213 660 5287 nes⁸⁴J
688 5210 789 5293 inquit
812 5209 928 5273 Omnia
953 5230 1015 5292 per
1035 5213 1142 5294 ipsum
1162 5211 1251 5278 facta
1272 5226 1360 5279 sunt.
1403 5197 1450 5261 ⁸⁵)
1470 5196 1607 5260 imm]
1625 5197 1698 5250 ¹³⁶¹st
1717 5196 1807 5249 ¹⁵³⁶*
1824 5210 1919 5251 ‘⁰¹⁰³‘

1404 5299 1451 5362 36)
1469 5298 1535 5360 Νοο]
1553 5298 1627 5351 Edltt.
1647 5298 1735 5350 1535.:
1752 5299 1779 5350 id
1795 5301 1836 5350 est
1852 5300 1907 5352 Non

1405 5401 1452 5464 ar)
1472 5400 1518 5461 on
1534 5400 1615 5465 nunt]
1632 5400 1705 5453 ano.
1727 5399 1813 5451 aaa:
1831 5400 1903 5463 anm

397 5465 444 5526 ⁸³)
462 5458 519 5514 Μ’·
538 5461 607 5514 ‘M‘
627 5465 709 5525 '⁰⁸5⁵
727 5461 778 5513 ³⁶⁶¹
795 5469 985 5532 expunctum.
1405 5500 1451 5564 aa)
1470 5501 1524 5553 rnn
1552 5506 1638 5553 auten
1667 5503 1798 5555 nonnum
1828 5501 1890 5564 etc]
1918 5501 1951 5552 a
1968 5503 2040 5558 sna
2060 5504 2141 5555 reas..
2169 5504 2218 5558 ‹re-

393 5565 443 5630 34)
460 5564 579 5627 laamas]
596 5566 641 5617 lis.
658 5565 766 5617 loannis.
1473 5571 1550 5618 aaut.
