5859 6734
437 749 439 754 ¹
462 673 526 737 itis
700 750 707 767 ι
1082 667 1205 762 ῬΗΠι
1228 669 1330 735 ital..
1351 667 1537 737 SCRIPTA
1558 664 1828 731 boemanos.
2387 675 2451 740 436

464 857 516 920 sic
536 865 647 918 tarrae
669 851 879 916 Palaestinae
901 861 934 914 et
955 849 1089 934 politiae
1111 850 1265 916 Iudaicae
1288 852 1368 916 nihil
1388 854 1433 915 ad
1452 855 1457 996 p
1476 853 1539 915 sibi
1560 847 1717 914 horribile
1740 850 1869 913 exitium
1890 851 1924 912 in
1954 848 2063 914 multis
2084 849 2170 915 locis
2188 858 2449 923 accersiverunt.

465 957 528 1004 nos
549 939 730 1022 pertinent,
759 946 869 1000 tamen
898 938 985 1000 sicut
1005 935 1075 998 Lex
1096 934 1230 1000 moralis
1251 938 1296 1000 ad
1318 954 1432 1000 omnes
1476 936 1539 1000 llio
1561 935 1817 1011 considerem,
1839 943 1994 1017 quantum
2014 933 2078 998 Dei
2102 935 2296 1002 beneficium
2318 942 2373 1017 sit,
2395 964 2451 1007 cu·

463 1025 615 1108 pertinet,
637 1022 686 1084 sic
699 1018 874 1104 generales
885 1021 1123 1101 promissiones
1141 1021 1272 1085 additae
1288 1018 1357 1106 legi
1367 1041 1434 1084 mo·
1478 1020 1605 1096 stodiri,
1626 1038 1668 1082 ne
1690 1019 1818 1101 decepti
1843 1039 1863 1080 a
1886 1016 2017 1082 diabolo
2045 1017 2108 1082 bos
2135 1031 2192 1082 aut
2215 1021 2337 1086 similes
2360 1044 2450 1088 erro·

466 1104 529 1170 rali
549 1107 593 1169 ad
614 1125 728 1168 omnes
750 1107 928 1185 pertinent3
950 1105 1036 1168 sicut
1059 1102 1244 1184 [Exodllb
1257 1105 1339 1184 iss.]t
1368 1103 1435 1168 llo·
1477 1124 1532 1167 res
1567 1101 1811 1188 amplectamur.
1859 1102 1944 1165 Nam
1972 1103 2127 1166 mirificas
2160 1104 2282 1169 diaboli
2314 1108 2450 1173 insidias

466 1211 554 1255 nora
576 1201 703 1273 patrem
730 1200 763 1252 et
791 1199 943 1264 matrem,
975 1198 1012 1250 ut
1042 1188 1089 1250 sis
1120 1187 1308 1274 longaevus
1335 1208 1435 1271 super
1478 1185 1568 1252 nulla
1592 1187 1736 1251 hamana
1761 1186 1932 1268 prudentia
1965 1188 2036 1249 sine
2058 1188 2182 1268 Spiritu
2214 1203 2332 1254 sancto
2367 1194 2451 1256 satis

466 1285 599 1338 terram.
653 1272 751 1336 Voce
782 1273 883 1354 igitur
913 1268 1041 1354 legales
1074 1273 1326 1354 promissiones,
1359 1274 1436 1357 quia
1479 1291 1599 1337 cavere
1619 1281 1740 1354 potest.
1782 1270 1976 1333 Exuscitent
1993 1272 2091 1356 igitur
2107 1273 2224 1335 nosad
2242 1272 2451 1340 benefacien·

467 1359 599 1421 additae
620 1367 696 1419 sunt
717 1354 847 1440 legibus
869 1356 1062 1432 moralibus,
1086 1375 1171 1440 quae
1181 1355 1226 1419 ad
1236 1376 1351 1421 omnes
1361 1374 1436 1442 per·
1479 1357 1555 1420 dum
1587 1357 1685 1420 etiam
1714 1356 1778 1418 bae
1812 1374 1952 1430 causae,
1992 1357 2080 1437 quod
2112 1357 2176 1419 ianr
2206 1352 2315 1440 aliquo
2349 1361 2450 1422 modo

467 1444 580 1506 tinent.
625 1439 706 1502 Gom
734 1453 844 1503 autem
871 1459 967 1505 nemo
994 1439 1061 1524 legi
1087 1437 1290 1517 satisfaciat,
1323 1451 1438 1505 essent
1479 1441 1522 1504 sit
1542 1436 1712 1524 possibilis
1735 1439 1825 1515 Lex,
1848 1439 1924 1522 quia
1945 1436 2054 1520 placet
2076 1438 2229 1503 inchoata
2250 1442 2451 1520 obedientia,

467 1525 578 1588 irritae
599 1525 834 1606 promissiones
855 1522 1002 1609 legales,
1023 1526 1147 1587 nisiex
1168 1524 1352 1611 Evangelio
1373 1527 1438 1588 iam
1480 1536 1514 1589 et
1534 1525 1621 1607 quod
1643 1526 1839 1606 promittitur
1859 1524 1956 1585 nobis
1978 1522 2142 1587 auxilium.

390 1685 393 1689 ¹
467 1609 645 1684 sciremus,
672 1606 906 1673 reconciliatos
927 1609 1130 1689 pronuntiari
1151 1610 1275 1686 iustos,
1302 1610 1438 1692 perinde
1564 1607 1709 1672 Econtra
1731 1609 1997 1683 consideremus,
2019 1621 2173 1693 quantum
2195 1619 2336 1672 noceant
2361 1607 2451 1674 mala

469 1714 511 1755 ac
538 1692 567 1754 si
589 1689 656 1776 legi
678 1690 931 1756 satisfecissent.
975 1691 1068 1755 'func
1093 1693 1192 1776 igitur
1217 1692 1307 1758 bona
1334 1713 1435 1777 opera
1479 1711 1592 1774 opera.
1635 1690 1778 1755 Primum
1799 1702 1964 1755 merentur
1979 1692 2059 1756 iram
2076 1692 2140 1757 Dei
2160 1704 2192 1756 et
2211 1693 2453 1758 damnationem

468 1776 651 1842 iudicantur
683 1778 824 1839 uaedam
839 1774 925 1860 legis
942 1773 1098 1858 impletio,
1120 1788 1154 1839 et
1163 1789 1331 1841 merentur
1340 1797 1435 1859 prae·
1481 1788 1656 1839 aeternam.
1700 1775 1876 1840 Praeterea
1897 1774 2081 1840 deformant
2092 1774 2304 1854 Evangelium
2327 1789 2361 1840 et
2404 1773 2454 1840 lo·

467 1861 544 1936 mia,
565 1877 641 1922 curn
661 1797 743 1924 funt
765 1862 808 1923 ab
831 1859 895 1937 bis,
917 1861 973 1943 qui
994 1859 1060 1923 fide
1080 1862 1145 1923 iam
1167 1863 1338 1926 consecuti
1361 1871 1438 1924 sunt
1480 1863 1561 1923 riam
1583 1860 1657 1924 Dei.
1702 1859 1794 1924 Sicut
1822 1861 1924 1943 inquit
1952 1859 2113 1945 propheta
2143 1859 2278 1940 [Ezecb.
2296 1860 2350 1938 36,
2367 1797 2454 1942 254:

468 1945 692 2008 remissionem
718 1956 931 2025 peccatorum
959 1955 992 2006 et
1018 1942 1331 2009 reconciliationem.
1375 1945 1437 2008 Fa·
1480 1942 1620 2026 Propter
1648 1965 1711 2009 vos
1736 1942 1823 2009 male
1851 1946 1940 2009 audit
1968 1965 2086 2009 nomen
2112 1943 2176 2007 Dei
2203 1946 2289 2008 inter
2315 1957 2453 2028 gentes;

469 2024 533 2092 cile
553 2038 662 2092 autem
688 2028 825 2091 indicari
854 2039 976 2110 potest,
997 2028 1073 2092 ideo
1100 2048 1164 2092 nos
1190 2029 1234 2090 ad
1256 2031 1340 2092 bene
1361 2049 1438 2110 ope·
1481 2048 1583 2111 quare
1603 2026 1820 2112 multipliciter
1835 2026 1942 2092 Deum
1965 2029 2141 2094 oflendunt.
2185 2027 2308 2108 Tertio,
2329 2027 2453 2093 babent

467 2115 604 2179 randum
626 2110 812 2197 frigidiores
836 2131 929 2188 esse,
958 2113 1034 2195 quia
1056 2113 1257 2176 somniamus
1281 2131 1383 2197 opera
1406 2123 1439 2174 et
1480 2133 1607 2195 poenas
1625 2125 1837 2196 praesentes,
1857 2111 1988 2177 Diaboli
2010 2113 2232 2198 tyrannidem,
2260 2114 2315 2197 qui
2335 2113 2453 2195 impios

467 2199 624 2263 exercitia
651 2207 766 2261 nostra
792 2197 859 2260 indi
885 2215 931 2258 na
958 2215 1035 2259 esse
1060 2198 1232 2281 praemiis,
1261 2209 1320 2261 aut
1348 2206 1439 2260 certe
1480 2199 1512 2260 in
1535 2209 1700 2281 potestate
1722 2196 1834 2275 babet,
1855 2209 1888 2258 et
1909 2199 1951 2260 im
1976 2196 2045 2261 ellit
2064 2199 2097 2260 in
2120 2198 2226 2260 omnis
2248 2198 2379 2279 generis
2401 2217 2453 2262 er·

468 2283 593 2349 frustra
613 2283 737 2364 suscipi
759 2282 873 2362 pericu
931 2291 964 2343 et
986 2280 1131 2345 labores.
1174 2279 1282 2343 Tanta
1298 2291 1350 2344 est
1365 2300 1439 2365 per·
1481 2300 1577 2343 rores
1600 2301 1641 2344 ac
1662 2281 1796 2366 flagitia.
1841 2219 2024 2346 sicutfaul
2047 2291 2220 2365 postquam
2243 2282 2365 2344 exarsit
2376 2283 2453 2346 odio

469 2369 610 2436 versitas
631 2367 730 2430 animi
751 2364 899 2440 humani,
920 2376 957 2427 ut
974 2383 1036 2427 nec
1058 2361 1243 2448 Evangelio
1264 2385 1328 2428 nec
1349 2361 1440 2448 lega·
1480 2364 1638 2441 Davidis,
1660 2365 1743 2428 adeo
1765 2363 1858 2442 furit,
1887 2378 1923 2429 ut
1951 2368 2047 2430 etiam
2069 2365 2269 2430 Sacerdotes
2297 2367 2453 2432 irmocen·

467 2452 556 2520 libus
577 2449 849 2534 promissionibus
876 2449 1001 2510 credat.
1045 2447 1081 2511 Si
1104 2458 1196 2511 certo
1219 2460 1439 2513 statueremus
1481 2449 1626 2512 tissimos
1647 2447 1796 2512 homines
1819 2448 1997 2514 crudeliter
2017 2451 2167 2514 trucidet
2212 2449 2404 2534 Sequuntur
2421 2464 2455 2516 et

468 2539 578 2604 Deum
594 2534 690 2598 nobis
717 2534 929 2615 precantibus
952 2541 984 2593 et
1013 2551 1073 2614 pro
1100 2533 1225 2594 nostris
1254 2530 1438 2596 benefactis
1482 2553 1609 2616 poenae
1620 2530 1823 2615 corporales,
1833 2530 1923 2596 bella
1933 2544 1966 2597 et
1976 2532 2060 2598 aliae
2072 2531 2285 2599 calamitates.
2314 2535 2455 2613 Quarto,

469 2639 586 2707 pacem
606 2629 639 2681 et
660 2615 724 2680 alia
745 2617 834 2679 bona
855 2615 1054 2679 redditurum
1072 2635 1164 2690 esse,
1191 2617 1297 2678 maius
1327 2618 1361 2679 in
1382 2636 1440 2679 no·
1482 2617 1701 2699 impediuntur
1722 2619 1831 2680 omnia
1852 2635 1869 2678 s
1894 2615 2033 2682 iritualia
2055 2620 2228 2695 exercitia,
2256 2621 2455 2704 extinguitur

471 2707 521 2770 bis
539 2702 679 2768 studium
696 2711 787 2763 esset
804 2708 894 2762 recte
910 2697 1060 2762 faciendi.
1094 2699 1173 2764 ldae
1192 2698 1366 2783 diligenter
1383 2718 1439 2762 no·
1482 2699 1567 2763 fides
1589 2702 1623 2763 in
1643 2700 1708 2777 bis,
1726 2702 1780 2784 qui
1802 2640 1972 2786 indulgent
1989 2703 2227 2785 cupiditatibus.
2266 2702 2455 2780 Postremo,

471 2789 553 2854 bisi
595 2787 680 2849 iset
701 2782 877 2849 Ecclesiae
903 2781 1106 2846 inculcemus
1128 2802 1194 2845 non
1221 2780 1345 2846 frustra
1367 2803 1440 2847 sus·
1505 2785 1570 2847 uod
1593 2785 1731 2848 maxime
1751 2785 1951 2849 horrendum
1974 2799 2037 2863 est,
2058 2797 2197 2869 peccata
2217 2799 2384 2852 merentur
2406 2790 2453 2851 in·

472 2873 536 2954 cipl
554 2805 711 2948 ffbores,
732 2869 792 2931 sed
813 2885 934 2952 magna
955 2868 1100 2956 praemia
1124 2885 1185 2929 nos
1207 2867 1440 2948 impetraturos
1482 2805 1703 2944 durationem,
1736 2880 1770 2932 et
1801 2871 1975 2950 puniuntur
2007 2871 2173 2953 peccatis3
2212 2873 2305 2934 sicut.
2329 2869 2454 2938 Paulus

472 2973 550 3019 esse
571 2950 756 3017 benefactis
782 2953 917 3015 nostris.
962 2951 1019 3013 Sic
1046 2953 1195 3014 exerceri
1222 2949 1320 3013 fidem
1346 2950 1440 3014 Deus
1481 2951 1576 3016 Rom.
1597 2951 1626 3013 l.
1649 2952 1823 3036 significat.
1868 2952 1937 3015 Hae
1964 2973 2086 3018 causae
2113 2951 2284 3037 diligenter
2306 2958 2453 3039 cogitau-

472 3039 643 3122 praecipit,
665 3046 698 3100 et
715 3039 759 3100 ob
780 3035 869 3100 hanc
888 3053 1024 3101 causam
1045 3037 1199 3118 operibus
1221 3036 1344 3101 addidit
1364 3055 1440 3118 pro·
1482 3036 1544 3098 dae
1565 3048 1653 3113 sunt,
1674 3047 1710 3100 ut
1732 3037 1941 3100 securitatem
1964 3035 2128 3101 carnalem
2148 3039 2369 3102 eiiciamusex
2387 3042 2455 3103 ani·

471 3122 664 3198 missiones,
691 3130 728 3184 ιιι
749 3119 848 3184 fidem
868 3138 929 3202 per
955 3117 1043 3182 tales
1065 3120 1264 3184 occasiones
1286 3137 1440 3184 exercea-
1482 3122 1555 3194 mis,
1577 3131 1610 3182 et
1632 3121 1798 3184 diseamus
1820 3121 1933 3183 timere
1952 3123 2033 3184 iram
2054 3120 2134 3198 Dei,
2157 3143 2197 3186 ac
2219 3143 2281 3186 nos
2302 3124 2346 3186 ad
2367 3125 2454 3188 bene

470 3225 555 3284 mus,
577 3206 760 3289 cogitemus
770 3223 834 3267 nos
845 3205 982 3267 daturos
996 3223 1074 3266 essa
1085 3201 1341 3287 eleemosynam,
1363 3204 1439 3287 quia
1482 3203 1684 3285 operandum
1705 3206 1896 3286 excitemus.
1940 3203 2001 3268 Est
2023 3217 2056 3268 et
2085 3207 2227 3270 breviter
2254 3206 2453 3284 addendum,

471 3288 546 3353 Deo
565 3286 702 3371 placeat
729 3288 794 3351 boc
815 3285 978 3365 officium,
1000 3298 1033 3351 et
1056 3307 1244 3372 quanquam
1264 3289 1371 3350 minus
1393 3288 1440 3349 vi·
1482 3307 1567 3370 quae
1596 3308 1617 3351 o
1641 3308 1699 3352 era
1727 3290 1934 3372 requirantur
1961 3308 1981 3351 a
2007 3287 2221 3368 Christianis,
2248 3301 2280 3352 et
2308 3290 2361 3372 qui
2386 3291 2455 3353 sint

472 3373 607 3436 deamar
628 3390 851 3454 comparcere,
874 3383 985 3435 tamen
1001 3371 1095 3436 Deus
1117 3374 1160 3435 sit
1181 3369 1361 3437 facultates
1382 3390 1440 3434 no·
1482 3374 1552 3435 veri
1632 3384 1683 3436 tus
1700 3370 1781 3449 Dei,
1810 3370 1962 3436 videlicet
1990 3392 2091 3454 opera
2098 3415 2109 3449 ,
2137 3393 2221 3456 quae
2241 3372 2332 3438 Deus
2354 3376 2454 3438 nobis

472 3467 562 3520 stras
585 3467 851 3532 conservaturus,
874 3460 916 3520 sit
939 3457 1075 3520 daturus
1097 3475 1214 3540 pacem
1236 3469 1269 3520 et
1295 3453 1361 3519 alia
1381 3476 1440 3538 pu·
1480 3456 1650 3602 praecipit.
1694 3455 1787 3521 Sicut
1807 3454 1932 3520 Paulus
1954 3456 2069 3533 docet,
2097 3477 2170 3520 cum
2194 3459 2239 3520 ait
2258 3458 2303 3538 [l.
2320 3456 2403 3521 Tim.
2422 3459 2453 3535 l,

471 3537 560 3604 blica
580 3540 768 3614 commoda3
795 3559 882 3624 quae
907 3541 937 3602 si
957 3561 1025 3603 non
1050 3541 1266 3617 haberemus,
1293 3537 1439 3604 funditus
1504 3547 1546 3617 .]:
1567 3540 1700 3604 Summa
1725 3540 1809 3624 legis
1828 3553 1879 3604 est
1896 3538 2026 3604 dilectio
2044 3560 2085 3604 ex
2103 3543 2205 3605 corde
2224 3562 2306 3624 puro
2325 3553 2357 3604 et
2374 3561 2454 3606 con·

471 3624 617 3706 perirent
642 3634 675 3686 et
701 3625 852 3707 privatae
877 3620 1065 3688 facultates.
1108 3623 1202 3688 llaec
1228 3625 1270 3687 de
1302 3624 1439 3707 promis·
1482 3624 1619 3687 scientia
1640 3626 1728 3688 bona
1750 3636 1783 3688 et
1803 3623 1867 3687 fide
1889 3643 1954 3687 non
1976 3623 2064 3688 licta.
2092 3625 2238 3690 Possunt
2256 3638 2364 3691 autem
2377 3637 2454 3709 apte

471 3708 621 3774 sionibus
654 3704 820 3793 legalibus
836 3709 913 3772 duxi
950 3709 1172 3772 adscribenda
1211 3726 1305 3784 esse,
1338 3718 1372 3769 et
1403 3717 1440 3771 ιιι
1481 3706 1602 3771 includi
1623 3709 1656 3770 in
1679 3706 1884 3792 decalogum.

472 3797 617 3862 sciamus
639 3814 706 3858 non
728 3811 805 3856 esse
826 3793 945 3870 irritas,
963 3812 1151 3875 quanquam
1167 3789 1234 3892 legi
1256 3811 1322 3854 non
1343 3793 1440 3852 satis·
1567 3789 1734 3853 Pertinent
1744 3790 1786 3852 ad
1803 3793 1939 3873 primum
1953 3805 2164 3874 praeceptum
2181 3794 2453 3875 poenitentiaseu

472 3877 624 3953 facimus,
646 3879 707 3940 sed
723 3875 943 3940 obedientiam
963 3875 996 3937 in
1019 3872 1239 3939 reconcilians
1251 3893 1328 3937 esse
1340 3893 1440 3956 quan·
1482 3876 1595 3951 timor,
1628 3874 1729 3949 fides,
1762 3893 1822 3936 seu
1850 3873 1969 3938 fiducia
1998 3876 2241 3941 misericordiae
2268 3879 2454 3960 promissae

473 3964 549 4026 dam
569 3960 655 4045 legis
681 3955 920 4043 impletionem
946 3969 981 4021 et
1003 3969 1040 4022 ut
1066 3959 1306 4022 meminerimus
1334 3958 1368 4020 in
1389 3955 1440 4019 his
1481 3969 1615 4041 propter
1642 3957 1825 4036 Christum,
1857 3979 1941 4043 quae
1969 3979 2034 4022 non
2061 3971 2113 4024 est
2134 3960 2349 4024 existimanda
2375 3956 2453 4022 leve

473 4047 629 4128 operibns
651 4043 915 4118 exuscitandam,
942 4043 1161 4106 exercendam
1184 4053 1217 4105 et
1245 4040 1440 4106 confirman-
1482 4052 1538 4126 aut
1559 4039 1711 4127 frigidum
1733 4063 1832 4124 opus,
1865 4045 1925 4106 sed
1946 4045 2063 4128 ingens
2091 4055 2197 4108 motus
2225 4052 2294 4117 est,
2326 4043 2453 4123 quoin

473 4130 549 4193 dam
570 4146 648 4192 esse
667 4128 777 4192 fidem.
1483 4145 1564 4190 vera
1586 4128 1795 4204 contritione,
1820 4129 1939 4204 idest,
1967 4129 2054 4190 veris
2075 4126 2251 4209 pavoribus
2279 4126 2452 4208 eriguntur

556 4213 705 4296 Exposui
732 4229 871 4288 causas,
898 4229 984 4293 quae
1007 4229 1071 4272 nos
1100 4211 1144 4273 ad
1170 4206 1442 4274 benefaciendum
1484 4211 1602 4286 corda,
1635 4222 1667 4274 et
1699 4211 1833 4276 vincunt
1861 4224 2007 4275 terrores
2041 4211 2164 4292 peccati
2198 4220 2230 4272 et
2263 4210 2451 4290 concipiunt

474 4299 658 4364 accendere
667 4297 804 4359 debentr
826 4295 1069 4371 necessitatem,
1081 4293 1270 4378 dignitatem
1280 4295 1441 4357 bonorum
1485 4292 1740 4358 consolationem
1763 4307 1794 4358 et
1815 4316 1934 4358 novam
1957 4316 1997 4358 ac
2018 4292 2219 4377 spiritualem
2241 4295 2349 4357 vitam.
2374 4291 2453 4356 Est-

474 4407 494 4446 o
519 4403 622 4458 erum,
642 4381 801 4462 praemia,
824 4379 1013 4441 exercitium
1034 4378 1119 4442 fidei.
1162 4376 1216 4440 Ad
1236 4374 1298 4441 has
1320 4397 1441 4441 causas
1484 4397 1547 4460 que
1568 4377 1652 4441 baec
1675 4379 1792 4442 fiducia
1813 4380 1946 4442 assidue
1968 4380 2151 4442 exercenda
2179 4379 2212 4440 in
2232 4377 2453 4454 invocatione,

473 4405 530 4531 tila
555 4467 732 4549 praecipue
759 4462 967 4546 adiungenda
992 4473 1061 4541 ast,
1093 4463 1182 4547 quod
1210 4462 1357 4544 quamvis
1384 4462 1441 4524 ob·
1484 4462 1515 4522 in
1539 4464 1687 4525 omnibus
1714 4461 1866 4543 periculis
1893 4476 1927 4525 et
1947 4465 2106 4548 negotiis,
2133 4475 2169 4525 et
2191 4462 2381 4543 petendum,
2416 4475 2452 4524 ut

474 4552 615 4616 edientia
636 4544 827 4631 imperfecta
849 4559 913 4623 est,
935 4556 1043 4608 tanren
1065 4547 1128 4609 iam
1149 4543 1258 4630 placet
1275 4548 1308 4609 in
1326 4563 1441 4608 reeon-
1482 4542 1577 4607 Deus
1598 4547 1791 4609 misereatur
1806 4549 1923 4623 nostri,
1943 4567 1984 4610 ac
1999 4545 2191 4622 sanctificet,
2212 4557 2318 4629 regat,
2333 4545 2454 4628 guber·

474 4631 602 4698 ciliatis.
645 4630 689 4694 Et
720 4631 809 4714 quod
837 4652 857 4693 a
884 4629 1005 4710 Spiritu
1038 4641 1153 4693 sancto
1186 4630 1377 4694 adiuvamur
1409 4639 1442 4690 et
1484 4643 1558 4707 net,
1579 4629 1711 4692 adiuvet
1732 4649 1806 4692 nos.
1838 4629 1886 4693 lta
1907 4632 1939 4693 in
1962 4633 2048 4694 onmi
2071 4632 2138 4694 vita
2158 4627 2319 4692 latissime
2418 4642 2454 4690 nt

474 4717 692 4794 custodimur,
718 4734 761 4778 ne
781 4713 945 4780 Diabolus
973 4712 1142 4795 pertrabat
1169 4733 1232 4776 nos
1245 4709 1287 4775 ¹in
1309 4731 1441 4776 errores
1484 4713 1640 4775 exercitia
1661 4711 1756 4774 buius
1779 4713 1864 4776 fidei.
1897 4713 1940 4778 Et
1960 4712 2043 4778 baec
2065 4714 2182 4778 fiducia
2204 4715 2289 4795 parit
2327 4713 2453 4776 'ectio-

554 4801 690 4878 torosos,
710 4810 767 4864 aut
789 4801 831 4864 ad
853 4798 993 4882 flagitia3
1014 4797 1089 4860 ideo
1111 4799 1266 4880 scriptum
1288 4809 1340 4860 est
1358 4795 1441 4874 [lob.
1484 4817 1558 4861 nem
1579 4795 1653 4858 Dei.
1697 4793 1777 4857 Cum
1800 4800 1884 4860 enirn
1905 4799 2099 4883 agnovimus
2121 4796 2372 4881 magnitudinem
2394 4797 2451 4858 mi-

472 4821 622 4962 lla-12
644 4884 718 4948 Non
741 4881 920 4966 relinquam
941 4899 1004 4944 vos·
1027 4881 1203 4964 orphanos.
1247 4880 1320 4944 Hoc
1344 4881 1441 4944 bene·
1484 4879 1684 4944 sericordiae
1705 4878 1785 4956 Dei,
1811 4882 1875 4945 iam
1897 4894 1929 4945 et
1951 4880 2085 4967 diligere
2112 4882 2302 4963 incipimus,
2328 4889 2361 4942 et
2382 4889 2452 4942 sta·

472 4967 601 5045 ficium,
623 4987 721 5052 quarn
741 4965 809 5030 late
871 4975 953 5042 teat,
975 4985 1075 5049 quarn
1098 4978 1225 5051 gratum
1247 4965 1342 5028 nobis
1365 4983 1442 5026 esse
1483 4966 1602 5029 tuimus
1628 4983 1691 5027 nos
1714 4983 1814 5028 curae
1842 4985 1919 5030 esse
1940 4966 2015 5030 Deo
2042 4976 2074 5030 et
2096 4966 2243 5029 exaudiri
2265 4975 2327 5027 etc.
2371 4960 2452 5026 Per·

474 5051 611 5128 debeat,
638 5047 728 5114 nulla
748 5069 814 5114 vox
853 5069 973 5112 amana
1000 5068 1062 5132 pro
1083 5050 1304 5133 magnitudine
1331 5045 1441 5193 eloqui
1483 5050 1563 5110 tinet
1576 5051 1606 5128 ³)
1645 5049 1688 5110 ad
1724 5050 1861 5132 primurn
1895 5061 2105 5134 praeceptum
2137 5051 2233 5112 etiam
2264 5047 2452 5110 obedientia

498 5145 596 5197 otest.
628 5133 776 5196 Vidimus
792 5132 1029 5215 Arrabaptistas
1046 5133 1099 5196 bis
1116 5136 1208 5197 annis
1224 5130 1332 5213 plane,
1353 5146 1441 5196 veut
1484 5133 1515 5195 in
1539 5131 1778 5199 adflictionibus
1802 5155 1862 5200 scu
1879 5137 2045 5218 patientia,
2068 5135 2109 5197 de
2131 5153 2196 5218 qua
2218 5152 2278 5195 suo
2296 5128 2372 5194 loco
2404 5131 2451 5193 di·

474 5157 602 5282 laem
640 5215 750 5300 aliquo
793 5216 1017 5291 dementatos,
1060 5214 1169 5317 palam
1207 5217 1342 5302 impias,
1384 5219 1440 5279 ab·
1482 5235 1605 5280 cemus.

475 5300 595 5364 surdas
618 5310 650 5362 et
671 5300 847 5363 seditiosas
870 5298 1041 5378 opiniones
1062 5310 1107 5362 rta
1128 5300 1294 5362 mordicus
1316 5311 1440 5376 tenere,

476 5396 600 5448 utnon
628 5381 734 5446 solum
761 5382 840 5465 eripi
867 5382 932 5444 sibi
953 5377 1027 5446 illas
1054 5402 1120 5445 non
1142 5394 1348 5466 paterentur,
1381 5383 1440 5444 sed

476 5469 573 5529 etiam
610 5467 845 5549 superbissime
892 5474 1139 5529 contemnerent
1172 5468 1365 5531 monitores:
1396 5466 1441 5529 ita
1482 5486 1512 5546 a)
1531 5485 1651 5550 Pertinet]
1671 5489 1713 5541 aa
1729 5491 1766 5536 rr.
1784 5492 1811 5538 at
1827 5488 1904 5548 opp:
1922 5485 2050 5536 reamare
