5859 6734
463 713 528 777 493
1073 711 1183 774 PHlL.
1205 710 1308 775 MEL.
1330 709 1517 776 SCRIPTA
1538 706 1814 774 DOGlllAT1CA.
2383 710 2449 775 424

463 900 648 962 credendus
667 907 718 960 est
735 895 787 958 hic
804 893 974 972 articulus,
990 893 1291 978 Remissionem⁸⁸)
1314 914 1432 976 pecca·
1477 893 1633 969 cordiam,
1655 904 1691 955 ut
1713 889 1865 956 videlicet
1887 894 1931 955 sit
1948 903 2082 954 eertum.
2117 891 2153 954 ln
2171 890 2283 969 Petro,
2305 892 2448 973 Davide,

464 994 582 1046 torum.
626 982 669 1044 Et
701 980 914 1063 improbanda
946 991 997 1043 est
1025 977 1160 1065 vulgata
1186 978 1313 1060 opinio,
1349 997 1433 1061 quae
1476 978 1575 1041 debet
1601 977 1743 1040 existere
1773 977 1943 1054 contritio,
1976 978 2036 1038 sed
2062 986 2097 1037 ut
2123 977 2254 1058 possint
2276 978 2367 1041 reddi
2389 1000 2448 1062 pa-

464 1068 551 1130 iubet
574 1067 739 1140 dubitare,
767 1085 809 1127 an
833 1066 1011 1128 habeamus
1033 1065 1259 1127 remissionem
1280 1074 1433 1145 peccato·
1477 1070 1570 1125 eatae
1592 1062 1738 1143 ipsorum
1760 1061 1998 1137 conscientiae,
2021 1071 2167 1123 statuere
2190 1060 2329 1138 debent,
2353 1077 2447 1128 certo

464 1172 546 1214 rum.
589 1150 688 1213 Fides
716 1150 814 1233 igitur
840 1146 939 1211 habet
967 1167 1004 1210 se
1027 1144 1224 1211 correlative
1246 1148 1288 1209 ad
1309 1147 1434 1209 miseri·
1477 1145 1558 1227 ipsis
1585 1146 1704 1207 remitti
1753 1156 1882 1221 cecata,
1908 1165 1976 1208 non
1997 1154 2131 1226 propter
2153 1144 2344 1229 dignitatem
2367 1168 2448 1210 con·

465 1236 609 1300 cordiam
631 1246 787 1316 tanquam
808 1234 851 1295 ad
873 1233 1045 1295 obiectum.
1077 1230 1189 1303 Quare
1209 1250 1283 1293 cum
1305 1230 1433 1305 dicitur,
1477 1229 1616 1292 tritionis
1638 1240 1694 1292 aut
1747 1231 1852 1292 iorum
1875 1249 2020 1313 operum,
2042 1227 2103 1290 sed
2125 1229 2229 1312 gratis
2245 1248 2305 1310 per
2323 1231 2448 1296 miseri·

466 1317 531 1382 fide
554 1317 782 1391 iustificamur,
804 1319 849 1378 ita
872 1325 961 1378 recte
981 1312 1119 1400 intelligi
1142 1313 1226 1378 haec
1250 1314 1357 1400 ligura
1377 1334 1435 1395 po·
1478 1314 1625 1376 cordiam
1651 1324 1787 1395 propter
1809 1312 1985 1376 Christum.
2029 1312 2119 1375 Haeo
2145 1313 2368 1395 interpretatio
2391 1336 2448 1380 ex·

465 1403 558 1476 terit,
584 1422 658 1464 cum
679 1397 965 1463 transsonnabitur
985 1400 1018 1461 in
1039 1397 1285 1463 correlativam:
1320 1396 1435 1462 1usrtfi·
1479 1394 1605 1460 clusive
1636 1395 1716 1459 nihil
1747 1396 1846 1460 habet
1878 1397 2027 1473 absurdi,
2060 1398 2125 1458 inro
2158 1398 2347 1462 necessaria
2380 1413 2448 1465 est.

467 1503 579 1547 carnur
604 1505 665 1566 per
690 1485 947 1547 misericordiam
966 1484 1164 1567 promissam
1185 1494 1320 1567 propter
1342 1480 1435 1546 Chri·
1478 1481 1562 1543 Nam
1582 1482 1616 1543 in
1637 1483 1724 1544 veris
1747 1483 1928 1544 terroribus
1949 1501 2016 1544 non
2036 1480 2169 1565 ignorat
2198 1499 2308 1556 mens,
2335 1480 2448 1547 Deum

466 1579 568 1642 stum3
600 1569 661 1630 sed
691 1566 774 1630 lraec
806 1568 1030 1630 misericordia
1063 1566 1128 1630 fide
1160 1566 1436 1650 apprehendenda
1479 1567 1610 1642 bonum,
1625 1564 1871 1630 misericordem
1888 1584 1975 1629 esse.
2005 1564 2073 1628 Sed
2087 1561 2167 1627 illud
2184 1566 2320 1648 quaerit,
2336 1579 2448 1631 utrum

466 1660 529 1716 est.
573 1651 646 1714 Hoc
668 1653 753 1715 enim
774 1653 843 1736 agit
865 1651 989 1715 Paulus
1013 1649 1119 1727 [Rom.
1141 1651 1205 1730 3.],
1229 1648 1435 1716 reconciliari
1478 1650 1619 1712 remittat
1646 1649 1806 1734 indignis,
1839 1661 1945 1714 utnrm
1973 1650 2076 1735 gratis
2109 1649 2270 1712 remittat?
2311 1647 2448 1716 Nullum

465 1733 613 1799 homines
625 1736 744 1800 fidncia
755 1733 851 1798 alieni
863 1733 1024 1812 beneficii,
1046 1755 1111 1798 non
1123 1747 1259 1818 propter
1293 1737 1436 1819 ropriam
1477 1732 1601 1796 invenit
1631 1752 1730 1816 opus,
1757 1735 1846 1816 quod
1866 1735 1974 1817 possit
1995 1751 2160 1817 opponere
2180 1734 2249 1796 irae
2269 1732 2353 1812 Dei,
2381 1756 2449 1820 quo

461 1819 654 1902 dignitatem
682 1841 743 1884 seu
793 1818 963 1882 ualitatum
992 1839 1053 1883 seu
1080 1839 1226 1902 operum.
1300 1840 1361 1883 aec
1383 1829 1441 1882 est·
1478 1820 1583 1900 possit
1615 1815 1749 1900 placare
1779 1819 1861 1882 iram
1893 1816 1966 1880 Dei.
2021 1815 2183 1901 Agnoscit
2221 1817 2288 1879 indi
2336 1819 2449 1884 itatem

465 1923 621 1987 gemrana
643 1917 676 1968 et
698 1842 835 1986 simplex
858 1900 951 1966 Pauli
973 1905 1163 1967 sententia'
1478 1921 1583 1978 suam,
1602 1902 1754 1987 agnoscit
1765 1921 1803 1965 se
1818 1905 1960 1978 reamffl)
1972 1919 2058 1964 esse.
2086 1900 2176 1964 llaec
2187 1901 2287 1986 igitur
2327 1903 2448 1984 pitasis

548 1987 621 2052 Etsi
649 2001 757 2054 autem
781 1987 873 2052 hanc
906 1986 1058 2052 fiduciam
1091 1988 1278 2052 obedientia
1308 1997 1435 2066 nostra,
1479 1997 1531 2049 est
1559 1986 1759 2064 certaminis,
1787 1999 1897 2050 utrum
1923 1996 2048 2049 certum
2069 1986 2112 2048 sit
2172 1989 2237 2049 atis
2260 1987 2376 2050 donari
2399 2007 2449 2050 re·

464 2084 501 2137 ut
520 2084 640 2156 postea
661 2074 779 2150 dicam,
801 2083 834 2136 et
872 2068 1027 2155 leraeque
1049 2073 1187 2134 virtutes
1211 2073 1358 2136 conritmi
1380 2073 1436 2134 de·
1478 2071 1668 2134 missionem
1695 2081 1906 2151 peccatorum
1935 2070 2087 2154 indignis.
2146 2071 2207 2132 deo
2229 2068 2450 2156 Evangelium

465 2160 560 2232 bent,
593 2171 702 2221 tamen
735 2177 802 2220 non
827 2094 938 2238 plcet
963 2153 1041 2220 mihi
1069 2156 1208 2220 istorum
1234 2157 1435 2241 imaginatio,
1480 2154 1689 2220 conscientiis
1711 2155 1744 2218 in
1765 2153 1831 2216 hoc
1850 2155 2026 2219 certamine
2041 2154 2167 2216 iirmam
2185 2153 2450 2220 consolationem

464 2241 519 2326 qui
540 2261 644 2318 nunc,
673 2253 709 2304 ut
732 2242 903 2304 videantur
926 2241 1087 2302 commodi
1109 2241 1324 2322 interpretes,
1350 2240 1436 2324 peri·
1478 2239 1647 2322 proponit,
1679 2247 1714 2302 et
1745 2238 1841 2302 docet
1871 2239 2121 2322 promissionem
2155 2239 2330 2324 gratuitam
2358 2257 2448 2317 esse,

466 2321 614 2390 culosam
646 2325 824 2410 κατάχρησιν
857 2321 1023 2388 adhibent.
1068 2322 1137 2387 lnte
1177 2335 1339 2404 retantur,
1371 2323 1437 2388 fide
1479 2334 1619 2388 testatur
1651 2326 1754 2409 gratis
1787 2324 1906 2388 remitti
1937 2334 2075 2405 peccata
2106 2336 2242 2405 propter
2268 2324 2448 2405 Christum,

464 2407 688 2487 iustificamur,
709 2410 744 2474 id
766 2422 828 2486 est,
851 2418 920 2472 tota
941 2409 1092 2473 doctrina
1113 2428 1150 2470 re
1163 2409 1295 2492 igionis,
1318 2410 1352 2474 id
1373 2419 1436 2485 est,
1479 2420 1578 2491 atque
1615 2409 1660 2471 ita
1696 2426 1776 2471 vere
1807 2408 1905 2473 docet
1935 2408 1983 2472 uti
2015 2406 2195 2472 mediatore
2227 2421 2260 2474 et
2291 2411 2449 2496 pontifice

464 2489 551 2580 lege.
595 2491 687 2556 llaec
714 2492 939 2576 interpretatio
968 2503 1001 2556 et
1027 2493 1205 2575 irnpropria
1226 2505 1295 2571 est,
1324 2505 1358 2557 et
1380 2495 1437 2556 ob·
1480 2489 1626 2556 Christo.
1671 2490 1763 2556 lubet
1788 2493 1877 2558 hunc
1904 2495 2117 2558 mediatorem
2139 2497 2259 2580 opponi
2281 2497 2351 2560 irae
2371 2495 2448 2575 Dei,

466 2586 580 2642 scurat
601 2575 695 2640 Pauli
716 2577 920 2642 sententiam.
952 2576 1067 2640 Aristo
1080 2572 1181 2642 Chius
1203 2577 1321 2642 dicitur
1341 2577 1438 2641 etiarn
1480 2577 1570 2641 iubet
1593 2586 1748 2654 statuere,
1771 2580 1859 2662 quod
1879 2591 2014 2663 propter
2035 2578 2123 2644 hunc
2138 2579 2324 2662 pontificem
2345 2581 2449 2646 Pater

466 2657 583 2724 solitus
606 2661 790 2744 disputare,
823 2662 964 2724 virtutes
991 2679 1123 2738 omnes,
1156 2681 1253 2725 unam
1274 2663 1438 2745 quandam
1480 2662 1577 2724 nobis
1597 2659 1747 2744 placatus
1770 2673 1804 2726 et
1818 2664 1977 2746 propitius
1995 2663 2047 2727 sit.
2081 2661 2175 2728 Hanc
2190 2661 2449 2731 consolationem

465 2745 617 2810 virtutem
639 2765 727 2822 esse,
749 2765 846 2830 quam
864 2745 993 2828 quidem
1014 2745 1086 2829 ipse
1107 2747 1296 2808 nominabat
1316 2743 1436 2824 irtam.
1482 2745 1662 2809 obruerunt
1682 2744 1846 2822 monachi,
1868 2749 1924 2831 qui
1941 2760 1974 2811 et
1992 2748 2141 2812 dubitare
2155 2750 2280 2827 iubent,
2303 2771 2346 2814 an
2368 2772 2449 2817 con·

466 2830 516 2892 lta
546 2830 602 2892 isti
634 2829 853 2914 imaginantur
884 2829 949 2892 fide
981 2830 1068 2913 apud
1097 2826 1235 2892 Paulum
1260 2828 1439 2915 significari
1480 2827 1586 2913 tingat
1607 2829 1758 2893 remissio
1779 2842 2007 2914 peccatorum,
2035 2844 2068 2897 et
2089 2831 2327 2900 transtulerunt
2348 2836 2449 2901 bene·

466 2925 570 2976 totum
592 2912 730 2977 chorum
750 2915 913 2978 virtutum.
958 2912 1102 2990 Deinde,
1124 2916 1248 2976 amissa
1267 2911 1439 2996 principali
1481 2910 1590 2976 ficium
1609 2910 1731 2977 Christi
1747 2915 1781 2976 in
1800 2933 1901 3000 opera
1918 2913 2094 2993 hominum,
2117 2917 2298 2982 docuerunt
2312 2931 2449 3004 propter

466 2999 629 3065 sententia
653 2995 763 3076 Pauli,
785 2999 924 3062 redeunt
945 2997 988 3061 ad
1010 2996 1096 3084 legis
1119 2997 1318 3074 doctrinam,
1341 3009 1374 3061 et
1396 2998 1438 3060 de
1481 2997 1670 3081 dignitatem
1693 3017 1828 3080 operum
1846 3001 2036 3084 contingere
2053 3002 2277 3065 remissionem
2293 3015 2449 3085 peccato·

465 3084 532 3149 hac
552 3082 728 3168 magnifice
757 3080 982 3159 declamitant,
1016 3093 1049 3145 et
1076 3082 1262 3145 existimant
1287 3080 1437 3146 homines
1482 3101 1563 3144 rum.
1608 3080 1655 3144 lta
1684 3080 1782 3147 simul
1811 3086 2071 3149 obscuraverrmt
2099 3083 2292 3148 beneficium
2322 3085 2449 3152 Christi

488 3179 601 3252 ropter
626 3168 792 3252 propriam
820 3167 1027 3313 dpgnitatem,
1058 3177 1194 3250 propter
1219 3165 1438 3250 impletionem
1482 3176 1515 3229 et
1537 3167 1767 3232 excruciarunt
1787 3168 1860 3251 pias
1882 3179 2020 3232 mentes.
2053 3168 2095 3232 Et
2114 3165 2177 3232 hae
2195 3169 2349 3250 opinione
2367 3173 2450 3237 sub·

466 3191 552 3340 legis
573 3253 679 3316 iustos
706 3271 793 3316 esse.
870 3271 909 3314 ec
937 3251 1050 3314 vident
1076 3251 1150 3313 ideo
1173 3248 1312 3314 Paulum
1332 3261 1439 3315 tanto·
1480 3250 1558 3314 inde
1577 3270 1685 3314 novos
1707 3248 1816 3316 cultus
1838 3264 1871 3316 et
1891 3250 2106 3316 monachatus
2128 3252 2410 3338 excogitaverunt.

466 3357 545 3422 pere
567 3337 765 3400 contendere
787 3336 829 3398 de
849 3333 970 3400 fiducia
989 3335 1244 3412 misericordiae,
1265 3335 1342 3418 quia
1363 3354 1438 3418 pro·
1566 3333 1716 3400 Necesse
1737 3346 1788 3399 est
1809 3337 1910 3421 igitur
1930 3337 1963 3399 in
1974 3334 2129 3402 Ecclesia
2142 3335 2226 3400 hanc
2249 3335 2451 3402 consolatio·

468 3419 524 3485 cul
545 3422 665 3485 absunt
687 3441 708 3482 a
750 3416 929 3483 eriectione
951 3421 1047 3483 etiam
1075 3438 1095 3480 o
1119 3419 1197 3482 timi.
1241 3417 1333 3483 Haec
1349 3420 1438 3504 satis
1481 3439 1557 3484 nem
1584 3429 1715 3499 extare,
1747 3431 1779 3484 et
1799 3433 1837 3485 ut
1859 3421 1966 3506 gloria
1989 3418 2110 3484 Christi
2132 3420 2189 3485 fiat
2209 3420 2384 3500 iliustrior,
2417 3435 2450 3486 et

468 3507 511 3568 sit
530 3504 699 3568 monuisse
721 3443 762 3566 ‹le
782 3501 895 3605 phrasi
917 3501 995 3566 Fide
1015 3505 1092 3566 iust‘
1119 3524 1240 3568 camur.
1481 3515 1517 3568 ut
1537 3504 1612 3587 piae
1631 3517 1757 3570 mentes
1778 3505 1966 3569 muniantur
1983 3516 2098 3568 contra
2120 3506 2391 3588 desperationem,
2416 3518 2449 3571 et

543 3587 668 3653 -'Gratia
687 3588 853 3675 signihcat
875 3588 1050 3676 gratuitam
1071 3589 1349 3670 acceptationem,
1377 3607 1439 3651 seu
1480 3599 1519 3652 ut
1539 3590 1609 3652 veri
1632 3587 1739 3654 cultus
1761 3587 1824 3652 Dei
1851 3586 2086 3676 intelligantur.
2129 3589 2197 3653 Sed
2219 3591 2336 3654 addam
2358 3592 2449 3654 testi·

467 3673 736 3751 misericordiam,
759 3683 895 3756 propter
916 3669 1083 3736 Christum
1104 3673 1310 3755 promissam.
1353 3670 1438 3736 Pao-
1481 3675 1607 3749 monia,
1640 3693 1681 3736 ex
1709 3673 1829 3757 quibus
1857 3684 1928 3737 tota
1956 3693 2010 3737 res
2038 3693 2091 3738 ma
2117 3675 2144 3737 is
2172 3677 2348 3758 perspicua
2380 3672 2448 3738 fiet.

468 3759 522 3823 lus
548 3759 638 3822 addit
672 3756 778 3834 [Rom.
801 3755 834 3834 5,
864 3755 904 3818 lo
926 3763 1010 3859 sqq,
1043 3756 1165 3819 donum
1195 3777 1256 3839 per
1289 3755 1437 3841 gratiam.
1481 3757 1587 3821 Porro
1615 3758 1650 3819 irr
1678 3756 1870 3822 testimoniis
1904 3756 2077 3844 diligenter
2133 3778 2174 3823 oc
2206 3759 2449 3823 observandum

469 3843 505 3906 ld
526 3854 625 3906 vocat
648 3842 856 3906 donationem
878 3840 1019 3922 Spirrtus
1042 3840 1148 3902 sancti
1170 3850 1202 3903 et
1224 3841 1310 3904 vitae
1332 3851 1438 3902 aeter·
1482 3852 1550 3918 est,
1584 3841 1689 3924 quod,
1723 3859 1797 3904 cum
1823 3841 2012 3906 iustificatio
2040 3844 2242 3920 nominatur,
2275 3854 2449 3925 utrumque

469 3944 540 3990 nae.
584 3925 657 3987 Etsi
678 3935 786 3988 autem
808 3925 971 3988 interdum
995 3926 1101 4008 gratia
1121 3943 1253 4008 quoque
1273 3923 1439 4026 signifieat
1482 3923 1784 4009 comprehenditur,
1805 3926 1957 3990 remissio
1978 3938 2186 4009 peccatorum
2209 3941 2241 3990 et
2260 3927 2447 4008 acceptatio

469 4005 622 4074 auxilium
654 4007 794 4090 Spiritus
826 4009 949 4084 sancti,
987 4027 1048 4071 seu
1085 4009 1248 4072 actionem
1264 4015 1271 4034 '
1285 4008 1438 4088 drvinam,
1480 4028 1661 4094 personae,
1694 4029 1755 4074 seu
1789 4008 2024 4074 reconciliatio.
2075 4010 2213 4074 Prodest
2243 4020 2353 4073 autern
2384 4007 2448 4072 has

469 4092 740 4176 quemadmodum
752 4091 957 4177 Augustinus
979 4092 1119 4177 gratiam
1133 4091 1326 4178 plerumque
1339 4093 1438 4158 inter·
1482 4096 1662 4158 sententias
1684 4095 1718 4158 in
1740 4105 1922 4179 conspectu
1944 4093 2076 4174 habere,
2098 4107 2135 4160 ut
2149 4096 2182 4158 in
2203 4102 2292 4157 tanta
2313 4091 2448 4155 iniirrrri-

468 4187 634 4261 pretatur,
662 4187 770 4240 tamen
792 4173 899 4239 ethic
921 4177 1103 4242 cavendum
1123 4188 1193 4256 est,
1225 4197 1283 4254 ne,
1315 4179 1438 4242 amissa
1481 4191 1549 4244 tate
1571 4191 1687 4243 nostra
1709 4199 1837 4264 semper
1857 4180 1890 4242 in
1908 4199 1965 4242 eas
1986 4181 2185 4257 intueamur,
2213 4189 2245 4242 et
2266 4175 2363 4242 tidem
2384 4177 2448 4240 eri-

469 4261 634 4325 sententia
654 4257 764 4337 Pauli,
791 4257 982 4324 delabamnr
1002 4261 1036 4324 in
1057 4261 1240 4326 doctrinam
1259 4260 1357 4348 legis.
1401 4261 1438 4327 ld
1483 4283 1598 4350 gamus
1636 4275 1669 4327 et
1700 4267 1882 4331 muniamus
1914 4262 2036 4328 talibus
2068 4264 2261 4330 testimoniis
2293 4263 2325 4325 in
2360 4262 2448 4325 omni

469 4346 556 4429 quod
574 4345 694 4409 accidit
705 4342 935 4423 Scholasticis,
958 4345 1024 4492 (pri,
1047 4366 1120 4410 cum
1132 4347 1254 4424 dicunt,
1275 4345 1438 4412 hominem
1481 4349 1567 4426 vita,
1604 4350 1638 4412 in
1671 4351 1822 4414 omnibus
1853 4346 2011 4432 periculis
2043 4360 2076 4412 et
2108 4351 2195 4412 omni
2227 4346 2448 4412 invocatione.

468 4450 529 4515 per
556 4431 695 4515 gratiam
720 4428 906 4505 iustificari,
935 4431 968 4492 ni
991 4430 1016 4492 il
1042 4431 1086 4495 ibi
1116 4434 1227 4495 dicrmt
1255 4433 1297 4497 de
1318 4432 1439 4497 fiducia
1476 4433 1578 4508 ¹Hunc
1608 4431 1745 4511 cultum,
1778 4432 1843 4497 lroc
1872 4451 1954 4515 opus
1982 4434 2158 4516 praecipue
2184 4432 2320 4516 requirit
2341 4428 2448 4492 Deus.

469 4514 731 4591 misericordiae,
762 4515 822 4578 sed
844 4515 1007 4578 somniant
1023 4514 1186 4580 hominem
1205 4529 1341 4602 propter
1361 4535 1438 4600 pro·
1481 4519 1543 4583 liic
1572 4516 1683 4584 cultus
1705 4514 1808 4582 allicit
1829 4514 1995 4582 Christum
2016 4539 2095 4582 vero
2117 4515 2261 4594 honore,
2290 4534 2364 4580 cum
2384 4515 2448 4578 uti·

469 4599 574 4682 priam
596 4599 787 4684 dignitatem
809 4609 842 4663 et
864 4599 1044 4664 novitatem
1064 4597 1169 4682 illam,
1191 4621 1252 4665 seu
1273 4601 1439 4686 propriam
1482 4625 1554 4668 mur
1588 4602 1721 4666 Christo
1753 4603 1932 4666 mediatore
1963 4623 2003 4667 ac
2036 4601 2201 4688 pontifice.
2253 4601 2329 4664 Non
2361 4601 2449 4663 enim

440 4713 447 4726 ·
469 4682 670 4759 munditiem,
701 4683 774 4746 sine
801 4682 922 4749 iiducia
943 4685 1204 4764 misericordiae,
1235 4686 1439 4771 pronuntiari
1481 4700 1616 4753 utuntur
1637 4685 1770 4751 Christo
1791 4687 1987 4765 mediatore,
2010 4690 2063 4774 qui
2086 4687 2171 4752 hanc
2194 4686 2291 4750 iidem
2311 4703 2377 4748 non
2399 4684 2448 4747 in·

468 4767 598 4830 iustum.
1480 4772 1651 4859 telligrmt3
1680 4782 1713 4834 et
1734 4783 1791 4835 aut
1811 4773 1974 4836 somniant
1994 4793 2033 4836 se
2054 4773 2119 4858 legi
2142 4769 2353 4846 satisfacere,
2383 4787 2448 4834 nec

554 4848 643 4912 inest
664 4860 771 4914 autem
792 4852 824 4913 in
846 4851 1009 4918 vocabulo
1049 4855 1151 4919 ratiae
1173 4852 1344 4920 exclusiva
1364 4875 1438 4939 par·
1480 4858 1698 4921 infirmitatem
1724 4877 1817 4920 suam
1843 4871 2046 4958 agnoscunt,
2074 4868 2131 4920 aut
2153 4878 2227 4920 oum
2249 4865 2449 4940 agnoscunt,

469 4930 579 5010 ricula,
601 4932 765 5011 videlicet,
786 4938 875 5018 quod
896 4939 1001 5022 gratis
1018 4877 1182 5003 ‹lonentur
1198 4941 1346 5004 remissio
1361 4959 1438 5025 pec·
1481 4953 1656 5007 versantur
1682 4942 1715 5004 in
1743 4941 1961 5019 dubitatrone,
2013 4961 2076 5006 uae
2101 4953 2157 5006 aut
2185 4939 2449 5022 desperationem

471 5029 617 5084 catorum
646 5028 678 5079 et
699 5018 934 5084 reconciliatio.
977 5023 1068 5087 llaec
1089 5021 1248 5107 particula
1270 5021 1439 5090 exclusiva
1481 5037 1538 5090 aut
1560 5037 1779 5109 contemptum
1798 5025 1861 5091 Dei
1879 5027 1973 5110 parit.
2030 5024 2091 5090 alis
2108 5026 2192 5090 enim
2209 5026 2276 5088 vita
2293 5023 2364 5086 sine
2381 5019 2448 5086 hac

470 5121 537 5166 non
563 5099 708 5166 excludit
735 5115 882 5168 nostram
909 5108 1141 5188 poenitentiam
1161 5122 1196 5173 et
1217 5111 1305 5174 bona
1326 5130 1437 5194 opera,
1479 5111 1601 5177 fiducia
1622 5111 1865 5175 misericordiae
1892 5131 1958 5173 non
1987 5108 2098 5191 piacet
2119 5095 2203 5173 lleo.
2247 5105 2289 5170 Et
2316 5105 2373 5190 qui
2394 5108 2447 5171 sic

469 5189 530 5251 sed
555 5196 681 5250 tantum
709 5187 927 5252 conditionem
949 5193 1117 5277 dignitatis
1139 5194 1300 5273 excludit,
1333 5207 1367 5259 et
1388 5206 1437 5259 to·
1479 5198 1603 5276 vivunt,
1625 5197 1702 5280 quia
1722 5193 1801 5259 nihil
1824 5217 1845 5258 a
1866 5194 1940 5258 Deo
1963 5205 2137 5277 expectare
2157 5203 2213 5256 aut
2233 5201 2346 5276 petere
2367 5211 2446 5272 pos·

469 5283 539 5335 tam
572 5288 706 5334 causam
738 5271 889 5336 beneficii
919 5273 1041 5341 Christi
1069 5275 1226 5344 transfert
1253 5281 1287 5343 in
1312 5280 1437 5344 miseri-
1479 5295 1572 5360 sunt,
1594 5293 1671 5347 sunt
1692 5278 1782 5346 velut
1802 5281 1873 5342 sine
1895 5277 1979 5341 Deo.
2024 5278 2091 5342 Sed
2116 5279 2221 5343 recito
2247 5275 2446 5339 testimonia.

471 5473 517 5536 88)
541 5473 734 5537 immissionem]
761 5475 828 5525 hunc
844 5478 1019 5530 accusativum
1043 5491 1134 5533 omnes
1158 5483 1230 5534 Editt
1254 5483 1374 5535 exhibent
1391 5496 1436 5546 pro
1479 5485 1525 5546 et)
1547 5483 1630 5548 ream]
1650 5486 1686 5536 sic
1703 5483 1774 5537 iiditt
1793 5485 1816 5534 7.
1834 5483 1858 5533 8.
1880 5479 1985 5532 rr-rt.
2003 5482 2029 5530 et
2046 5480 2124 5543 0pp.;
2146 5479 2219 5532 Editt.
2240 5481 2261 5527 1.
2281 5481 2305 5527 2.
2323 5475 2399 5526 4-6.
2419 5477 2444 5526 9-

537 5540 705 5592 Nominativo:
722 5541 853 5595 Remissio.
1545 5563 1617 5605 reum
1847 5565 1849 5570 ·
