5859 6734
476 681 605 834 ιιι,
831 685 836 692 ’
1104 732 1218 800 van.
1237 704 1552 801 mansorum
1571 731 1877 804 manca·
2418 742 2483 809 ec

477 917 612 1007 galiam.
653 918 730 986 tion
752 931 804 984 est
824 931 936 1003 autem
955 916 1114 1005 alligatus
1131 919 1186 986 hic
1208 920 1291 984 ordo
1312 920 1358 984 ad
1378 940 1454 984 suc·
1496 920 1649 1006 Vagatur
1670 924 1735 986 iam
1755 911 1922 1000 Ecclesia,
1944 936 1983 988 ιιι
2003 922 2205 991 scholastici
2224 924 2430 1008 exulantes,
2448 945 2481 998 et

477 1001 663 1070 cessionem
684 1006 901 1079 ordinariam
921 1003 992 1069 Sed
1012 1025 1086 1068 curn
1107 1002 1265 1088 Episcopi
1286 1017 1320 1069 et
1335 1004 1454 1070 Pasto-
1495 1026 1682 1090 qnanqnam
1702 1005 1798 1071 Deus
1817 1005 1938 1072 alicubi
1959 1010 2096 1091 praebet
2116 1011 2299 1076 mediocria
2319 1010 2479 1097 bospit'n,

476 1109 533 1156 res
553 1086 736 1154 defendunt
757 1109 892 1154 errores
913 1101 945 1153 et
965 1087 1065 1165 idola,
1086 1091 1211 1155 vitandi
1230 1101 1318 1154 aunt.
1351 1089 1453 1153 Prae·
1494 1099 1604 1153 ιειιιειι
1627 1091 1732 1154 maior
1752 1102 1805 1155 est
1821 1095 1968 1175 potentia
1989 1092 2132 1159 bostium
2154 1094 2342 1246 Evangelii,
2366 1110 2403 1163 et
2423 1101 2478 1166 de·

475 1184 568 1238 terea
599 1186 678 1239 aunt
709 1175 834 1258 gradus
867 1176 1040 1251 donorum,
1071 1186 1107 1237 ιιι
1127 1173 1255 1239 Paulus
1287 1177 1452 1240 antecedit
1494 1170 1648 1239 fensores
1669 1195 1769 1259 quarn
1789 1179 1856 1239 sint
1877 1176 1959 1240 finni
1992 1189 2025 1240 et
2069 1200 2143 1243 nant
2164 1181 2221 1244 dra
2290 1186 2409 1260 ratur-i,
2430 1186 2476 1250 in·

475 1256 658 1324 Barnabae.
704 1259 746 1326 lii
778 1259 902 1344 medus
925 1259 1157 1323 considerandi
1178 1272 1274 1336 sunt,
1306 1270 1343 1323 ut
1363 1280 1451 1323 ame·
1495 1270 1621 1322 certum
1654 1271 1715 1323 est.
1761 1258 1869 1345 Cyrus
1897 1259 2033 1325 fovebat
2095 1261 2250 1342 clesiam,
2284 1265 2475 1354 Cambyses

474 1362 550 1408 mus
580 1354 615 1406 ει
641 1340 769 1408 bonore
798 1342 983 1408 afficiamus
1014 1341 1165 1429 singulos
1187 1345 1257 1408 suia
1280 1345 1377 1407 donis
1397 1364 1451 1408 or·
1494 1354 1527 1405 et
1553 1342 1678 1408 Darius
1712 1346 1951 1427 opprimebant
1995 1345 2091 1410 lianc
2122 1346 2262 1413 formam
2296 1349 2473 1418 Ecclesiae

474 1437 583 1494 natos.
1191 1474 1196 1484 .
1494 1428 1755 1505 consideremus,
1776 1441 1813 1493 ut
1833 1428 2054 1514 intelligamus
2071 1430 2227 1515 pericula,
2249 1446 2284 1497 et
2305 1433 2399 1501 aaut
2419 1439 2469 1503 di·

562 1509 710 1575 Gloriam
731 1511 912 1595 politicam,
935 1514 968 1575 id
991 1523 1055 1615 est,
1077 1513 1236 1577 victorias
1255 1509 1449 1615 corporales
1493 1530 1643 1613 scamus,
1663 1510 1847 1617 Ecclesiam
1870 1512 2000 1599 colligi,
2032 1520 2177 1594 servari,
2198 1519 2396 1595 instaurari,
2410 1522 2468 1587 de·

474 1615 556 1746 titt
572 1594 1360 1765 ttt{.d²t.t.b⁰⁰.¹ttttt¹ttnltltb
1375 1617 1449 1765 tit
1492 1592 1594 1744 {tta
1615 1596 2472 1758 itt,btttttrsstitttbt‘t‘tltttts

472 1784 610 1850 rumque
633 1762 786 1830 Ecclesia
808 1763 881 1842 fult,
903 1776 955 1829 est
977 1776 1011 1828 ει
1033 1766 1095 1829 crit
1117 1766 1268 1830 subiecta
1290 1767 1393 1843 cruci,
1415 1776 1449 1830 ει
1491 1761 1621 1830 liberati
1643 1779 1721 1831 sunt
1740 1787 1763 1830 a
1782 1780 1923 1851 peccato
1941 1781 1975 1852 ει
1994 1772 2168 1855 tyrannide
2185 1771 2333 1838 Diaboli.
2379 1773 2472 1840 Seu·

471 1860 583 1916 tmen
614 1851 782 1934 ingentem
813 1848 913 1913 habet
956 1847 1071 1913 loriam
1092 1850 1278 1932 sapientiae
1294 1862 1328 1914 ει
1347 1851 1448 1915 virtu·
1491 1869 1554 1931 per
1584 1850 1683 1934 igitur
1703 1852 1801 1915 adest
1827 1863 1943 1917 custos
1964 1852 2139 1919 Ecclesiae
2159 1854 2247 1922 lilius
2267 1856 2355 1936 Dei,
2387 1862 2473 1925 sieut

471 1944 540 1998 tum
557 1945 592 1998 et
612 1931 788 1999 multorum
810 1871 1054 2011 maneriorum,
1076 1953 1163 2019 quae
1184 1956 1252 1999 non
1270 1947 1450 1999 cernuntur
1493 1933 1573 1997 dixit
1607 1933 1734 2012 [blattb.
1766 1935 1820 2012 ts,
1851 1937 1936 2017 204:
1979 1939 2053 2025 Ego
2080 1941 2253 2005 vobiscum
2285 1962 2399 2028 nsque
2430 1945 2472 2009 sd

471 2018 516 2082 ab
537 2019 656 2101 impiis.
700 2018 870 2083 &nuruum
891 2018 996 2082 decus
1017 2030 1085 2096 εει,
1117 2022 1205 2104 quod
1226 2018 1336 2084 Deum
1356 2031 1449 2084 recte
1492 2022 1806 2085 consummationem
1828 2020 1999 2098 seculi.⁸⁸)

470 2104 626 2187 agnoscit
648 2115 682 2167 ει
701 2104 842 2168 invocat
888 2101 1029 2186 Semper
1057 2105 1143 2167 enim
1164 2103 1277 2189 aliqua
1293 2115 1371 2168 sunt
1392 2123 1448 2168 vc·

470 2206 509 2251 ra
539 2189 687 2252 membra
707 2184 891 2264 Ecclesiae,
914 2206 1001 2271 quae
1022 2184 1269 2253 fundamentum
1295 2189 1449 2266 retinent,

471 2271 598 2336 etiamsi
630 2272 749 2335 deinde
780 2273 899 2356 ingens
933 2282 986 2335 cst
1017 2271 1191 2337 multitudo
1221 2271 1448 2349 infirmiorem,
1729 2270 1910 2339 CONTRA
1936 2274 2227 2341 Donatistae.

470 2355 525 2439 qul
546 2367 667 2435 tantem
689 2356 767 2440 qnia
782 2355 891 2420 Deum
912 2367 1005 2421 recte
1026 2358 1193 2435 invocant,
1214 2378 1369 2443 magnum
1390 2357 1448 2420 de·

469 2459 529 2505 cus
560 2439 697 2507 habent.
740 2438 894 2505 Ceterum
916 2450 1019 2524 supra
1041 2442 1162 2505 dictum
1181 2453 1246 2520 est,
1278 2462 1346 2507 non
1368 2459 1446 2505 esse
1575 2437 1824 2522 Descripsimus
1845 2440 2031 2508 Ecclesiam
2053 2441 2225 2523 visibilem,
2242 2446 2275 2508 in
2298 2451 2370 2531 qua
2391 2450 2470 2514 dini·

469 2527 615 2592 rnernbra
647 2523 823 2590 Ecclesiae
852 2521 948 2601 illos,
981 2527 1037 2610 qui
1112 2527 1281 2592 rtinaciter
1313 2546 1446 2590 errores
1490 2542 1564 2588 mus
1597 2521 1719 2588 multos
1752 2547 1819 2590 non
1852 2540 1987 2591 renatos
2019 2529 2182 2593 admixtos
2215 2548 2295 2593 esse
2330 2536 2469 2611 sanctis.

470 2631 546 2676 cam
577 2607 791 2676 fundamento
819 2621 1006 2693 pugnantes
1029 2611 1070 2674 de
1084 2611 1220 2688 endunt,
1238 2611 1365 2675 etia-si
1387 2629 1446 2674 no·
1489 2609 1551 2672 sed
1579 2607 1633 2672 hic
1665 2610 1809 2675 discerni
1841 2610 1950 2676 malos
1976 2624 2119 2696 oportet.
2161 2610 2229 2677 Alii
2250 2614 2294 2677 de
2317 2617 2469 2682 docmina

469 2714 546 2760 nien
562 2706 596 2758 et
618 2692 747 2760 titultun
768 2690 955 2757 Eccllesiae
970 2705 1176 2778 praetexunt.
1489 2704 1579 2757 recta
1600 2695 1760 2774 sentiunt,
1793 2716 1854 2759 nec
1875 2708 1952 2760 munt
1972 2695 2090 2761 hostes
2112 2694 2286 2781 Evangelii
2308 2719 2373 2766 seu
2393 2700 2468 2767 bse-

554 2778 688 2844 Deinde
712 2799 764 2844 ma
813 2798 854 2841 ae
884 2779 1045 2842 victoriae
1076 2790 1155 2843 sunt
1188 2780 1331 2842 omnium
1352 2786 1445 2842 recte
1488 2778 1594 2854 retici,
1615 2779 1678 2842 sed
1697 2790 1821 2845 tantum
1843 2780 1967 2845 habent
1988 2779 2099 2866 aliqua
2119 2801 2248 2847 motum
2270 2785 2364 2849 vitia.
2407 2784 2468 2850 Ts-

469 2864 704 2941 iuvocantm
726 2864 758 2928 vi
782 2860 878 2927 olicet
899 2863 987 2946 quod
1010 2882 1077 2925 non
1099 2873 1292 2928 evertuntur
1311 2861 1446 2927 Diaboli
1487 2859 1541 2924 lea
1572 2863 1605 2926 si·
1623 2882 1692 2926 noa
1712 2864 1779 2928 sint
1801 2866 2083 2943 ercommnnicati,
2111 2868 2173 2930 etsi
2195 2881 2363 2933 vocantur
2382 2890 2467 2935 mor·

469 2949 608 3026 insidiis,
631 2948 816 3012 terroribus
831 2957 1046 3031 tyrarmorum
1064 2944 1187 3011 etaliis
1199 2948 1445 3024 tentationibus,
1488 2957 1547 3010 tua
1577 2948 1735 3023 membra,
1771 2961 1878 3013 tamen
1910 2963 1987 3013 sunt
2007 2952 2042 3013 in
2063 2962 2203 3014 externa
2222 2953 2389 3018 societate
2404 2953 2466 3018 lie

470 3044 505 3097 et
523 3029 685 3098 mbaeula
706 3030 811 3096 radia
831 3042 910 3096 sant
932 3033 1133 3116 quotidiana,
1144 3029 1358 3097 liberationes
1376 3052 1444 3097 cre-
1489 3027 1628 3107 clesiae,
1650 3042 1683 3094 et
1704 3051 1777 3096 cam
1799 3031 1982 3119 funguntur
2002 3053 2137 3098 munere
2164 3035 2305 3100 docendi
2328 3051 2387 3101 ant
2407 3039 2465 3102 ad·

470 3119 552 3182 brae
572 3118 607 3182 in
629 3118 758 3202 magnis
784 3113 960 3200 periculis,
993 3137 1134 3201 quarum
1161 3115 1287 3182 multae
1307 3128 1445 3201 propter
1488 3115 1727 3179 ministratione
1749 3117 2048 3196 sacramentorum,
2081 3118 2263 3192 valent⁹¹·)
2281 3121 2465 3186 ministeria

469 3219 587 3284 preces
598 3199 771 3265 Ecclesiae
793 3199 885 3278 fiunt,
906 3197 1078 3265 utPaulus
1099 3203 1175 3279 scit,
1197 3221 1236 3265 se
1270 3213 1304 3265 ει
1334 3203 1445 3266 navim
1487 3210 1522 3263 et
1543 3211 1626 3263 sunt¹
1642 3196 1804 3278 efficacia,
1826 3212 1859 3266 ct
1878 3200 1957 3267 licet
1977 3204 2026 3266 eis
2048 3204 2106 3267 uti.

469 3304 563 3350 suam
583 3287 716 3351 serrari
733 3306 754 3349 a
771 3283 861 3363 Deo,
882 3285 1010 3350 etiamsi
1032 3283 1089 3351 alii
1108 3287 1340 3351 existimabant
1361 3306 1445 3351 casu
1572 3283 1698 3369 Estque
1728 3286 1850 3350 acriter
1881 3288 2044 3351 taxandus
2077 3307 2172 3351 error
2200 3285 2459 3366 Donatistarum,

468 3389 543 3437 eam
563 3369 731 3435 serratam
754 3388 842 3433 esse.
1487 3370 1543 3452 qui
1565 3369 1808 3434 contendebant
1824 3390 1887 3435 nec
1904 3368 2119 3455 Evangelium
2140 3392 2202 3436 nec
2213 3372 2464 3438 Sacramentum

552 3453 678 3541 Magea
700 3452 807 3539 gloria
825 3464 877 3518 est
898 3450 1041 3518 felicitas
1058 3456 1092 3518 in
1108 3455 1296 3531 vocatione,
1312 3453 1444 3531 studiis,
1486 3450 1589 3517 ullum
1621 3472 1699 3520 esse
1731 3451 1868 3532 efficax,
1899 3457 1930 3518 ai
1961 3456 2098 3519 ministri
2121 3476 2231 3520 mores
2253 3458 2320 3520 sint
2340 3457 2462 3522 vitiosi.

469 3536 628 3615 consiliis,
650 3539 797 3613 iudiciis3
830 3540 924 3605 siout
945 3551 1083 3604 econtra
1102 3559 1231 3604 summa
1252 3535 1443 3603 deformitas
1487 3534 1614 3601 contra
1633 3536 1723 3602 bunc
1745 3556 1892 3603 errorem
1910 3540 2072 3604 tenendae
2092 3553 2169 3604 sunt
2183 3542 2371 3607 sentcntiae
2391 3561 2463 3624 per·

468 3636 503 3687 et
523 3620 696 3690 sabama
713 3635 766 3689 cst
783 3634 817 3688 at
837 3623 1004 3707 turpitudo
1026 3625 1170 3689 omniunt
1197 3625 1339 3687 maxime
1360 3619 1444 3708 fugl-
1528 3621 1632 3686 ‘cuae
1674 3620 1793 3686 Mattlr.
1817 3623 1867 3687 13.
1891 3629 1973 3700 [vsa.
1994 3624 2037 3687 47
2057 3634 2123 3708 sip]
2157 3623 2313 3690 Christus
2336 3624 2465 3691 confert

468 3709 569 3787 enda,
582 3729 660 3774 esse
680 3709 878 3794 parricidam
899 3705 1064 3774 Ecccsiaa
1084 3718 1141 3773 aut
1160 3709 1298 3791 patriae.
1486 3641 1671 3770 Elclclesiam
1703 3725 1865 3809 sagenae,
1898 3710 1931 3771 in
1963 3728 2027 3792 qna
2060 3710 2137 3772 boni
2170 3719 2205 3772 et
2235 3708 2315 3775 mali
2353 3713 2463 3793 pisae

553 3792 730 3858 Postremo
741 3794 906 3876 praesidio
917 3791 1059 3857 visibilia
1071 3789 1247 3857 Ecclesiae
1258 3788 1444 3877 alligata⁹¹t
1487 3801 1580 3864 sunt;
1623 3789 1713 3855 Dicit
1743 3803 1821 3854 rtem
1855 3797 1921 3871 [vs
1943 3791 2025 3873 3⁰4:
2054 3791 2090 3854 ln
2121 3790 2273 3857 Ecclesia
2305 3815 2464 3862 mansura

469 3879 570 3941 certis
592 3876 791 3942 locis-nulla
813 3888 902 3954 eant,
923 3878 1037 3954 idest,
1060 3897 1125 3941 nec
1145 3875 1257 3961 Reges
1279 3896 1343 3940 nec
1361 3896 1444 3959 opes
1488 3874 1628 3958 essem)
1640 3876 2461 3961 abaniausqueadresurrectionemtltem[ltiattla

467 3982 531 4026 nec
552 3963 718 4027 exercitus
739 3983 804 4026 nec
824 3962 939 4026 sedem
960 3976 1060 4026 unam
1080 3958 1225 4045 aliquam
1247 3972 1372 4023 certam
1388 3969 1445 4024 aut
1487 3958 1541 4036 tt,
1562 3959 1646 4037 2742
1668 3959 1762 4024 Sicut
1778 3961 1812 4023 in
1835 3961 1950 4026 «liebus
1971 3963 2044 4026 Noti
2065 3973 2128 4026 etc.
2173 3961 2222 4025 Ex
2249 3959 2305 4027 bis
2327 3976 2462 4031 senten·

467 4060 662 4136 perpetuare.
679 4049 712 4111 ia
734 4046 800 4110 bec
822 4048 891 4110 vita
911 4045 1011 4109 babet
1027 4042 1182 4108 Ecclesia
1247 4057 1280 4107 st
1301 4042 1443 4108 deletam
1487 4044 1542 4106 tiis
1574 4045 1785 4126 perspicuum
1815 4057 1882 4129 est,
1915 4066 2046 4130 semper
2067 4047 2099 4109 in
2116 4044 2268 4112 Ecclesia
2289 4068 2404 4133 usque
2423 4050 2464 4114 ad

469 4128 732 4219 politiamlsrael.
746 4130 824 4196 ldeo
833 4128 1204 4214 Christusinquitlblatt
1229 4128 1443 4207 .8,ttt.]:N0n
1486 4130 1763 4193 resurrectionem
1785 4127 1900 4208 fuisse,
1922 4149 1998 4194 esse
2020 4143 2052 4195 et
2063 4128 2206 4197 futuram
2217 4149 2296 4196 esse
2307 4153 2364 4197 ma
2394 4155 2463 4199 nata

467 4220 570 4284 babet
589 4216 677 4282 iilius
699 4214 854 4294 bominis,
874 4216 933 4279 ubi
953 4211 1090 4277 reclinet
1112 4224 1222 4297 caput.
1254 4211 1337 4278 Vult
1357 4214 1442 4276 enim
1486 4205 1721 4278 multitudinem
1753 4211 1924 4279 malorum.
1968 4213 2050 4279 Cum
2080 4217 2181 4300 igitur
2201 4218 2268 4280 sint
2289 4219 2322 4280 in
2435 4238 2464 4284 e·

467 4300 964 4382 Deus,Ecclesiamsubiectam
976 4296 1442 4376 esmcmcimtcamsaeatto
1486 4297 1538 4360 sia
1570 4295 1663 4375 mali,
1696 4317 1759 4362 nec
1792 4296 1980 4384 hypocrisis
2012 4300 2154 4365 humano
2176 4301 2298 4366 iudicio
2319 4305 2463 4386 agnosci

467 4387 543 4453 loco
566 4385 688 4452 munitae
709 4396 941 4461 recensentur,
964 4403 1050 4487 puae
1070 4404 1138 4448 non
1159 4394 1237 4447 sunt
1257 4392 1357 4447 notae
1367 4381 1442 4449 Pbi·
1485 4382 1603 4465 possit,
1625 4394 1768 4464 possunt
1789 4385 1822 4447 in
1844 4385 2024 4449 ministerio
2045 4405 2122 4449 esse
2144 4383 2464 4468 etiamlrypocritae.

466 4470 648 4557 losephiae,
670 4471 731 4535 sed
752 4482 878 4536 tantam
900 4471 933 4532 in
954 4466 1136 4554 Evangelio
1158 4466 1355 4553 patefactae.
1485 4466 1594 4528 fieret
1627 4468 1725 4553 igitur
1746 4469 1871 4531 incerta
1893 4470 1990 4545 tides,
2023 4472 2051 4533 si
2075 4471 2127 4533 vis
2148 4465 2321 4553 Evangelii
2345 4484 2383 4537 et
2406 4473 2463 4537 Sa·

553 4556 748 4641 Quanquam
782 4566 889 4620 autem
922 4554 1084 4619 interdum
1106 4553 1200 4618 Deus
1228 4550 1357 4638 aliquos
1377 4550 1441 4616 Re·
1485 4562 1725 4615 crementorum
1757 4553 1914 4635 penderet
1942 4574 1983 4617 ex
2005 4554 2163 4639 dignitate
2184 4556 2334 4618 ministri.
2385 4558 2461 4622 ldeo

467 4661 529 4729 ges
550 4638 786 4727 aliquantisper
803 4640 845 4705 ad
867 4636 1039 4703 Ecclesiae
1062 4637 1285 4703 defensionem
1312 4637 1441 4701 enusci·
1483 4637 1652 4700 sciendum
1680 4648 1748 4713 εει,
1779 4634 1995 4723 Evangelium
2016 4654 2049 4703 et
2071 4641 2286 4705 Sacramenta
2307 4639 2464 4707 efficacia

467 4737 537 4803 tat,
580 4739 616 4790 ut
649 4727 802 4790 excitavit
835 4722 975 4809 Cyrum,
1008 4721 1260 4788 Constantinum
1291 4732 1324 4785 et
1356 4719 1439 4785 alias
1483 4741 1561 4786 esse
1582 4733 1719 4805 propter
1738 4721 1990 4805 promissionem
2012 4724 2092 4802 Dei,
2121 4745 2186 4789 non
2208 4738 2347 4807 propter
2371 4729 2464 4792 mini·

466 4808 571 4885 alios3
600 4821 799 4876 tamennon
818 4827 953 4893 semper
972 4808 1122 4892 adiungit
1142 4804 1316 4871 Ecclesiae
1336 4826 1440 4890 regna
1482 4808 1543 4870 stri
1564 4825 1751 4890 personam.
1795 4804 1945 4871 Revocat
1967 4810 2064 4893 igitur
2075 4808 2227 4874 Christus
2248 4823 2383 4877 mentes
2407 4835 2465 4878 no·

467 4896 509 4960 ad
530 4914 605 4959 cam
625 4892 882 4971 defendendam,
904 4895 965 4957 aed
987 4891 1152 4956 vulteum
1173 4903 1287 4975 petere
1309 4903 1343 4955 et
1364 4910 1439 4973 spc-
1481 4903 1571 4955 strae
1599 4901 1632 4954 et
1653 4889 1750 4954 fidem
1772 4902 1919 4955 nostram
1940 4915 1960 4957 a
1987 4914 2133 4975 persona
2155 4894 2291 4958 ministri
2314 4897 2357 4960 ad
2383 4918 2466 4964 sese

467 4999 546 5045 rare
575 4975 801 5044 defensionem
823 4978 979 5044 -universi
1012 4978 1166 5060 corporis
1183 4996 1187 5003 ·
1204 4977 1372 5052 divinitus,
1404 4986 1440 5039 ut
1482 4974 1751 5059 inquienslbnc.
1776 4974 1934 5056 10,16.1:
1980 4976 2044 5049 Qut
2061 4999 2123 5042 vos
2144 4980 2251 5055 audit,
2273 4998 2327 5044 me
2350 4985 2467 5060 audita

466 5061 904 5142 lea.lli.[ra.4.ldlcitur:E
928 5062 1249 5126 ovosinuteromeo
1320 5069 1438 5146 to,cgo
1481 5060 1577 5145 quasi
1610 5059 1714 5122 dicate
1756 5058 1828 5124 Nec
1860 5060 2077 5209 Evanpdium
2109 5073 2161 5127 εει
2194 5074 2363 5143 vestrum,
2399 5089 2467 5134 nec

466 5149 566 5214 etlam
584 5160 813 5214 εειιειεειιιειιι
834 5084 1018 5211 Eccfesiam
1047 5146 1197 5232 gestabo.
1269 5145 1385 5210 tosa.
1410 5146 1439 5210 l.
1481 5163 1566 5228 opus
1587 5153 1734 5207 vcstrnm
1756 5156 1808 5208 est
1828 5143 1943 5211 salvos
1978 5167 2078 5212 accre
2098 5149 2284 5226 auditores,
2306 5153 2374 5216 sed
2399 5153 2468 5220 Dei

467 5241 530 5311 ivs.
542 5233 589 5314 7.]
601 5233 755 5300 Servabo
766 5251 828 5296 voa
839 5252 907 5296 non
919 5233 951 5295 in
962 5252 1043 5296 area
1054 5252 1116 5296 ιιεε
1126 5233 1159 5293 in
1181 5228 1306 5316 gladic,
1323 5231 1386 5295 aed
1406 5231 1438 5293 in
1482 5247 1567 5314 opos
1588 5237 1652 5305 est,
1672 5229 1728 5312 qui
1749 5228 1815 5295 boc
1836 5229 1974 5295 mirabili
1995 5234 2106 5311 modo,
2117 5252 2237 5316 sparsa
2246 5253 2337 5300 voce
2349 5236 2468 5306 Evan-

465 5317 610 5385 Do'mino
631 5317 710 5383 Deo
728 5328 852 5382 vestro.
895 5317 981 5390 Quid
1001 5317 1127 5381 tristitia
1148 5328 1201 5381 est
1221 5314 1286 5381 bac
1306 5313 1439 5400 speciei
1483 5383 1671 5394 ...-

1479 5484 1540 5546 ou)
1556 5482 1654 5546 vatent]
1674 5483 1718 5535 bd.
1736 5485 1778 5536 tt.
1796 5490 1848 5549 trp.
1865 5495 1965 5538 errore:
1984 5486 2054 5539 valet

390 5627 393 5633 ,
465 5592 513 5658 ει)
530 5591 651 5656 cingam]
666 5589 742 5645 rao.
759 5589 801 5643 ta
818 5588 860 5642 at.
876 5587 999 5652 aa-ot.‚
1015 5588 1079 5652 opp.
1096 5589 1122 5636 ι.
1139 5586 1164 5639 a.
1179 5587 1301 5649 uruca
1479 5584 1542 5650 otu)
1560 5583 1633 5648 esse]
1649 5584 1724 5648 corp.
1744 5586 1817 5639 1-a
1833 5590 1875 5639 est
