5859 6734
466 725 530 805 ⁷23
1048 763 1068 772 -·
1088 723 1200 794 Pllllr.
1221 724 1325 794 itata
1341 721 1528 795 emim
1549 723 1824 793 nuenarius.
1878 745 1882 756 ·
1934 763 1938 772 -
2198 785 2203 789 .
2394 735 2459 805 m

467 933 547 982 vera
579 922 630 977 est
662 909 843 987 sententia,
875 908 966 994 quod
993 906 1093 976 licam
1112 912 1179 975 vim
1200 914 1234 977 vi
1254 910 1431 996 depellere.
1478 910 1567 978 feudi
1589 922 1624 976 et
1644 909 1787 978 libamri.
1821 912 1915 981 llaec
1936 920 2097 982 sententia
2113 919 2176 1002 piis
2197 937 2353 1007 magnam
2376 933 2455 989 σοι

464 998 537 1065 Nec
552 1007 680 1100 pugnat
700 990 969 1080 cumlivangelic
990 1007 1047 1060 aut
1068 1013 1144 1061 cum
1164 996 1228 1062 lrac
1250 1016 1352 1064 vocer
1373 996 1434 1078 lii·¹
1479 994 1681 1063 solationem·
1697 993 1803 1062 affert.
1843 995 1889 1062 lit
1909 998 2072 1067 hactenus
2094 1004 2137 1068 da
2158 1003 2312 1084 vindicta·

464 1083 557 1174 ligite
576 1082 726 1148 inunicos
748 1090 891 1156 vestros,
936 1079 1020 1143 Nam
1030 1078 1247 1165 Evangelium
1266 1101 1334 1147 non
1354 1083 1434 1148 abo·
1485 1111 1500 1126 .‚
1794 1090 1796 1094 '
1936 1091 1941 1104 '
2249 1105 2253 1112 ·

466 1167 512 1235 let
526 1171 579 1235 ins
600 1178 740 1232 naturae
760 1175 794 1229 et
813 1160 944 1229 vmcula
971 1160 1124 1248 politicae
1146 1165 1334 1243 societatis,
1367 1164 1435 1232 lrou
1517 1191 1520 1200 ·
2038 1191 2042 1206 ¹

467 1264 530 1333 est,
551 1252 662 1339 Leges
685 1260 796 1315 rectae
816 1248 935 1313 rationi
957 1258 1209 1353 consentaneas.
1243 1250 1322 1314 imo
1347 1250 1435 1353 lrarrc
1487 1275 1490 1290 ·
1770 1249 1830 1315 DE
1859 1249 2160 1319 PAUPERTATE.

466 1338 647 1488 malfa
659 1334 1024 1503 ccargrsms‘aarp'sttahnguffisrs'
1044 1330 1163 1482 tffifmslff
1186 1334 1435 1484 ftlcclagfosaeet
1494 1431 1497 1438 '
1567 1416 1650 1502 (lam
1667 1417 1840 1503 Evangelii
1865 1418 2037 1486 confessio
2063 1421 2165 1488 multa
2192 1423 2336 1507 pericula
2361 1429 2453 1491 ritae

468 1508 592 1572 candae
613 1517 646 1569 et
666 1500 886 1569 declarandae
906 1501 995 1580 fidei,
1017 1502 1222 1568 obedientiae
1243 1514 1276 1567 et
1290 1501 1436 1568 dilectio·
1481 1513 1515 1568 et
1535 1499 1676 1568 iortmis
1699 1501 1863 1568 hominum
1886 1503 2016 1581 alferat,
2045 1525 2118 1570 eum
2149 1509 2258 1572 studia
2278 1507 2451 1597 Evangelii

466 1593 528 1656 nis.
572 1584 810 1653 Paterfamilias
827 1586 926 1650 debet
947 1582 1171 1651 defensionem
1199 1605 1282 1653 snae
1303 1588 1378 1653 con·
1481 1588 1602 1654 sintin
1623 1587 1716 1667 odio,
1744 1607 1809 1652 nec
1830 1590 1895 1651 sint
1916 1600 2134 1672 quaestuosa,
2159 1593 2299 1678 denique
2322 1607 2394 1659 curn
2415 1597 2452 1659 in

467 1685 501 1740 et
520 1675 590 1739 suis
611 1670 744 1748 liberis,
773 1690 855 1758 ergo
884 1672 917 1734 in
939 1672 1184 1758 oppugnatione
1204 1673 1333 1738 aedium
1354 1668 1435 1736 fact
1480 1671 1546 1738 hac
1567 1673 1639 1737 vita
1657 1674 1820 1736 communi
1842 1673 1926 1737 inter
1953 1685 2081 1738 ceteras
2109 1695 2300 1741 communes
2320 1675 2453 1744 calami·

466 1753 611 1824 officum
636 1755 840 1833 dilectionis,
873 1767 907 1819 et
931 1752 1042 1820 luceat
1061 1757 1224 1822 in'anlmc
1246 1758 1317 1820 eins
1339 1755 1433 1820 fides.
1481 1767 1566 1821 tates
1587 1753 1725 1841 vulgare
1746 1767 1832 1821 onus
1853 1758 1895 1820 sit
1909 1759 2004 1821 etiam
2016 1757 2208 1841 Paupertas,
2230 1779 2338 1844 eaque
2350 1781 2453 1846 saepe

467 1843 526 1908 Sic
547 1843 614 1908 dux
635 1842 735 1906 debet
746 1836 972 1904 defensionem
986 1840 1124 1904 subditis
1138 1841 1172 1903 in
1184 1841 1312 1907 caussis
1323 1841 1435 1916 iustlst
1482 1842 1606 1905 duriter
1627 1851 1784 1906 exerceat·
1791 1843 1900 1925 praeci
1926 1841 2180 1919 ueEcclesiam3
2204 1845 2298 1927 (lpus
2322 1859 2374 1910 est
2394 1865 2452 1911 no-

467 1926 579 2001 Quare
609 1945 683 1991 cum
708 1927 828 1989 iustum
854 1920 978 1989 bellum
1000 1924 1100 2010 gerit,
1125 1919 1204 1989 facit
1226 1923 1368 1991 officium
1390 1925 1436 1989 di·
1482 1928 1533 1991 bis
1567 1927 1715 1990 doctrina
1743 1935 1775 1989 et
1801 1863 2047 2004 consolatione,
2079 1947 2123 1991 ne
2143 1929 2368 1994 existimemus
2388 1949 2452 1995 nus

466 2010 628 2089 lectionis,
651 2019 682 2073 et
703 2008 812 2073 luccat
833 2009 997 2072 invocatio
1018 2007 1082 2072 Dei
1101 2009 1135 2073 in
1156 2009 1314 2093 periculo.
1343 2008 1436 2074 llaec
1481 2021 1616 2095 propter
1636 2021 1861 2093 paupertatem
1882 2010 1987 2073 aDeo
2010 2009 2143 2096 negligi.
2187 2013 2266 2077 ldeo
2287 2027 2355 2077 tam
2369 2014 2453 2080 mul·

467 2115 533 2160 non
553 2105 702 2183 pugnant
723 2090 1002 2180 cumEvangelio,
1024 2093 1114 2197 quod
1135 2092 1205 2158 vult
1224 2112 1436 2178 utrumquem·
1482 2105 1536 2160 tae
1563 2104 1640 2159 sunt
1666 2095 1844 2160 conciones
1874 2094 1915 2158 de
1941 2107 2135 2179 paupertate
2163 2099 2195 2159 irr
2217 2095 2396 2181 Prophetis
2420 2112 2452 2163 et

466 2199 532 2331 itt
549 2174 854 2339 ttt‘ttititiit‘,
873 2178 1135 2347 mittit
1145 2180 1436 2328 ditifica
1480 2176 2452 2349 itlittelinliiititiittit?etiaim

467 2345 616 2425 dilectio,
642 2344 799 2412 defensio
827 2365 868 2411 ac
899 2347 1026 2429 punitio
1050 2367 1073 2411 n
1115 2367 1256 2433 uuquam
1285 2348 1369 2411 inter
1396 2365 1435 2411 se
1557 2349 1658 2412 ditate
1675 2367 1774 2429 opmn
1790 2349 2153 2429 etpotentiaesinamus
2172 2368 2234 2412 nos
2245 2349 2396 2433 permhi
2408 2352 2450 2413 ad

466 2441 623 2522 pugnant.
656 2431 741 2495 Nam
762 2427 977 2510 dilectioni¹⁹i
993 2367 1149 2497 iinlsefic
1162 2432 1358 2498 consumtus
1370 2441 1434 2512 est,
1480 2451 1512 2498 nr
1547 2453 1638 2497 arum
1655 2451 1764 2495 rerum
1781 2432 1983 2495 societatem.
2005 2431 2190 2497 Traduntur
2207 2432 2450 2498 etconsolatio-

466 2531 502 2583 at
521 2537 582 2602 pro
605 2527 656 2581 ter
671 2514 780 2580 Deum
801 2510 974 2602 diligamus
997 2526 1028 2580 et
1048 2512 1268 2581 anteferamus
1290 2513 1435 2582 dilectio·
1481 2537 1554 2596 nes,
1575 2518 1609 2580 in
1629 2517 1748 2601 qubus
1792 2517 1925 2581 romittit
1943 2514 2038 2580 Deus
2062 2536 2101 2579 se
2124 2513 2357 2600 opitulaturum
2375 2535 2451 2582 ease

467 2621 542 2668 uem
596 2602 654 2667 ci..
682 2597 765 2664 Cum
792 2618 860 2663 non
887 2611 998 2684 potest
1026 2597 1161 2685 diligere
1186 2621 1246 2666 rex
1266 2601 1340 2666 Aac
1365 2620 1434 2664 ma·
1480 2604 1664 2687 egentibus,
1679 2610 1716 2664 ιιι
1733 2536 1859 2677 [liffrtth.
1873 2598 2016 2683 19,29.]=
2040 2598 2104 2672 Qui
2122 2599 2290 2684 reliquerit
2306 2601 2450 2679 domm,

467 2701 550 2752 trem
570 2705 631 2769 pro
654 2695 705 2748 ter
720 2682 839 2761 Deum,
860 2703 946 2786 quae
967 2680 1098 2749 colebat
1118 2683 1218 2764 idola,
1238 2682 1341 2751 afficit
1361 2703 1433 2750 eam
1479 2682 1949 2772 agmrm,recipietcentuplum
1961 2696 2025 2748 etc.
2037 2687 2098 2749 sed
2110 2685 2209 2762 addit,
2221 2682 2305 2749 Cum
2315 2684 2449 2750 tribula·

465 2790 607 2921 teu,
628 2705 942 2919 imur
957 2767 1342 2919 steatitis
1361 2788 1435 2917 a·
1480 2767 2449 2940 ieritiitnmraratriutuirtim

469 2939 574 3006 centia
596 2936 679 3004 Dec.
724 2936 802 3000 ldeo
823 2871 968 3020 reprfrfriat
988 2956 1062 3001 eum
1082 2940 1194 3002 amris.
1364 2875 1386 2937 p
1479 2951 1511 3006 et
1532 2899 1668 3003 alsam
1690 2938 1841 3001 virtutum
1862 2939 2046 3014 coniuent,
2074 2873 2137 2999 nege
2165 2947 2241 3001 sunt
2268 2938 2312 3001 ad
2333 2936 2448 3002 Mona·

551 3021 643 3088 llaec
664 3021 800 3086 recitavi
822 3022 864 3085 de
883 3019 948 3085 hac
971 3023 1148 3088 sententia:
1176 3022 1251 3086 Vim
1272 3024 1305 3087 vi
1327 3020 1433 3106 repel·
1479 3024 1616 3089 chorum
1641 3020 1831 3107 hypocrisin
1863 3031 1920 3086 ant
1951 3020 2168 3084 desertionem
2193 3018 2388 3086 facultatum
2415 3036 2448 3085 at

465 3109 535 3174 lere
554 3105 645 3184 licet,
667 3116 703 3171 ut
724 3105 862 3170 studiosi
884 3107 1104 3186 considerent,
1125 3117 1289 3192 quatenus
1303 3104 1432 3180 valeat3
1480 3104 1704 3173 confusionem
1727 3105 1849 3169 ordinis
1869 3101 1993 3186 politici
2015 3104 2250 3187 detorquenda.
2292 3103 2446 3192 Evange-

466 3213 540 3258 nam
573 3210 614 3257 ex
644 3188 711 3254 hoc
742 3186 835 3254 fonte
863 3191 936 3255 iura
964 3188 1125 3256 bellorum
1145 3202 1327 3256 sumuntur·
1370 3190 1433 3253 Est
1478 3191 1557 3250 liam
1585 3190 1670 3253 enim
1696 3209 1760 3251 nee
1788 3189 1947 3269 praecipit
1972 3208 2036 3251 nec
2065 3185 2209 3252 consulit
2232 3187 2403 3251 discedere
2425 3209 2449 3252 a

465 3288 574 3342 autem
594 3270 794 3340 conluenda
816 3293 890 3340 cum
911 3274 1017 3339 altero
1035 3269 1431 3351 cauterisaretur:
1477 3270 1702 3346 facultatibus,
1734 3270 1764 3333 si
1784 3289 1851 3336 non
1880 3271 2075 3351 eripientem
2107 3271 2179 3336 Nec
2206 3271 2359 3353 praecipit
2381 3291 2447 3335 nec

465 3360 529 3433 in
548 3357 693 3445 gladlum
712 3358 890 3440 acceperit,
911 3353 1165 3442 gladioperibltt
1187 3351 1351 3434 Accipere
1363 3350 1432 3438 gla-
1479 3350 1621 3420 consulit
1643 3372 1698 3415 res
1719 3353 1753 3415 in
1776 3374 1948 3417 commune
1972 3351 2134 3430 conferre,
2156 3356 2220 3419 imo
2232 3374 2305 3419 cum
2317 3365 2446 3420 certum

466 3444 552 3511 dium
586 3452 636 3508 est
668 3460 734 3505 non
766 3442 877 3504 datum
904 3458 926 3500 o
945 3437 1091 3521 Legibus
1118 3437 1291 3522 stringere.
1339 3435 1431 3523 firgo
1478 3438 1520 3502 sit
1551 3437 1791 3501 distinctionem
1823 3437 2038 3502 dominiorum
2063 3449 2095 3502 et
2115 3440 2347 3520 proprietatem
2369 3458 2446 3503 esse

465 3527 629 3696 itit
636 3518 950 3673 iittinitiit
959 3522 1080 3671 iifl?
1100 3518 1285 3670 ⁸1¹3th
1295 3533 1432 3691 titt
1475 3519 2184 3689 ttmttttl'itttiiiitt‘t
2202 3521 2444 3671 tertiis

465 3699 569 3776 diurn,
610 3693 670 3759 sed
702 3692 831 3778 stringit
867 3690 979 3755 datum
1012 3708 1032 3752 a
1068 3651 1222 3775 legibus.
1326 3702 1430 3755 terum
1477 3702 1510 3755 et
1531 3690 1826 3755 commutationem.
1872 3687 1954 3753 Vult
1986 3690 2070 3756 anim
2092 3691 2184 3755 licus
2211 3693 2245 3754 irr
2267 3689 2319 3754 his
2343 3690 2442 3756 civili

465 3781 618 3849 Christus
633 3775 700 3842 hoc
719 3773 798 3842 loce
820 3775 996 3859 praecipue
1016 3773 1175 3839 discernit
1194 3771 1307 3838 officia
1328 3775 1430 3860 magl-
1477 3777 1538 3840 bns
1562 3772 1679 3838 officiis
1709 3773 1855 3855 conspici
1883 3773 1980 3838 iidem
2007 3786 2154 3837 nostram
2176 3788 2209 3839 et
2231 3778 2383 3840 exerceri
2400 3775 2441 3838 di-

465 3875 624 3930 stratunm
645 3860 897 3926 etminiaterlum
906 3858 1001 3922 Evari
1086 3857 1152 3921 tlil
1227 3860 1325 3923 tratui
1334 3857 1429 3923 Deus
1475 3857 1648 3923 lectionem
1671 3867 1702 3921 et
1723 3854 1806 3920 alias
1828 3858 1976 3924 virtutes.
2021 3857 2174 3942 Denique
2199 3856 2256 3922 illa
2284 3862 2359 3942 ipsa
2381 3860 2442 3923 dis

488 3947 611 4013 ladinrn
630 3943 762 4009 tradidit
782 3944 838 4021 lta,
859 3943 945 4006 utin
967 3958 989 4003 o
1026 3942 1077 4005 cio
1097 3937 1164 4025 legi
1189 3962 1242 4005 mo
1255 3951 1430 4017 contutum
1476 3942 1583 4007 cessio
1606 3961 1627 4005 a
1647 3938 1857 4005 facilitatibus
1880 3954 1936 4005 aut
1956 3942 2196 4008 mendicitatem
2218 3942 2346 4020 alferis
2360 3964 2442 4028 quae

466 3970 503 4100 ξι
524 4031 679 4105 abutitur,
700 4037 736 4091 ut
751 4027 900 4110 privatae
920 4025 1108 4089 iracundiae
1121 4036 1178 4090 aut
1192 4022 1295 4090 firrori
1305 4045 1429 4092 morem
1475 4030 1508 4091 in
1530 4024 1714 4091 valentibus
1735 4035 1768 4089 et
1789 4027 1905 4090 oticsis
1927 4024 2004 4090 furti
2031 4029 2161 4109 species
2178 4038 2248 4105 est,
2269 4039 2326 4092 aut
2346 4048 2390 4114 ap

465 4125 576 4266 gerat,
598 4125 637 4217 ut
653 4111 761 4190 Nero,
780 4119 907 4195 peccat
950 4107 1094 4174 Eccntra
1115 4128 1195 4174 vero
1217 4110 1429 4174 ministerium
1475 4113 1512 4178 tit
1533 4109 1673 4175 culinam
1687 4108 1861 4213 ‘meliorem
1882 4108 2147 4188 inllonasteriis,
2169 4131 2254 4196 quae
2276 4047 2442 4176 certe&

466 4191 1049 4364 ,emptitii
1476 4198 1761 4278 Μ
1800 4191 2441 4364 in

467 4383 519 4437 tur
533 4370 569 4434 in
590 4367 656 4432 hcc
677 4365 777 4430 dicto.
819 4355 944 4447 Estque
965 4360 1137 4450 diligenter
1163 4362 1228 4427 lrcc
1255 4364 1429 4427 discrimen
1475 4384 1531 4429 res
1552 4364 1670 4428 mutari
1691 4381 1757 4426 non
1779 4373 1929 4444 possunt.
1973 4362 2070 4434 Quod
2099 4376 2205 4428 autern
2226 4360 2441 4448 Evangeliunr

466 4449 757 4527 considerandum,
783 4457 821 4514 ut
845 4447 973 4513 discant
995 4447 1149 4513 doctores
1169 4445 1343 4513 Ecclesiae
1363 4467 1430 4512 non
1475 4450 1635 4533 approbet
1653 4447 1892 4511 distinctionem
1914 4446 2127 4512 dominiorum
2155 4460 2187 4511 et
2234 4450 2440 4531 roprietatern

466 4541 523 4604 niti
554 4535 705 4603 humanis
736 4532 926 4618 praesidiis,
957 4533 1177 4678 nuncapium
1203 4552 1294 4596 arma
1316 4543 1431 4597 conca
1476 4544 1509 4598 et
1537 4534 1683 4610 divitias,
1713 4528 1851 4616 piurima
1877 4533 2167 4595 sunttestimonia.
2210 4469 2354 4597 Primum
2387 4531 2440 4595 las

469 4640 549 4686 auos
571 4622 794 4706 magistratus,
815 4616 876 4681 sed
897 4616 1004 4681 sciant
1023 4614 1093 4681 lice
1107 4617 1208 4682 esiam
1230 4616 1305 4681 Deo
1329 4635 1431 4682 curae
1476 4619 1568 4684 dicit:
1590 4616 1665 4681 Non
1686 4612 1805 4679 furtum
1827 4610 1942 4677 facias.
1985 4614 2048 4679 llic
2065 4614 2159 4680 Deus
2180 4618 2253 4699 ipsc
2273 4635 2336 4682 sua
2356 4633 2440 4678 voce

468 4723 561 4782 ease,
595 4715 628 4768 et
649 4711 820 4788 expectent
840 4701 882 4764 ab
902 4702 976 4783 ipso
1002 4698 1174 4778 auxilinm,
1191 4710 1227 4764 ut
1246 4697 1429 4766 Ecclesiam
1475 4703 1581 4769 sancit
1602 4711 1636 4764 et
1656 4699 1816 4783 approbat
1835 4698 2075 4763 distinctionem
2093 4701 2320 4765 dominiorum.
2363 4699 2441 4763 ltem

467 4787 617 4853 liberavit
636 4785 729 4852 Deus
750 4804 772 4849 a
788 4785 924 4848 saevitia
945 4782 1146 4862 Pharaonis,
1179 4781 1446 4862 Chaldaeorum,¹
1476 4787 1693 4852 senissimum
1714 4793 1782 4859 est,
1811 4802 1909 4868 reges
1931 4795 1963 4849 et
1983 4785 2148 4866 principes
2170 4783 2332 4848 haeredes
2355 4786 2441 4847 vitae

466 4869 625 4938 Maxentii
642 4880 676 4935 et
695 4868 832 4934 aliorum
926 4887 1073 4934 unorum.
1105 4869 1218 4953 ltaque
1239 4888 1305 4933 non
1322 4867 1430 4934 solum
1475 4882 1630 4936 aeternae
1649 4867 1721 4930 ficri
1741 4885 1855 4949 posse,
1877 4878 1910 4931 et
1930 4866 2057 4952 aliquos
2081 4887 2156 4932 esse
2182 4871 2286 4933 iustos
2311 4880 2346 4931 et
2366 4866 2441 4931 Deo

322 4952 327 4960 “
468 4954 618 5022 doctrina
648 4954 784 5018 traditur
804 4954 838 5017 in
894 4971 937 5017 oc
964 4951 1052 5020 dicto
1074 4954 1116 5019 de
1137 4954 1276 5018 diversis
1297 4949 1430 5030 ciliciis,
1473 4954 1607 5040 placere
1627 4952 1661 5015 in
1681 4952 1692 5014 i
1716 4952 1763 5016 sis
1776 4953 1932 5035 inponis,
1949 4948 2064 5037 quales
2079 4949 2274 5016 fueruntlos
2316 4949 2352 5028 ir,
2375 4950 2441 5014 Da·

468 5039 528 5103 sed
550 5039 647 5102 etiam
668 5047 755 5102 tecte
776 5035 978 5120 significatur
994 5035 1177 5103 Ecclesiam
1198 5038 1352 5102 divinitus
1375 5036 1429 5101 de·
1474 5036 1555 5115 niel,
1575 5035 1692 5101 Nabnc
1738 5035 1902 5112 donosor,
1923 5033 2050 5122 Oyrus,
2071 5034 2262 5113 Cornelius,
2334 5036 2441 5099 nturio

1475 5134 1510 5187 et
1530 5118 1594 5185 alii.
1639 5118 1683 5183 At
1703 5139 1740 5184 re
1786 5141 1807 5185 a
1835 5118 1907 5185 sine
1927 5122 2046 5204 opibus
2073 5122 2178 5185 teneri
2201 5139 2267 5184 non
2287 5129 2441 5203 possunt.

467 5205 669 5222 “““““”“““
1474 5203 1552 5270 ltem
1586 5205 1615 5267 l.
1645 5201 1723 5268 Gor.
1768 5249 1776 5265 .
1810 5204 2035 5270 conceduntur
2063 5206 2244 5286 emptiones
2273 5215 2307 5267 et
2328 5203 2441 5267 rendi·

472 5329 515 5391 rs)
533 5323 657 5389 pugnant]
683 5323 754 5375 auu
773 5322 815 5372 rt.
834 5325 874 5372 rs.
894 5324 1001 5373 ao-re
1021 5325 1127 5374 cs-ar.
1145 5325 1194 5384 ³4,
1223 5326 1295 5388 caru
1314 5327 1337 5375 r.
1357 5325 1380 5372 a.
1398 5327 1429 5386 a,
1473 5291 1590 5354 ‘¹⁰⁰⁰ss

536 5393 597 5456 opp.
615 5393 638 5440 1.
657 5391 682 5439 ι.
698 5394 795 5454 pumat
1560 5372 1627 5438 Sed
1649 5384 1786 5457 utraque
1807 5392 1861 5436 res
1883 5390 2035 5455 maguam
2055 5384 2175 5448 artem,
2204 5391 2358 5456 magnam
2385 5391 2442 5435 cn·

471 5495 515 5554 ro)
533 5492 633 5545 cueaa
694 5487 767 5543 erra
786 5490 892 5543 rr-aa
916 5491 1024 5542 oc-rs.
1048 5492 1089 5540 so.
1113 5489 1232 5550 ar-er,
1257 5492 1328 5555 corp.
1347 5493 1430 5550 1-a.,
1476 5476 1545 5521 mm
1564 5469 1595 5520 0¹
1617 5458 1767 5521 virtutem
1788 5452 1943 5539 P⁰⁸i¹1¹¹¹i2
1966 5454 2109 5533 scilicet,
2139 5466 2228 5519 reete
2249 5466 2364 5519 tenere
2385 5471 2441 5517 m

537 5562 596 5624 opp.
615 5560 638 5608 t.
675 5558 839 5610 .diiectouts
1478 5552 1510 5604 et
1530 5553 1752 5624 paupertatem
1780 5550 1871 5603 recte
1898 5534 1996 5602 ferre.
2040 5537 2085 5601 Ut
2114 5549 2205 5604 recte
2230 5549 2365 5616 teneas,
2398 5540 2441 5601 sit
