5859 6734
464 641 531 712 3⁶3
605 595 613 619 ⁸
1094 631 1203 698 run.
1234 632 1337 702 nnn.
1361 633 1547 702 sennua
1560 635 1837 704 boemanos
1993 578 1998 604 ⁸
2401 646 2469 713 sor

474 848 514 895 oo
578 839 677 890 essus
700 814 875 906 Ecclesiae
896 814 985 888 narr
1006 817 1154 886 AtDeus
1177 832 1384 886 servaturum
1406 839 1445 886 se
1490 833 1541 885 est
1558 822 1664 900 cibus,
1686 833 1719 886 et
1740 823 1877 908 sanguis
1899 842 1993 888 meus
2017 842 2096 888 vere
2116 838 2171 890 est
2185 837 2299 910 potus,
2322 841 2358 894 et
2381 830 2466 896 deur-

473 843 658 976 Ballistam
678 922 774 968 suam
796 901 961 986 promisit,
992 912 1024 965 et
1045 905 1202 968 servabit.
1243 904 1297 969 Ac
1318 905 1352 969 in
1372 906 1446 988 ipsa
1490 925 1581 988 ceps.
1621 905 1712 970 Haec
1732 915 1870 990 accepta
1893 919 1926 970 et
1956 906 2074 971 hausta
2096 905 2256 988 efficiunt,
2289 924 2328 976 ut
2350 925 2386 978 et
2406 933 2466 978 nos

475 993 589 1061 Coena
608 988 742 1054 Domini
765 984 893 1052 incluse
916 997 966 1052 est
984 983 1067 1050 haec
1083 990 1271 1090 promissio,
1294 1008 1378 1073 quae
1399 985 1447 1053 nf-
1490 992 1525 1054 in
1547 988 1680 1054 Christo
1709 1000 1742 1055 et
1763 988 1915 1054 Christus
1940 993 1972 1054 in
1995 993 2091 1056 nobis
2114 993 2166 1057 sit.
2210 995 2287 1058 Nou
2311 996 2467 1085 imagine-

475 1072 864 1146 firmatnoninterituranr
876 1067 1147 1140 esscEcelesram
1157 1071 1221 1136 Dei
1237 1071 1448 1138 inhoomun·
1492 1094 1564 1142 mur
1592 1093 1670 1138 esse
1698 1076 1890 1138 memoriam
1910 1073 2052 1140 hominis
2080 1079 2213 1155 mortui,
2234 1087 2272 1142 ut
2293 1095 2378 1146 sunt
2399 1103 2467 1166 spe

477 1163 536 1239 do;
557 1151 941 1224 Iubetenimauuunttari
950 1166 1037 1220 mort
1129 1158 1227 1222 omini
1238 1169 1271 1221 et
1280 1156 1367 1224 hanc
1375 1176 1450 1221 coc·
1494 1152 1623 1222 ctacula
1645 1158 1686 1221 de
1708 1155 1853 1221 Hercule
1875 1163 1987 1233 eutw)
2012 1159 2138 1224 similia.
2180 1162 2389 1230 Abiiciamus
2410 1167 2467 1231 has
2532 1187 2533 1200 ¹

477 1266 554 1314 nam
576 1241 737 1318 distribui,
760 1241 866 1312 donec
888 1240 1023 1304 venerit.
1119 1261 1157 1306 ec
1186 1240 1370 1307 consolatio
1387 1241 1449 1324 piis
1493 1238 1650 1324 profanas
1675 1241 1903 1325 cogitationes,
1926 1263 1966 1308 ac
1988 1242 2053 1307 hoc
2076 1247 2264 1310 testimonio
2284 1267 2466 1314 commone

521 1340 576 1395 ata
596 1346 675 1398 esse
696 1326 802 1396 debet.
845 1321 887 1388 Et
907 1326 1088 1388 retinentes
1108 1327 1282 1408 puritatem
1299 1325 1391 1390 Evan
1417 1346 1450 1388 e·
1495 1322 1576 1389 facti
1608 1327 1792 1402 credamus,
1826 1346 1904 1389 vere
1926 1324 2093 1392 Christum
2147 1350 2185 1392 ro
2219 1332 2319 1396 nobis
2348 1330 2466 1399 factum

479 1350 579 1478 hiet
605 1412 693 1495 pium
726 1429 819 1482 usum
842 1405 1127 1478 Samumentorum
1159 1409 1248 1475 haud
1276 1411 1373 1477 dubie
1394 1346 1449 1474 de·
1495 1426 1571 1474 csse
1592 1409 1773 1485 victimam,
1802 1429 1843 1472 ac
1863 1421 2043 1489 mortuum,
2075 1431 2093 1475 s
2157 1433 2280 1477 revera
2301 1418 2394 1482 ctiam
2415 1439 2466 1482 re·
2532 1429 2533 1480 t

478 1495 720 1570 fenduntur·²⁶)
1201 1501 1205 1509 '
1495 1492 1687 1556 suscitatum
1719 1494 1782 1556 iam
1810 1512 1951 1577 regnare
1982 1508 2015 1558 et
2035 1498 2156 1560 adesse
2177 1517 2262 1562 suae
2283 1497 2468 1577 Ecclesiae,
2532 1495 2533 1529 ³

566 1580 657 1645 Haec
701 1574 846 1642 raefatus
870 1597 959 1656 sum,
993 1590 1029 1640 ut
1051 1577 1233 1661 cogitemus
1256 1581 1298 1643 de
1320 1580 1450 1642 caussis
1496 1576 1582 1640 etin
1603 1572 1669 1639 hoc
1690 1577 1869 1641 ministerio
1897 1597 1974 1642 vere
1995 1600 2058 1641 nos
2081 1582 2143 1648 sibi
2156 1592 2314 1666 tanquam
2326 1585 2468 1650 menbra

480 1665 646 1730 institutae
695 1680 800 1727 oenae
821 1659 965 1738 Domini,
1004 1681 1067 1726 uae
1089 1672 1122 1726 et
1142 1662 1215 1742 ipsa
1235 1664 1452 1728 testimonium
1496 1661 1688 1746 adiungere.

482 1761 533 1816 est
563 1748 692 1832 insigne
723 1743 953 1893 patefactionis
1022 1746 1061 1809 ei.
1105 1744 1179 1809 Non
1211 1743 1306 1811 aliter
1337 1748 1451 1812 audias

480 1835 586 1898 verbe
606 1830 704 1894 huius
756 1847 879 1905 oenoe,
911 1830 1057 1913 quamsi
1080 1831 1186 1912 ipsmn
1209 1829 1375 1895 Christum
1397 1852 1452 1895 eo-

481 1938 553 1984 ram
585 1925 694 1980 tecum
720 1911 908 1999 loquentem
940 1914 1090 1993 audires,
1113 1924 1145 1977 et
1167 1914 1264 1979 simul
1287 1916 1328 1980 de
1347 1917 1452 2000 ipsius
1806 1915 1865 1980 De
1904 1919 2155 2004 secundo.²⁹)

482 2001 728 2070 resurrectione
761 2008 793 2062 et
826 1998 942 2062 ceteris
974 1995 1139 2064 miraculis
1163 2001 1308 2086 cogites,
1336 2001 1453 2083 quibus

484 2108 523 2152 se
545 2105 623 2149 rere
644 2081 737 2146 Deus
759 2084 854 2148 nobis
872 2079 1036 2166 patefecit.
1080 2084 1132 2147 Ac
1161 2086 1250 2149 scias
1272 2085 1453 2148 institutmn
1583 2079 1790 2148 lnEcclesiis
1813 2105 1897 2169 quae
1921 2099 2010 2152 recte
2033 2089 2202 2166 docentur,
2224 2089 2469 2158 inritundisunt

486 2189 562 2236 esse
583 2167 650 2231 hoc
661 2165 918 2246 Sacramentum,
939 2168 1078 2250 prin'rum
1096 2169 1138 2231 ad
1161 2165 1454 2236 commonefacien-
1499 2176 1531 2228 et
1548 2164 1789 2231 assuefaciendi
1811 2169 1996 2248 auditores,
2018 2184 2054 2235 ut
2072 2174 2217 2237 crebrior
2238 2194 2327 2242 usus
2351 2178 2397 2241 sit
2415 2175 2470 2244 Se

485 2257 547 2320 dos
566 2247 716 2337 singulos
746 2262 779 2315 et
800 2251 1006 2317 excitandam
1027 2263 1060 2314 et
1082 2251 1338 2332 confirmandam
1359 2252 1455 2317 fidem
1500 2251 1658 2314 crementi
1680 2253 1830 2336 corporis
1853 2263 1886 2316 et
1907 2257 2076 2338 sanguinis
2088 2255 2221 2333 Christi,
2245 2270 2281 2322 et
2303 2272 2340 2324 ut
2365 2263 2398 2327 in
2413 2281 2469 2326 usu

485 2339 518 2403 iu
535 2337 651 2414 nobis,
685 2334 802 2399 deinde
823 2346 859 2400 ut
881 2335 1036 2398 memoria
1058 2337 1224 2420 passionis
1254 2349 1285 2399 et
1307 2357 1442 2401 resume
1499 2330 1595 2396 simul
1627 2336 1786 2399 excitetur·
1817 2338 1984 2402 ardentior
2016 2340 2179 2406 invocatio
2223 2355 2258 2406 et
2294 2346 2468 2428 gratiarum

488 2421 605 2488 ctionis
627 2417 749 2484 Christi
780 2429 938 2504 perpetuo
960 2432 1161 2503 propagetur
1181 2420 1248 2485 hoc
1269 2422 1343 2497 ritu,
1366 2421 1455 2485 deni·
1500 2418 1596 2481 actio.
1642 2417 1763 2498 Sed80)
1786 2418 1884 2484 simul
1906 2424 2046 2490 docendi
2067 2437 2145 2489 sum
2165 2423 2331 2504 homines,
2354 2430 2467 2512 qrdbns

509 2526 551 2571 ue
582 2517 619 2569 ut
646 2507 690 2569 sit
714 2524 838 2569 nervus
882 2501 1012 2570 ublicae
1035 2506 1312 2590 congregationis,
1336 2507 1370 2568 in
1391 2526 1457 2590 qua
1499 2503 1603 2585 prosit
1622 2504 1840 2570 manducatio.
1883 2505 2063 2590 Utrumque
2092 2511 2157 2573 vitu
2262 2511 2343 2576 dum
2365 2525 2401 2580 ct
2421 2513 2469 2578 tle

487 2527 640 2655 hcclesia
659 2587 725 2653 Dei
747 2599 843 2651 osten
867 2598 901 2650 at
922 2607 960 2650 se
983 2589 1164 2652 seiunctam
1186 2610 1262 2654 esse
1289 2611 1310 2653 a
1330 2600 1457 2654 cetere·
1499 2583 1693 2667 plorandum
1716 2601 1778 2668 est,
1800 2590 1889 2672 quod
1909 2587 2013 2669 multi,
2035 2594 2090 2676 qui
2111 2613 2154 2658 vo
2168 2603 2226 2658 unt
2247 2596 2357 2660 videri
2379 2617 2470 2662 mem-

490 2696 561 2742 rum
608 2676 730 2739 entium
752 2674 969 2756 opinionibus.
1500 2673 1560 2735 bra
1580 2668 1763 2750 Ecclesiae,
1785 2675 1863 2737 totis
1887 2675 1982 2740 annis
2005 2675 2120 2742 decem
2140 2678 2194 2740 vix
2217 2676 2327 2744 semel
2344 2693 2403 2744 aut
2423 2681 2470 2744 bis

603 2768 656 2822 ost
676 2756 761 2824 haec
779 2757 923 2834 exordia,
943 2753 1232 2840 haecquatuor²⁷)
1248 2759 1457 2823 consideren-
1501 2766 1633 2818 sumunt
1654 2755 1917 2832 Sacramentum
1938 2757 1980 2821 Et
2002 2758 2098 2824 simul
2119 2780 2191 2824 cunr
2213 2757 2279 2825 hac
2302 2761 2469 2850 negligen-

491 2853 559 2910 tur:
1502 2841 1547 2902 tia
1578 2841 1739 2921 obrepunt
1769 2839 1929 2924 profanae
1951 2845 2138 2924 opiniones,
2161 2846 2362 2930 extinguitur
2383 2850 2470 2911 invo-

574 2924 728 3010 Primum‚
749 2923 913 3010 quomodo
935 2925 1080 2989 instituta
1100 2927 1143 2990 sit
1171 2946 1276 2990 coena
1297 2927 1438 2991 Domini.
1503 2924 1600 2999 catio,
1623 2934 1656 2985 et
1678 2926 1840 2989 accedunt
1860 2925 1926 2990 alia
1946 2928 2035 2991 vitia.

576 3011 774 3089 Secundum,
797 3010 915 3112 quibus
936 3010 1042 3093 prosit
1062 3011 1282 3076 manducatio.
1588 3004 1674 3070 Olim
1706 3008 1795 3071 initio
1823 3008 1997 3074 Ecclesiae
2028 3009 2129 3074 multo
2162 3026 2234 3075 erat
2266 3013 2469 3120 frequentior

576 3093 733 3172 Tertium,
755 3115 811 3179 qur
832 3094 898 3156 sint
919 3095 962 3158 ad
985 3112 1057 3158 earu
1078 3095 1277 3160 admittendi.
1504 3110 1583 3153 usus
1605 3088 1828 3170 Sacramenti,
1861 3105 1897 3157 ut
1925 3106 2055 3159 veteres
2077 3095 2243 3160 Historiae
2264 3110 2297 3162 et
2318 3102 2471 3163 hanone·

578 3178 755 3258 Quanam,
797 3178 838 3241 de
870 3180 976 3242 abusu
1010 3191 1042 3241 et
1080 3177 1309 3261 profanatione
1342 3177 1459 3244 Sacra-
1503 3174 1690 3238 ostendunt.
1735 3175 1795 3239 Est
1822 3188 1853 3240 et
1873 3176 1969 3243 alteri
1992 3177 2077 3241 malo
2100 3200 2219 3263 magna
2249 3179 2414 3265 diligentia
2439 3199 2472 3248 et

492 3264 599 3333 menti.
1503 3260 1676 3323 severitate
1708 3261 1965 3341 occurrendum,
1999 3283 2041 3327 ne
2063 3265 2168 3350 ignari
2196 3264 2268 3349 quid
2287 3278 2400 3349 agent,
2435 3280 2471 3330 et

1502 3341 1617 3428 polluti
1641 3341 1821 3410 manifestis
1845 3347 1932 3410 vitiis
1954 3348 2026 3411 sine
2046 3349 2246 3431 poenitentia
2264 3349 2306 3412 ad
2327 3369 2473 3414 eommu-

1502 3429 1632 3494 nionem
1653 3431 1824 3495 accedant.

869 3516 927 3579 De
948 3517 1084 3599 primo.
1589 3512 1666 3577 ldeo
1699 3511 1778 3578 utile
1799 3528 1831 3579 et
1875 3516 1941 3580 ium
1961 3516 2140 3582 institutum
2163 3529 2226 3596 est,
2248 3519 2341 3601 prius
2364 3519 2475 3606 singu-

1502 3594 1556 3659 los
1579 3593 1762 3681 explorare,
1792 3539 1874 3681 quid
1897 3596 2089 3686 intelligant,
2123 3602 2199 3686 quid
2222 3602 2415 3682 didicerint,
2446 3619 2474 3668 et

580 3689 675 3756 Ritus
698 3686 894 3753 describitur
915 3706 936 3749 a
957 3683 1138 3763 dlatthaeo,
1160 3683 1292 3767 Marco,
1314 3685 1408 3751 Luce
1429 3696 1462 3748 et
1503 3682 1537 3744 in
1559 3701 1599 3745 eo
1622 3677 1786 3766 colloquio
1810 3683 1961 3747 rudiores
1983 3687 2114 3762 docere,
2136 3695 2169 3748 et
2190 3686 2270 3771 quid
2291 3687 2338 3751 sit
2361 3685 2474 3753 Sacra·

496 3799 516 3841 a
538 3774 653 3840 Paulo.
695 3771 738 3836 Et
759 3770 947 3836 nominatim
969 3768 1071 3854 inquit
1094 3766 1237 3834 Paulus:
1260 3769 1462 3834 Convenien-
1504 3776 1660 3841 mentum,
1682 3775 1715 3828 et
1736 3768 1810 3849 quis
1832 3769 1874 3831 sit
1895 3788 1990 3847 usus,
2012 3783 2044 3832 et
2066 3771 2183 3852 quibus
2204 3771 2326 3853 prosit.

497 3862 583 3924 tibus
610 3857 716 3922 vobis.
757 3851 839 3919 Vult
865 3852 987 3938 publici
1015 3874 1216 3938 congressus
1245 3855 1462 3918 ceremoniam
1590 3848 1718 3911 Deinde
1739 3848 1943 3916 manifestum
1967 3865 2019 3917 est
2045 3855 2086 3916 de
2107 3851 2170 3916 hac
2190 3866 2285 3938 parte
2310 3875 2415 3940 saepe
2434 3857 2477 3920 di·

498 3961 573 4008 esse
604 3942 690 4006 hanc
712 3958 859 4016 coenam,
894 3949 926 4002 et
947 3935 1044 4003 simul
1064 3934 1133 4002 vult
1154 3939 1199 4002 ibi
1222 3939 1334 4002 doceri
1355 3936 1462 4001 Evan-
1507 3933 1647 3998 cendum
1668 3951 1756 4010 esse,
1777 3956 1842 3999 non
1866 3937 2026 4019 prodesse
2047 3938 2336 4004 manducationem
2351 3943 2406 4020 iis,
2426 3940 2478 4026 qui

500 4024 631 4113 gelium,
654 4023 799 4088 invocari
822 4020 928 4085 Deum
949 4022 1113 4086 mentione
1139 4033 1170 4086 et
1191 4020 1312 4087 fiducia
1332 4019 1464 4085 Domini
1507 4038 1572 4081 non
1595 4028 1697 4101 agunt
1718 4021 1959 4102 poenitentiam,
1982 4021 2043 4085 sed
2063 4038 2279 4104 perseverant
2304 4026 2340 4088 in
2354 4025 2474 4090 delictis

498 4109 605 4174 nostri
625 4107 702 4174 lesu
713 4106 847 4183 Christi,
870 4117 902 4169 et
920 4107 974 4190 agi
996 4106 1132 4192 gratias.
1158 4104 1235 4170 ldeo
1259 4106 1463 4171 dictumest:
1509 4113 1623 4165 contra
1642 4104 1891 4182 conscientiam,
1915 4107 2000 4171 siout
2021 4103 2145 4170 Paulus
2170 4106 2261 4171 clara
2283 4129 2376 4174 voce
2394 4105 2476 4174 affir-

499 4191 570 4259 Hoc
594 4190 691 4259 facite
713 4192 755 4255 ad
776 4190 1036 4264 recordationem
1058 4192 1131 4254 mei.
1508 4197 1592 4249 mat:
1626 4185 1690 4258 Qui
1722 4189 1967 4253 manducaverit
1999 4210 2116 4273 panem
2150 4191 2235 4255 lrurrc
2269 4206 2331 4256 aut
2368 4195 2476 4259 biberit

512 4287 517 4300 '
583 4277 654 4344 Nec
676 4288 726 4342 est
746 4277 841 4341 inane
863 4271 1100 4359 spectaculum,
1121 4277 1181 4339 sed
1203 4272 1355 4339 Christus
1377 4294 1466 4338 rere·
1509 4269 1663 4354 poculum
1685 4271 1816 4335 Domini
1833 4274 1898 4337 indi
1923 4295 1975 4352 ne,
1998 4296 2074 4339 reus
2097 4277 2157 4339 erit
2175 4277 2331 4360 corporis
2356 4291 2390 4343 et
2410 4298 2477 4343 sarr·

501 4363 730 4430 raadestdens
738 4380 799 4447 per
809 4359 873 4423 hoc
883 4357 1095 4424 ministerium
1107 4380 1202 4425 sumn
1213 4380 1336 4442 corpus
1348 4372 1380 4423 et
1392 4378 1467 4422 san·
1510 4355 1618 4441 guinis
1640 4352 1781 4420 Domini.
1822 4294 2021 4422 Manducant
2041 4369 2150 4423 autem
2172 4359 2319 4444 indigne,
2343 4366 2477 4447 quinon

503 4449 633 4536 guinem
664 4447 871 4512 manducanti
906 4457 938 4508 et
970 4446 1101 4509 bibenti.
1146 4443 1238 4509 Siout
1272 4457 1305 4507 et
1337 4453 1468 4510 veteres
1510 4439 1648 4505 afferunt
1669 4441 1817 4504 timorem
1839 4439 1904 4506 Dei
1927 4455 1959 4507 ct
1980 4443 2088 4521 fidem,
2111 4462 2170 4509 sen
2191 4446 2431 4526 poenitentiam
2450 4461 2479 4511 ct

503 4534 568 4598 scri
591 4545 680 4598 tores
712 4528 901 4615 loquuntur.
951 4526 1095 4615 Cyrillus
1129 4531 1162 4593 in
1195 4528 1317 4593 loanne
1348 4530 1468 4613 inquit:
1511 4525 1618 4600 fidem,
1651 4536 1683 4587 et
1715 4528 1859 4589 scientes
1892 4539 2105 4608 perseverant
2135 4528 2168 4592 in
2200 4525 2337 4595 delictis
2370 4545 2480 4597 contm

503 4617 534 4682 U
579 4638 598 4681 e
624 4616 899 4682 considerandum
921 4625 982 4693 est,
1005 4611 1172 4678 Christum
1192 4635 1259 4678 norr
1280 4612 1388 4678 solum
1409 4633 1470 4697 per
1510 4610 1753 4674 conscientiam.
1799 4608 1864 4672 Alii
1887 4608 2055 4695 indulgent
2077 4611 2284 4690 libidinibus,
2316 4613 2381 4680 alii
2405 4616 2481 4682 odiis

503 4697 710 4767 dilectionem
730 4701 763 4764 in
780 4699 876 4763 uobis
898 4716 991 4775 esse,
1013 4697 1072 4762 sed
1094 4697 1190 4782 etiam
1209 4695 1351 4763 naturali
1370 4699 1469 4780 parti·
1510 4705 1542 4758 et
1564 4693 1701 4757 iniustae
1723 4694 1889 4777 cupiditati
1911 4697 2090 4771 vindictam
2111 4694 2177 4760 Alii
2198 4694 2272 4761 aliis
2295 4698 2481 4766 sceleribus

505 4786 682 4868 cipetioue,
713 4784 746 4847 id
776 4794 841 4862 est,
874 4784 994 4848 adesse
1016 4803 1081 4845 norr
1103 4779 1210 4848 solum
1227 4780 1387 4859 efficacia,
1410 4781 1469 4845 sed
1509 4776 1653 4862 pollutos
1681 4783 1776 4862 se⁸¹)
1809 4800 1884 4843 esse
1907 4793 2035 4859 norunt,
2058 4801 2119 4844 nec
2142 4783 2311 4864 deponunt
2332 4787 2482 4870 proposi

505 4870 601 4932 etiam
621 4869 816 4933 substantia.
1510 4876 1578 4930 tum
1611 4858 1847 4928 malefaciendi.
1891 4864 1981 4929 Haec
2013 4863 2100 4929 mala
2131 4885 2191 4950 per
2212 4885 2292 4933 sese
2314 4869 2484 4938 offendunt

589 4951 630 5016 Et
650 4950 793 5017 Hilarius
811 4951 871 5015 altr
899 4949 952 5015 De
972 4950 1112 5017 nattuali
1133 4953 1217 5016 eninr
1239 4954 1271 5016 in
1293 4953 1390 5017 uobis
1413 4972 1469 5015 ve·
1510 4948 1626 5014 Deum.
1670 4945 1738 5010 Sed
1760 4947 1883 5011 Paulus
1906 4947 2062 5014 cumulari
2083 4950 2170 5014 hanc
2187 4948 2416 5021 offensionem
2433 4976 2485 5021 rro

505 5036 602 5102 ritate
664 5055 704 5100 ae
726 5037 875 5116 dicimus,
895 5037 959 5102 nisi
980 5038 1083 5101 abeo
1105 5036 1292 5115 didicimus,
1313 5033 1414 5101 stulte
1436 5046 1470 5098 et
1515 5085 1710 5097 -,.,...--

505 5119 601 5204 hupie
619 5057 816 5189 diceremus.
848 5121 923 5205 lpse
941 5123 1026 5187 enim
1046 5122 1164 5205 inquit:
1188 5118 1274 5185 Caro
1295 5141 1367 5184 mea
1390 5139 1469 5182 rere
1511 5172 1556 5227 ἢ)
1575 5169 1629 5233 rot]
1650 5168 1723 5221 mm
1743 5171 1782 5218 20·
1803 5169 1854 5224 25..
1874 5171 1946 5231 corp.
1967 5172 2040 5218 1-3·
2060 5176 2085 5222 et

508 5277 667 5287 ·“““““·
684 5277 710 5287 ·“
1487 5331 1490 5338 ¹
1510 5271 1556 5332 29)
1574 5273 1608 5322 be
1626 5270 1755 5334 secundo]
1776 5270 1818 5323 Ed.
1836 5269 1878 5321 ³0.
1895 5272 1930 5323 be
1949 5271 2060 5322 secundo
2077 5272 2159 5335 cephe

397 5399 401 5403 -
506 5375 553 5438 ae)
570 5376 758 5440 referamur]
772 5375 845 5427 eam.
867 5377 889 5422 r.
909 5375 933 5422 a.
952 5374 1129 5426 retentantur.
1487 5345 1490 5399 t
1511 5373 1556 5426 aot
1575 5371 1635 5435 seo]
1657 5372 1728 5433 corp.
1748 5371 1820 5420 r-e.
1838 5370 1866 5421 n

506 5477 552 5541 ²¹1)
570 5477 688 5542 quatuor]
708 5477 780 5529 Edltt.
798 5474 838 5523 26.
856 5475 908 5534 ελ,
927 5475 998 5536 corp.
1021 5476 1092 5522 1-t.
1111 5483 1217 5536 quatuor
1234 5471 1314 5533 capita
1487 5479 1490 5527 t
1510 5472 1555 5533 31)
1573 5484 1602 5524 se
1620 5474 1753 5524 omtttunt
1768 5470 1840 5522 Editt.
1860 5471 1899 5522 tt.
1917 5470 1958 5518 29.
1977 5470 2085 5523 31-33,
