5859 6734
435 736 497 803 441
876 736 899 798 l.
922 735 1024 800 Loct
1045 732 1318 801 rnuououtcu
1340 734 1377 799 G.
1400 732 1611 800 SECUNDA
1632 730 1789 799 EORUM
1809 732 1964 801 AETAS.
2350 738 2415 805 tta

434 920 610 987 emoneo
641 938 703 983 nos
732 920 773 983 de
800 917 968 984 voluntate
989 919 1063 985 Dei.
1108 918 1199 985 Sicut
1223 928 1262 1022 ‘et
1292 918 1403 1001 Bapti·
1444 914 1620 1021 benefacta
1648 917 1747 1003 digna
1774 936 1851 982 esse
1878 918 1946 983 vita
1966 930 2116 1021 aeterna,
2139 933 2194 985 aut
2213 920 2328 986 deberi
2348 922 2412 987 sibl

435 1004 1034 1165 mittissimis
1046 1002 1402 1153 &subiisti
1444 1012 1888 1169 institituit}
1903 1002 2091 1151 ‘itt'tffl
2112 1004 2412 1168 iii‘imirffi

435 1184 566 1237 moneat
592 1192 676 1248 nos,
699 1182 736 1236 ut
760 1191 922 1236 annexam
943 1108 1194 1255 promisslouem
1221 1172 1403 1235 intueamur
1446 1189 1520 1231 cum
1551 1166 1707 1232 reclamet
1737 1169 1771 1232 in
1804 1173 1953 1235 ominbus
1991 1173 2024 1235 iu
2046 1172 2143 1242 icium
2180 1174 2411 1239 conscientiae.

435 1269 468 1321 at
488 1268 669 1322 stabimus
691 1257 787 1319 nobis
809 1275 940 1339 quoqne
962 1254 1143 1320 condonari
1163 1266 1309 1339 peccata.
1445 1252 1542 1325 Quod
1562 1263 1672 1315 autem
1694 1256 1895 1320 conscientia
1926 1254 2100 1334 reclamet,
2131 1266 2270 1319 testatur
2290 1256 2413 1335 David,

519 1340 739 1419 [Domini
769 1336 858 1403 ldem
879 1340 1087 1403 iudicandum
1108 1348 1160 1402 est
1182 1339 1223 1402 de
1241 1334 1403 1401 similibus
1444 1337 1500 1420 qui
1530 1335 1574 1398 ait
1604 1334 1675 1417 [Pe.
1697 1335 1771 1419 ltu,
1791 1338 1855 1418 21:
1877 1338 1953 1408 Non
1973 1342 2077 1404 intres
2104 1341 2137 1402 in
2157 1340 2311 1405 iudicium
2337 1360 2413 1405 cum

435 1426 616 1500 sententiis,
638 1443 725 1509 quae
746 1434 824 1487 sumt
845 1425 1022 1486 conciones
1044 1422 1273 1506 poenitentiae.
1316 1418 1402 1493 Qua·
1444 1438 1544 1484 servo
1566 1429 1635 1497 tuo,
1656 1418 1734 1503 qula
1753 1440 1818 1485 non
1840 1423 2068 1491 iustificabitur
2095 1424 2129 1487 in
2151 1433 2332 1506 conspectu
2354 1433 2412 1489 tuo

435 1507 476 1571 lis
504 1520 572 1571 est:
603 1506 739 1571 Redime
771 1517 908 1589 peccata
939 1517 995 1569 tuu
1026 1507 1147 1570 iustitia
1174 1517 1207 1571 at
1234 1502 1402 1569 beneficiis
1444 1508 1550 1567 omnis
1570 1505 1697 1568 vivens.
1728 1502 1772 1567 Et
1782 1502 1934 1573 Christus
1956 1509 2035 1573 dicit
2054 1506 2148 1589 [Luc.
2163 1506 2214 1583 17,
2226 1507 2307 1589 lil.]=
2329 1504 2413 1571 Cum

434 1610 515 1739 zife
535 1610 716 1675 pauperes,
743 1601 775 1655 et
797 1592 858 1692 erit
886 1590 1013 1690 nautio
1042 1587 1237 1691 delictorum
1263 1600 1402 1653 tuorum.
1443 1584 1589 1690 feceritis
1611 1589 1731 1666 omniu,
1753 1588 1865 1691 dicite:
1886 1594 1976 1659 servi
1997 1588 2126 1694 inptiles
2149 1590 2412 1693 surnus3Quara

433 1672 1404 1843 ..ittttit‘ffltii‘ultitimum
1443 1672 1570 1833 {titi
1589 1672 2410 1853 &Didii’d'¹i.⁰...⁸l.l¹l¹‘..‘¹.⁰.ili.lliiiiss

433 1843 544 1924 pisce,
559 1840 620 1905 fias
641 1842 764 1919 iustus,
849 1860 930 1904 osce
951 1840 1075 1917 Deum,
1098 1840 1232 1905 credito.
1275 1837 1403 1901 Deinde
1443 1838 1548 1917 priam
1570 1848 1603 1898 et
1624 1837 1730 1929 meriti
1750 1840 1956 1925 dignitatem,
1985 1855 2019 1908 et
2039 1852 2175 1925 propter
2200 1839 2288 1909 hanc
2315 1860 2411 1925 etpo-

433 1945 569 2009 regnum
597 1934 686 1989 tuum
714 1926 761 1988 ito
781 1945 800 1988 a
824 1924 1024 2001 ministrato,
1055 1932 1091 1987 ut
1114 1920 1293 2005 potentiam
1313 1929 1404 1981 tuam
1444 1928 1536 1981 ctare
1549 1920 1648 1982 vitem
1657 1926 1836 1999 aeternnm,
1858 1927 1887 1988 is
1907 1945 2112 2009 nequequam
2121 1944 2183 2007 pro
2227 1926 2275 1989 nit
2284 1922 2411 1989 iirmam

434 2008 477 2073 ed
497 2004 634 2072 salutem
661 2007 827 2070 bominum
848 2003 1020 2081 conferas,
1048 2025 1115 2069 non
1136 2004 1179 2068 ad
1207 2002 1401 2065 nocendum.
1444 1998 1704 2065 consolationem
1742 2006 1850 2091 aninto
1883 2004 2020 2073 luctanti
2060 2030 2133 2073 cum
2194 2008 2410 2091 esperatione.

435 2089 656 2157 concionatur
682 2091 768 2154 enirn
869 2090 877 2107 ⁸
907 2099 940 2152 et
953 2093 1088 2189 ¹⁰)unon
1113 2084 1221 2151 solum
1249 2086 1290 2149 de
1317 2082 1403 2148 elee-
1443 2084 1506 2187 llic
1527 2096 1618 2187 certe
1638 2086 1862 2155 docenda-est
1882 2112 1994 2193 mens,
2010 2101 2047 2155 ut
2066 2093 2151 2193 sciat
2172 2091 2293 2157 fiducia
2314 2093 2410 2157 miso·

433 2173 934 2335 luitbttisittlttt
948 2168 1402 2319 insiluisti
1443 2168 2411 2349 iniit.immittititttundtii

433 2342 568 2426 imperio
591 2342 793 2415 exercenda3
816 2359 900 2423 quae
922 2338 1006 2402 duae
1023 2339 1162 2401 virtutes
1183 2336 1322 2401 maxime
1338 2334 1402 2403 coli
1444 2334 1554 2417 [Rom.
1563 2335 1597 2413 6,
1612 2334 1699 2419 2342
1723 2334 1857 2405 Donum
1878 2341 1942 2407 Dei
1969 2344 2036 2407 vita
2064 2354 2206 2408 aeterna.
2255 2342 2299 2409 Et
2376 2362 2409 2409 e·

433 2447 455 2490 a
476 2424 610 2497 summis
632 2422 780 2509 Regibus
802 2424 933 2488 debent.
978 2421 1027 2486 lta
1047 2422 1189 2485 redimes
1199 2432 1348 2505 peccata,
1369 2420 1403 2485 id
1443 2418 1535 2485 obius
1556 2417 1680 2485 fatetur
1700 2435 1840 2504 peccata
1857 2424 1934 2507 [les.
1948 2424 2003 2505 38,
2019 2426 2100 2507 17.]:
2128 2426 2302 2493 Proiecisti
2329 2438 2409 2513 post

433 2520 502 2586 est,
523 2507 723 2589 impetrabis,
744 2518 780 2570 ιιι
801 2503 935 2571 tollatur
954 2516 1082 2581 reatus,
1110 2514 1178 2569 tum
1200 2502 1314 2589 urlpa,
1334 2515 1403 2569 tum
1442 2516 1570 2588 tergum
1592 2514 1682 2567 tuum
1709 2508 1818 2573 omnia
1842 2523 1981 2595 peccata
2006 2530 2089 2575 mea.
2132 2508 2175 2574 Et
2201 2511 2311 2577 David
2337 2510 2408 2595 [Pe.

433 2612 558 2675 poena,
584 2592 662 2673 quia
690 2591 861 2655 conversis
890 2590 1087 2673 promittitur
1112 2591 1207 2653 venia
1234 2608 1302 2653 non
1349 2608 1401 2651 ro-
1443 2587 1497 2666 31,
1518 2588 1565 2669 2.]
1595 2588 1719 2653 Beatus
1750 2592 1817 2669 vir,
1858 2596 1911 2659 cui
1942 2615 2010 2660 non
2041 2594 2211 2679 imputavit
2248 2596 2409 2662 Dominus

433 2687 506 2757 pter
526 2675 747 2756 poenitentiae
768 2674 970 2758 dignitatem,
990 2673 1051 2737 sed
1061 2692 1121 2757 per
1133 2610 1401 2751 misericordlltm,
1442 2684 1623 2757 peccatum.
1668 2673 1706 2745 Q.
1735 2673 1767 2736 d.
1796 2678 1946 2743 omnibus
1973 2680 2126 2763 imputari
2151 2690 2325 2763 peccatum
2350 2702 2408 2765 po-

433 2761 462 2823 si
483 2779 556 2823 eam
577 2757 683 2822 fidea
730 2756 929 2833 rehendant3
951 2770 984 2821 et
1006 2768 1114 2820 tamen
1136 2757 1328 2821 necessaria
1350 2766 1402 2819 est
1441 2768 1525 2830 test,
1547 2759 1737 2840 quaerenda
1758 2770 1810 2823 est
1825 2760 1925 2845 igitrn
1945 2762 2186 2840 misericordia,
2212 2773 2245 2835 et
2265 2774 2409 2829 stamen

432 2843 641 2928 poenitentia.
684 2780 801 2906 ffitere
846 2860 901 2904 ers
945 2840 1097 2907 ronrissio
1119 2852 1188 2905 est:
1214 2836 1285 2904 Erit
1306 2860 1401 2904 sana·
1442 2841 1530 2919 dum,
1547 2842 1636 2925 quod
1656 2842 1703 2903 itu
1723 2840 1877 2909 iustilicet
1898 2866 1960 2911 seu
1970 2857 2121 2949 acceptet
2130 2866 2194 2911 nos
2204 2846 2311 2925 Deus,
2332 2848 2408 2933 qula

433 2928 478 2991 tio
501 2937 564 2991 etc.
587 2944 672 3009 quae
694 2936 784 2989 certe
827 2927 903 2988 ebet
922 2862 988 2989 lde
1009 2924 1126 3009 accipi,
1148 2936 1180 2988 at
1197 2934 1233 2989 nt
1244 2922 1287 2987 sit
1299 2936 1401 3002 certa,
1442 2926 1574 2989 remittit
1599 2936 1749 3010 peccata.
1798 2926 1842 2992 Et
1862 2926 1947 2995 ltaec
1967 2932 2040 3015 ipsa
2059 2929 2247 2995 iustificatio
2278 2948 2409 3015 semper

432 3032 499 3075 non
521 3011 619 3075 debet
639 3011 783 3111 pendere
805 3029 847 3073 ex
870 3010 1056 3074 conditione
1076 3009 1254 3073 nostraed'
1303 3009 1400 3073 itatis.
1442 3009 1506 3071 iam
1528 3029 1648 3073 novam
1668 3011 1769 3075 vitam
1787 3022 1821 3076 et
1837 3013 2055 3079 obedientiam
2068 3032 2182 3077 secum
2194 3012 2298 3079 effert
2325 3012 2408 3079 Pun-

432 3094 621 3159 Sententiae
642 3113 675 3158 ru
695 3091 801 3157 Tobia
822 3092 888 3171 112,
904 3092 968 3172 9.]=
995 3089 1215 3177 Eleemosyna
1241 3090 1263 3156 li
1288 3105 1401 3156 erata
1441 3089 1496 3155 lus
1531 3093 1650 3176 inquit:
1687 3092 1869 3161 Victoriam
1906 3100 2020 3163 mortis
2058 3098 2250 3181 contingere
2287 3093 2408 3162 fiducia

431 3189 553 3255 morta,
580 3188 613 3241 et
639 3175 779 3255 similes,
806 3178 992 3262 significant
1024 3173 1252 3260 eleemosynas
1284 3175 1401 3241 mereri
1442 3175 1576 3251 Christi,
1602 3194 1670 3239 uon
1696 3188 1834 3259 propter
1858 3192 2008 3247 nostram
2028 3178 2232 3265 dignitatem,
2261 3200 2338 3245 cum
2363 3180 2408 3245 ait

432 3263 575 3349 irtgautia
595 3262 768 3339 beneficia,
789 3274 826 3326 ut
847 3258 1059 3326 defendamur
1079 3280 1100 3323 a
1121 3258 1195 3322 Deo
1215 3259 1250 3321 in
1270 3260 1400 3344 magnis
1442 3256 1577 3335 [LGor.
1590 3258 1785 3343 tomosque
1803 3258 1950 3327 Aculeus
1961 3264 2076 3330 mortis
2087 3274 2260 3347 peccatum
2270 3274 2333 3343 est,
2349 3284 2407 3347 po-

432 3344 594 3429 purleulis.
645 3344 828 3410 Praeconia
853 3355 928 3408 sunt
956 3344 1160 3407 bonorumo
1204 3362 1290 3420 rum,
1316 3361 1401 3427 quae
1440 3343 1542 3406 tentia
1563 3360 1643 3405 vero
1655 3344 1785 3424 peccati
1799 3344 1887 3422 Lex3
1908 3347 1983 3412 Deo
2007 3359 2116 3413 autem
2137 3347 2254 3437 gratia,
2275 3348 2333 3433 qni
2352 3348 2407 3411 de-

432 3438 508 3495 sunt
527 3448 610 3495 eane
637 3428 883 3510 amplificanda,
905 3427 966 3491 sed
988 3427 1044 3501 ita,
1066 3444 1107 3488 ne
1129 3422 1157 3487 C
1182 3426 1250 3488 risti
1278 3425 1400 3490 benefi-
1440 3427 1487 3490 dit
1512 3424 1609 3489 nobie
1636 3426 1807 3491 victoriam
1840 3450 1899 3514 per
1927 3431 2100 3499 Dominum
2127 3442 2276 3501 nostrum
2295 3430 2410 3505 iesum

433 3514 516 3577 cium
533 3516 737 3577 obscuretur.
768 3510 1007 3573 Remissionem
1030 3506 1146 3590 culpae
1168 3510 1400 3593 consequimur
1439 3508 1611 3575 Christum
1655 3509 1696 3584 Q.
1718 3510 1751 3573 d.
1772 3510 1809 3577 Si
1824 3526 1972 3581 nostram
1993 3518 2182 3603 dignitatem
2210 3523 2407 3601 metiremur,

431 3594 693 3663 fiduciachristi.
738 3592 911 3656 Caeterum
932 3592 1100 3655 sciendum
1121 3599 1174 3653 est
1190 3592 1277 3655 bona
1297 3612 1399 3675 opera
1439 3591 1494 3658 len
1514 3612 1645 3675 semper
1664 3607 1841 3662 accusaret
1859 3619 1923 3663 nos
1944 3612 2008 3667 etc.
2052 3602 2095 3665 Et
2106 3602 2196 3666 ioan.
2213 3604 2244 3666 6.
2261 3608 2326 3686 [vs.
2338 3605 2406 3687 uu]

429 3683 548 3745 mereri
567 3679 792 3741 remissionem
814 3696 992 3758 poenarum
1016 3685 1079 3738 tem
1125 3672 1252 3753 ralium,
1269 3694 1330 3740 seu
1343 3679 1398 3740 mi-
1439 3676 1534 3742 Haeo
1565 3689 1617 3741 eet
1649 3675 1804 3744 voluntas
1835 3680 1943 3747 Patris
1976 3688 2050 3762 mei,
2083 3688 2139 3770 qui
2168 3688 2255 3751 misit
2285 3708 2349 3767 me,
2370 3700 2407 3755 ut

430 3763 635 3847 tigationem,
656 3774 693 3823 ut
713 3780 776 3823 suo
797 3759 873 3825 loco
896 3760 1032 3823 dicetur.
1060 3804 1066 3814 .
1149 3778 1192 3821 ue
1213 3758 1278 3823 hoc
1300 3764 1398 3824 bene·
1440 3765 1558 3839 omnis,
1579 3763 1635 3846 qut
1652 3763 1741 3827 videt
1749 3762 1866 3831 Filium
1887 3778 1920 3831 et
1942 3770 2046 3834 credit
2067 3772 2100 3833 in
2121 3790 2206 3849 euru,
2222 3770 2345 3837 habeat
2360 3775 2405 3837 ti·

429 3848 540 3910 titium
566 3843 642 3909 leve
670 3845 852 3909 ducendum
879 3855 948 3921 est,
978 3842 1047 3928 regi
1075 3844 1107 3906 di
1146 3840 1282 3907 cillimes
1311 3848 1397 3910 vitae
1439 3858 1506 3911 tam
1527 3857 1706 3911 aeternam.
1749 3847 1839 3913 ioan.
1861 3850 1893 3917 3.
1918 3854 1986 3933 [rs.
1999 3852 2152 4001 lthui
2174 3857 2278 3921 credit
2299 3858 2332 3921 in
2354 3858 2406 3921 lii·

429 3939 654 4013 tempestates,
676 3930 813 4012 mitigari
837 3926 1050 4003 calamitates,
1072 3926 1206 4009 publica
1223 3926 1321 4007 bella,
1349 3928 1398 3993 ia·
1437 3930 1534 4008 lium,
1564 3928 1665 4001 babet
1699 3931 1800 3997 vitatu
1824 3944 2003 4001 aeternam.
2087 3959 2128 4004 ae
2159 3940 2405 4007 consolationes

430 4034 525 4091 mem,
547 4012 779 4093 dissipationes
800 4009 921 4095 publici
942 4022 1060 4086 status,
1082 4009 1190 4075 etalia
1207 4010 1303 4075 male.
1331 4012 1397 4076 ilo-
1438 4014 1671 4097 proponendae
1692 4026 1770 4080 sunt
1790 4017 1898 4083 animo
1927 4020 2127 4087 conflictanti
2148 4044 2222 4089 curn
2247 4024 2403 4109 despera·

431 4119 500 4163 nun
523 4098 754 4180 mitigationem
777 4106 868 4161 certe
889 4107 1055 4159 merentur
1077 4096 1165 4159 bona
1182 4116 1293 4177 opera.
1320 4096 1397 4161 ldeo
1438 4100 1543 4173 tione,
1565 4107 1598 4160 et
1618 4100 1821 4182 expectanda
1841 4102 1908 4166 vitu
1929 4115 2065 4169 aeterna
2086 4119 2220 4191 propter
2229 4106 2403 4189 Christum,

431 4184 472 4246 de
502 4181 568 4245 hoc
605 4180 764 4245 beneflcio
801 4199 902 4262 saepe
941 4180 1177 4244 concionantur
1215 4183 1397 4244 sententiae
1438 4201 1504 4246 non
1548 4194 1660 4265 ropter
1681 4183 1871 4267 dignitatem
1890 4190 2067 4270 propriam.

430 4266 622 4347 scripturae.
665 4263 710 4327 Ut
730 4263 849 4329 Esaiae
870 4262 923 4328 5&
947 4270 1009 4339 ivs.
1022 4263 1067 4342 7.]
1090 4263 1219 4347 Frange
1242 4266 1396 4329 esurienti
1523 4202 1593 4328 gur
1617 4266 1717 4350 igitur
1743 4279 1881 4333 vocatur
1900 4274 2050 4337 merces?
2068 4272 2119 4340 Ne
2138 4274 2193 4341 hic
2212 4279 2340 4362 quidem
2351 4299 2402 4342 ar·

454 4368 558 4426 anem,
579 4358 613 4413 et
633 4351 778 4432 requiem
799 4349 888 4413 dabit
909 4348 967 4411 tibi
978 4346 1138 4410 Dominus
1160 4367 1298 4431 semper.
1331 4347 1396 4413 Eo-
1438 4361 1517 4433 gnte
1535 4351 1750 4431 respondebo.
1783 4350 1917 4417 Etiamsi
1927 4356 1997 4419 vita
2016 4369 2301 4426 aeternuvocutur
2320 4384 2402 4428 mer-

431 4372 505 4497 dam
530 4430 644 4496 referri
676 4444 786 4515 potest
815 4432 859 4509 [l.
875 4432 964 4497 Petr.
982 4431 1014 4508 4,
1031 4430 1096 4508 8.]=
1123 4428 1263 4496 Dilectio
1292 4435 1397 4516 operit
1438 4452 1496 4495 ces
1517 4443 1574 4496 aut
1595 4433 1714 4498 dicitur
1735 4436 1847 4499 deberi
1868 4438 1978 4523 iustis,
2001 4449 2109 4504 tamen
2130 4440 2195 4507 boc
2217 4465 2283 4507 non
2304 4445 2400 4511 debet

430 4514 662 4581 multitudinem
684 4527 905 4599 peccatorum,
927 4515 959 4577 id
981 4526 1043 4592 est,
1066 4528 1208 4579 meretur
1225 4518 1395 4602 mitigatio-
1436 4513 1584 4600 intelligi,
1612 4518 1701 4600 quod
1722 4518 1881 4585 debeatur
1902 4533 2036 4607 propter
2057 4523 2246 4609 dignitatem
2272 4542 2402 4594 nostro-

431 4620 503 4665 Μ
514 4620 726 4749 (111111111ι1ῃ1ι
748 4684 790 4746 de
812 4682 975 4746 mercede:
997 4681 1074 4746 Vita
1096 4693 1229 4747 aeterna
1250 4682 1395 4767 appella·
1437 4620 1513 4747 11111
1530 4604 2115 4775 0[1111111111ι1ιιω1101110111111111011έί1ιὸ111)
2116 4628 2402 4761 ngrll'dqmilallllli

431 4781 483 4831 tur
503 4788 648 4842 meroes3
670 4770 743 4831 ideo
765 4768 903 4829 debetur
923 4785 983 4848 pro
1005 4766 1177 4848 operibns,
1199 4778 1231 4830 et
1253 4788 1318 4831 non
1340 4770 1396 4833 da·
1437 4778 1624 4831 nostrorum
1646 4788 1796 4851 operum,
1816 4772 1877 4834 sed
1922 4785 2032 4857 ropter
2054 4774 2234 4856 Christum,
2280 4782 2323 4858 ἐ,
2367 4783 2401 4845 ui

431 4864 482 4915 tur
503 4854 615 4935 gratis.
659 4852 755 4928 ltenr,
774 4860 859 4996 ¹sarit
881 4851 980 4935 digne
999 4852 1222 4997 amhaetema
1242 4863 1395 4936 tanquam
1436 4850 1502 4914 fide
1522 4852 1780 4917 misericordiam
1802 4794 2057 5003 opprellgndunt.
2101 4858 2211 5004 Quqre
2233 4884 2306 4927 curn
2333 4876 2400 4929 vrta

431 4936 637 5101 1311...ῑὲξῖ
639 4936 779 5103 iii...
790 4953 1012 5081 sitii..
1035 5028 1087 5079 0..
1096 4947 1395 5095 intulisti
1436 4945 1731 5083 sitisti
1749 4958 1911 5105 titis
1939 4953 2401 5096 stetissetis·

430 5104 502 5184 ipse
519 5105 751 5168 conscientiam
773 5104 805 5165 in
821 5101 886 5165 hoc
902 5112 1094 5187 argumento
1111 5103 1272 5168 consulat.
1306 5105 1395 5168 Nun·
1436 5104 1610 5187 dignitate,
1644 5113 1677 5167 et
1704 5102 1780 5169 huic
1802 5108 1985 5171 mercedem
2011 5111 2182 5193 promittit3
2209 5111 2352 5197 loquitur
2368 5126 2399 5179 et

431 5207 528 5269 quern
555 5190 639 5252 eninr
666 5184 735 5251 ullo
765 5188 870 5268 perita
898 5185 1098 5249 conscientie
1129 5182 1302 5252 affinnabit
1334 5207 1394 5251 sua
1436 5187 1477 5249 de
1498 5186 1563 5250 fide
1585 5198 1740 5270 tanquam
1765 5189 1807 5252 de
1827 5210 1927 5273 opere
1946 5212 1988 5255 ac
2009 5195 2135 5257 merito.
2176 5195 2220 5265 Et
2240 5210 2399 5261 tamenex

1434 5269 1617 5355 Evangelio
1638 5274 1725 5336 scire
1747 5284 1886 5355 oportet,
1909 5277 1996 5359 quod
2018 5277 2201 5342 iustificatio
2217 5292 2249 5343 et
2268 5282 2398 5345 donatio

1435 5356 1522 5417 vitae
1553 5366 1707 5419 aeternae
1735 5356 1801 5420 fide
1833 5378 1892 5441 per
1924 5361 2178 5427 misericordiam
2211 5365 2399 5447 contingant

436 5474 479 5534 ro)
497 5473 534 5534 en
551 5475 587 5524 nc
611 5473 681 5525 curn
702 5474 723 5522 ι.
742 5475 765 5523 ι.
783 5475 807 5525 5.
826 5476 863 5529 ις
891 5473 916 5522 n
938 5471 1009 5523 curn
1030 5475 1053 5523 ι.
1071 5474 1145 5525 o-s.
1167 5474 1272 5525 n-n.
1290 5478 1316 5523 er
1331 5473 1392 5536 opp.
1435 5450 1570 5521 propter
1594 5436 1776 5518 Christum,
1809 5461 1875 5507 ¹¹⁰⁰
1897 5455 2032 5544 propter
2059 5445 2248 5528 dignitatern
2271 5461 2397 5510 ⁰⁰³³&

502 5542 588 5592 oms,
1437 5542 1508 5585 rum
1530 5543 1675 5605 operum.
1709 5524 1838 5589 Deinde
1860 5547 1934 5589 cum
1954 5538 2115 5609 scriptura
2127 5531 2310 5593 mercedem
2321 5552 2397 5611 ope-
