5859 6734
875 698 900 764 1.
922 696 1024 764 Locl
1044 696 1323 767 mumulus
1344 697 1387 765 Δ,
1409 698 1550 769 PRM
1568 698 1726 778 uoltum
1747 696 2052 767 awlffluarlo.

628 887 687 949 tul
704 839 815 947 seluati
834 892 905 947 sunt
922 891 1071 964 quotquot
1087 884 1199 947 salusti
1209 882 1292 958 Quia
1301 883 1444 947 cbristus
1463 884 1553 947 solus
1567 885 1699 965 pioesuit
1715 905 1762 947 se.
1779 893 1892 965 putrem
1909 893 1941 947 ot
1958 885 2018 946 hoo
2033 891 2146 945 tanturn
2165 885 2309 965 deprimo

628 971 739 1032 diobrm
758 971 809 1030 sit.
853 968 944 1030 Nota.
962 968 1066 1049 eliqua
1082 968 1226 1033 notebiiie
1242 975 1326 1031 erus
1341 972 1504 1049 marginem
1522 977 1662 1032 onnotste
1679 978 1737 1032 otc.
1752 973 1777 1046 ¹)

797 1106 896 1177 'liniti
919 1125 980 1175 sunt
1001 1121 1070 1186 impii
1095 1122 1139 1189 qul
1161 1122 1269 1177 mount
1291 1123 1418 1176 cbrisbrm
1442 1135 1502 1177 esse
1519 1125 1609 1176 nubum
1626 1134 1687 1177 esse
1713 1121 1858 1177 saturum
1875 1126 1902 1175 ει
1922 1122 2068 1177 bulusmoli
2083 1122 2148 1175 fides
2167 1124 2208 1176 εει
2225 1123 2308 1187 opinio

830 1190 901 1244 Sicut
923 1200 972 1253 ego
996 1190 1073 1242 erem
1095 1190 1233 1245 Salustium
1250 1191 1292 1243 vel
1316 1191 1413 1243 iiuinm
1430 1203 1520 1244 vemm
1539 1190 1688 1254 scriptorem
1711 1201 1773 1252 ergo
1797 1190 1874 1243 orello
1892 1192 1948 1244 elus
1965 1191 2098 1245 historiam
2114 1189 2179 1254 sbi)
2197 1202 2229 1244 eo
2246 1191 2309 1244 sarl-

830 1263 899 1322 ptarn
918 1269 977 1310 esse
995 1270 1082 1310 veram
1101 1258 1170 1310 Siout
1186 1270 1234 1311 nos
1252 1258 1380 1311 eredimus
1397 1260 1423 1312 in
1440 1261 1524 1313 burn:
1542 1259 1614 1312 libris
1631 1270 1693 1311 vera
1710 1270 1770 1313 esse
1787 1259 1889 1323 serlpbs
2082 1268 2085 1273 ·

823 1359 1000 1480 11ειεωοὲειιὲιιει
1002 1360 1050 1478 ⁰vel
1066 1359 1132 1413 illes
1150 1364 1191 1413 est
1207 1361 1301 1414 donum
1319 1364 1427 1414 uubrrue
1445 1366 1473 1413 et
1488 1372 1541 1414 aon
1556 1360 1700 1414 infunditur
1716 1374 1731 1414 a
1749 1360 1839 1423 spiritu
1856 1362 1944 1412 sanem
1962 1359 2013 1413 seu
2030 1364 2071 1413 est
2087 1361 2170 1423 posita
2191 1362 2216 1413 ln
2234 1364 2309 1424 raptu

830 1439 877 1480 nos
994 1440 1002 1478 ι
1018 1440 1066 1479 ωε.

864 1529 919 1583 aba
937 1534 978 1583 est
994 1529 1060 1585 tides
1075 1529 1215 1585 iustiboans
1233 1533 1259 1584 in
1277 1532 1403 1585 Christum
1421 1543 1488 1597 quae
1506 1531 1636 1585 orituros
1653 1531 1821 1594 promissione
1839 1534 1866 1582 et
1883 1530 1955 1583 euius
1972 1530 2121 1595 principium
2144 1534 2185 1585 εει
2200 1531 2309 1595 pmmis·

829 1597 868 1652 sio
885 1601 912 1650 ει
927 1600 1034 1650 verbum
1052 1598 1082 1650 lu
1104 1598 1153 1651 isto
1173 1611 1225 1651 non
1248 1605 1290 1652 εει
1312 1600 1432 1652 bistorloa
1453 1600 1502 1653 seu
1524 1611 1600 1664 supra
1618 1601 1720 1664 septum
1737 1603 1852 1652 nostmm
1878 1602 1905 1650 ει
1922 1598 2041 1653 diuinitus
2060 1599 2191 1652 confertur
2208 1599 2240 1651 ile
2258 1610 2309 1664 que

831 1664 923 1720 uritur
938 1664 1007 1728 [ius
1026 1666 1067 1728 17,
1083 1666 1106 1718 b.
1116 1666 1135 1731 t]
1151 1667 1256 1719 bomine
1274 1667 1375 1731 adause
1393 1669 1466 1721 nobis
1483 1667 1568 1720 iidem.

827 1766 1143 1888 mffnogafflffilgsms
1169 1768 1270 1822 diuinae
1294 1770 1519 1823 vehementissime
1542 1768 1710 1823 inurlmndae
1737 1772 1798 1823 suut
1820 1772 1847 1821 et
1869 1768 1996 1823 noundae
2019 1768 2094 1831 ipsae
2116 1768 2184 1821 enlm
2201 1773 2311 1831 pasmnt

862 1936 941 1989 item
958 1936 1090 1990 llumanus
1109 1940 1197 2001 eaptus
1215 1939 1363 1993 imbecillior
1385 1944 1426 1994 εει
1442 1944 1471 1992 ει
1488 1922 1598 1992 eoniidut
1613 1938 1824 2004 promissionibus
1846 1938 1901 1991 sine
1924 1938 2005 2001 signis
2028 1936 2139 1990 externis
2156 1937 2222 1998 Ergo
2238 1936 2309 1988 veria

827 2005 902 2067 siena
919 2004 1066 2057 babuemnt
1082 2006 1108 2057 ln
1124 2018 1170 2058 ve:
1188 2012 1236 2060 tes.
1253 2018 1303 2060 vna
1320 2012 1407 2061 autem
1425 2019 1530 2071 semper
1545 2006 1610 2060 illes
1628 2010 1654 2060 in
1672 2008 1798 2061 Christum
1817 2006 1941 2060 murum
2093 2032 2098 2045 ·

861 2106 945 2158 lioba
963 2108 1130 2171 mansellum
1148 2111 1175 2159 et
1190 2108 1345 2173 praedicatio
1362 2110 1560 2175 promissionum
1578 2112 1644 2163 sieut
1659 2111 1702 2163 lex
1719 2114 1760 2163 est
1777 2112 1880 2163 exactor
1898 2107 2083 2170 faciendarum,
2100 2107 2182 2161 lolam
2200 2107 2307 2170 promis·

827 2173 867 2226 sio
884 2175 1042 2228 remissionis
1060 2179 1220 2239 peccatorum
1239 2181 1287 2229 ete.

861 2275 1048 2329 Notandum
1067 2279 1118 2330 εει
1135 2277 1245 2340 dilige
1256 2282 1331 2330 nter
1348 2280 1416 2343 quod
1433 2281 1507 2333 multi
1524 2282 1585 2332 sunt
1601 2281 1650 2332 loci
1666 2281 1692 2333 ln
1709 2293 1753 2332 ve:
1771 2281 1860 2332 lestu:
1879 2278 1912 2329 de
1930 2276 2096 2342 promissione
2115 2274 2162 2327 seil
2179 2275 2307 2328 obscuris·

826 2343 891 2396 sime
909 2345 984 2407 positi
1000 2349 1028 2397 ει
1044 2359 1060 2397 s
1076 2346 1237 2408 paucissimis
1249 2347 1370 2400 intellecti
1387 2350 1456 2401 Slmt
1472 2348 1544 2401 idne
1561 2352 1588 2400 ει
1603 2349 1671 2400 Εεεε
1689 2347 1877 2412 [Gen.b‚15.:]
1895 2347 1952 2409 ipsa
1969 2346 2084 2397 muteret
2100 2341 2210 2407 eupuli)
2226 2347 2308 2396 tuom.

825 2413 891 2465 lleb:
909 2416 950 2465 est
966 2424 1057 2466 semen
1074 2417 1146 2466 brun
1163 2426 1254 2479 semen
1271 2413 1370 2478 buae⁴)
1387 2417 1403 2469 i
1420 2428 1442 2468 ε.
1460 2416 1575 2471 cbrlstm
1593 2420 1709 2471 conteret
1723 2420 1863 2480 pestutum
1897 2415 1935 2475 1bl
1951 2413 2067 2477 promisit
2084 2411 2150 2465 leus
2166 2412 2306 2464 humanum

826 2491 909 2543 genus
925 2479 1120 2544 redempbrrum
1144 2483 1192 2535 seu
1217 2482 1293 2535 vaide
1317 2484 1433 2537 obscure
1470 2484 1512 2538 Sir
1527 2486 1596 2538 Noae
1620 2482 1689 2538 iectu
1714 2487 1755 2537 εει
1770 2484 1905 2548 pmmlssio
1928 2483 1955 2535 in
1973 2485 2038 2535 Areu
2057 2488 2084 2535 ει
2100 2480 2168 2533 nube
2187 2483 2233 2532 ete
2268 2479 2308 2531 sie

780 2548 784 2553 “
826 2548 943 2600 Abrabae
960 2545 1118 2612 promissa⁵)
1136 2553 1178 2604 est
1193 2551 1300 2605 Soboier
1322 2552 1349 2605 ln
1370 2550 1453 2616 qua‘)
1470 2552 1653 2606 beneoleenur
1675 2565 1766 2607 omnes
1787 2552 1869 2607 uibus
1887 2555 1972 2606 terrae
1997 2554 2023 2602 ει
2046 2549 2084 2603 sie
2101 2559 2204 2611 semper
2215 2548 2308 2599 clarior

827 2614 926 2734 ¹reslilnllta
943 2620 984 2668 εει
999 2617 1133 2736 promissio
1151 2617 1232 2670 donec
1248 2618 1383 2681 venianti)
1400 2621 1458 2673 buis
1474 2622 1636 2684 promissioni
1653 2621 1680 2673 si
1702 2620 1805 2674 muniit
1826 2622 1902 2674 bomo
1923 2619 1950 2673 in
1968 2619 2094 2673 curuum
2117 2619 2263 2679 receptatur
2280 2620 2306 2667 ει

836 2687 878 2735 usi
904 2686 1078 2737 caturcorum
1114 2697 1146 2737 eo
1163 2690 1211 2739 etc.

861 2778 965 2837 Ιιιοιε.
1000 2786 1073 2840 Fides
1090 2787 1230 2842 instituens
1248 2792 1289 2841 εει
1306 2787 1369 2851 bula
1385 2789 1462 2843 bomo
1478 2788 1551 2843 eutii
1565 2790 1675 2852 meum
1690 2791 1844 2857 promimur
1869 2794 1897 2843 ει
1913 2800 1993 2853 super
2008 2800 2067 2843 eam
2083 2785 2263 2850 resumtum)
2281 2787 2307 2839 ¹¹1

826 2851 876 2903 ilde
894 2857 922 2904 ut
938 2855 964 2905 in
983 2856 1118 2916 euangelio
1135 2857 1231 2920 [ilatib
1251 2859 1291 2919 ib,
1311 2858 1350 2910 18.
1358 2856 1378 2921 z]
1395 2858 1478 2922 super
1493 2858 1560 2910 banc
1577 2863 1677 2922 petram
1688 2857 1859 2921 reillboabo')
1877 2859 1938 2911 ecci.
1955 2868 2050 2910 meam.
2068 2856 2098 2908 m
2109 2855 2211 2919 posim)
2230 2856 2306 2907 uun

825 2919 902 2972 tillem
920 2932 980 2973 mox
996 2922 1052 2975 inii
1068 2925 1178 2977 ebenus
1196 2924 1371 2979 infallibiliter.
1526 2928 1532 2941 '

857 3021 942 3074 ltern
960 3022 1013 3075 llos
1028 3026 1112 3076 solum
1130 3032 1170 3078 εει
1186 3026 1299 3079 studium
1316 3027 1462 3089 tbeolosise
1481 3026 1506 3080 in
1524 3028 1674 3083 exercendis
1683 3028 1892 3093 promissionibus
1910 3028 2022 3093 quoin)
2039 3027 2114 3080 valsie
2131 3023 2306 3077 necessarlum

826 3093 875 3142 εει.
910 3091 978 3144 lieus
995 3096 1107 3145 testatur
1122 3094 1256 3155 unescere
1274 3095 1348 3147 nobis
1365 3099 1471 3158 peceats
1489 3099 1516 3148 ει
1532 3097 1623 3158 spiritu
1639 3102 1762 3160 operame
1779 3098 1880 3151 enimus
1897 3098 2025 3150 bumsnus
2043 3094 2109 3146 banc
2126 3092 2232 3154 oondplt
2249 3103 2308 3154 pro·

825 3157 973 3211 missionem
991 3162 1128 3215 consentit:
1147 3160 1263 3215 contidit:
1279 3163 1442 3225 promissioni
1459 3167 1488 3216 ει
1502 3163 1594 3217 beerat
1610 3165 1637 3216 in
1654 3177 1686 3217 ea
1703 3166 1731 3216 ει
1746 3164 1827 3217 eredit
1838 3164 1914 3218 leun
1927 3164 2118 3219 summoturum
2135 3160 2307 3224 promissioni.

824 3225 859 3278 Ει
883 3225 934 3278 ilde
959 3231 1093 3291 reputabor
1114 3229 1204 3283 iustus.
1239 3230 1301 3283 wer
1323 3231 1384 3285 wolt
1408 3231 1474 3285 ‹iscb
1495 3236 1570 3286 sunst
1591 3231 1688 3298 nuum)
1706 3232 1796 3286 meber
1818 3234 1857 3286 als
1880 3232 1977 3299 lunffl)
1995 3243 2060 3293 sepn
2081 3228 2131 3281 md
2149 3228 2211 3279 woit
2227 3226 2307 3279 bitten

822 3294 950 3356 (.taniam
973 3296 1170 3360 maiestatem).
1194 3306 1258 3360 eren
1278 3298 1366 3351 liobrm
1392 3300 1502 3361 positum
1526 3300 1615 3353 estin
1641 3300 1804 3353 suauissimls
1826 3300 2053 3365 promissionibus.
2069 3296 2113 3348 vbi
2135 3299 2222 3347 autem
2239 3306 2308 3346 nune

823 3366 912 3415 menei
927 3364 1069 3418 semum
1088 3366 1184 3418 senius.
1202 3366 1277 3418 l'beo.
1295 3366 1441 3420 seusium
1457 3370 1485 3418 et
1501 3366 1569 3419 bone
1584 3378 1664 3430 opera
1683 3371 1711 3420 et
1727 3370 1819 3422 nerlu
1836 3368 1870 3420 de
1886 3370 2001 3429 tuumne
2018 3370 2045 3417 et
2062 3365 2095 3416 ile
2105 3364 2289 3424 mnusmete.

858 3464 985 3517 lterum
1003 3468 1075 3518 Nutu.
1112 3466 1180 3518 istae
1196 3466 1380 3527 promissiones
1403 3468 1464 3517 sunt
1485 3478 1574 3519 merse
1593 3468 1780 3521 musulationes
1792 3467 1977 3531 pertracturmn
1989 3467 2201 3523 conscientiarum
2210 3472 2238 3522 et
2247 3476 2307 3522 uun·

824 3530 974 3583 iortationes
992 3534 1135 3583 animumn
1153 3532 1293 3585 labentium
1320 3537 1346 3584 ει
1367 3532 1543 3592 lambentium
1568 3537 1603 3586 in
1628 3536 1720 3597 qulbus
1737 3537 1897 3588 oorrstitultur
1917 3539 1944 3588 ln
1961 3536 2035 3590 nobis
2052 3537 2159 3591 assirius
2173 3536 2308 3604 putatu)

825 3599 908 3649 ternis
926 3600 953 3650 ει
970 3597 1030 3649 illel
1047 3600 1076 3649 bt
1093 3602 1134 3650 est
1150 3600 1203 3650 viis
1220 3598 1332 3651 bominis
1349 3599 1442 3652 milicia
1460 3604 1509 3654 ete.
1544 3603 1675 3657 lisbemus
1694 3613 1756 3665 ergo
1767 3615 1814 3656 nos
1832 3608 1934 3660 nostras
1951 3606 2017 3659 sieut
2033 3607 2059 3658 in
2076 3618 2121 3658 ve:
2138 3613 2193 3661 ies:
2210 3608 2307 3662 bebne·

824 3667 884 3715 runt
900 3677 962 3716 sues
978 3665 1168 3727 promissiones.
1961 3668 1966 3691 ¹

857 3766 892 3817 ln
909 3767 1077 3828 baptismo
1095 3771 1137 3819 est
1152 3769 1286 3831 promissio
1304 3769 1352 3831 uui
1367 3736 1475 3822 eredidit
1491 3774 1540 3822 ets.
1575 3773 1682 3834 Sisnm
1698 3775 1768 3828 lotio

858 3833 886 3885 ln
902 3835 1057 3952 genutenus
1073 3836 1221 3897 promissio:
1240 3836 1351 3900 Quorum
1369 3839 1520 3892 remiseritis
1537 3843 1585 3920 etr„
1622 3842 1727 3905 mgnum
1744 3843 1872 3897 absolutio
1889 3844 2038 3900 sucerdotis.

857 3900 885 3953 ln
939 3899 1104 3966 rbaristls¹⁵i
1122 3904 1258 3966 promissio
1276 3904 1322 3959 llis
1339 3908 1380 3958 est
1398 3905 1465 3958 salix
1482 3909 1617 3970 sanguinis
1634 3914 1682 3962 etr„
1700 3910 1806 3972 signum
1822 3912 1865 3963 est
1881 3910 1978 3976 corpus
1996 3914 2088 3968 cbristl
2105 3914 2147 3967 rel
2157 3914 2238 3979 panis
2256 3917 2304 3966 ets.

780 4046 785 4053 .
859 4002 964 4056 iNota
980 4003 1041 4056 istu
1059 4004 1184 4067 sulpura
1208 4005 1292 4061 diuise
1315 4009 1403 4060 estin
1426 4006 1745 4077 duosoilieetlnlepem
1768 4014 2015 4077 etpmmisslouem.
2049 4015 2111 4083 besl
2128 4030 2180 4071 non
2195 4017 2308 4073 orditur

823 4073 870 4125 sel
888 4070 1056 4134 promissioni
1091 4072 1202 4127 credere
1221 4079 1262 4126 εει
1278 4075 1386 4127 verbum
1403 4076 1579 4140 pmmlssionls
1602 4091 1653 4133 non
1669 4080 1744 4145 lepis.
1768 4082 1826 4144 lese
1849 4082 1994 4138 muniatur.
2030 4084 2099 4140 Siout
2114 4088 2247 4150 pessuium
2265 4091 2307 4142 est

823 4143 856 4195 ab
873 4141 967 4193 liant
983 4143 1085 4204 etpost
1100 4146 1233 4204 pestutum
1251 4143 1328 4195 timor
1344 4144 1380 4196 lie
1399 4144 1475 4196 muor
1491 4146 1533 4198 uei
1549 4152 1590 4202 est
1606 4160 1654 4212 per
1670 4148 1796 4203 (inustum
1808 4160 1885 4215 ouem
1902 4164 1951 4207 suo
1967 4153 2093 4216 sansuine
2110 4156 2219 4209 emeruit
2232 4155 2306 4210 nobis

824 4210 947 4266 causus
982 4210 1027 4263 llio
1043 4209 1118 4263 iauor
1133 4212 1228 4264 exulat
1244 4212 1270 4263 ln
1286 4213 1378 4265 animis
1395 4214 1489 4266 libanis
1505 4215 1584 4269 tillem
1601 4220 1629 4270 et
1644 4220 1802 4274 denotem

859 4279 899 4331 Sis
915 4290 1006 4331 omnes
1024 4288 1057 4331 ex
1074 4278 1153 4329 lidan
1170 4291 1260 4332 sumus
1278 4279 1321 4343 tilii
1340 4282 1393 4335 irae

858 4349 893 4400 ix
911 4345 1010 4398 cbristo
1027 4345 1070 4408 illi
1089 4346 1204 4400 iustitiae
1223 4347 1291 4399 virae
1309 4341 1463 4414 crispulus.

858 4417 926 4468 llaec
942 4417 1028 4468 omnis
1045 4426 1123 4476 supra
1140 4418 1228 4468 notata
1245 4416 1338 4478 collegi
1355 4430 1388 4470 es
1403 4420 1522 4481 margins
1538 4419 1597 4472 uass
1613 4421 1672 4475 1an
1690 4428 1738 4476 m,
1748 4424 1785 4490 ιι)

706 4553 936 4617 Secundum.
973 4552 1033 4615 lum
1051 4556 1080 4615 si
1098 4554 1272 4615 huiusmodi
1283 4558 1539 4636 promissionibus
1558 4557 1694 4618 sonides
1713 4558 1866 4643 intelliges
1883 4578 1939 4643 per
1954 4563 2052 4625 solum
2069 4565 2304 4627 misericordium

620 4648 652 4702 te
669 4644 783 4702 seruari
801 4641 903 4723 Opem
920 4649 973 4702 trra
989 4639 1075 4700 sibili
1091 4659 1218 4720 prorsus
1243 4661 1318 4700 esse
1336 4648 1577 4720 quantacumque
1600 4649 1631 4702 et
1648 4640 1878 4725 qualiscumque
1900 4646 2064 4710 videantur.
2108 4648 2178 4711 Non
2197 4650 2304 4713 credes

622 4725 682 4786 riso
706 4728 735 4787 si
760 4726 852 4788 simol
870 4729 1014 4807 operibus
1037 4726 1140 4797 fides]
1146 4723 1226 4784 Pure
1250 4727 1311 4786 sibi
1336 4727 1409 4787 eitra
1430 4725 1559 4787 vllomn
1582 4744 1705 4807 operum
1728 4738 1900 4810 respectum
1916 4732 2026 4793 confidi
2044 4733 2108 4795 volt
2126 4735 2214 4797 deus.
2257 4737 2305 4799 Ee

622 4810 701 4873 fles
718 4819 769 4873 est
786 4813 908 4875 iusticie
923 4813 972 4874 lla
988 4813 1047 4872 uls
1065 4810 1260 4871 salnabimnr.
1892 4823 1899 4835 “

1308 5167 1423 5220 cubic1s
1447 5167 1628 5223 ulvuusuas.

696 5302 723 5365 l)
740 5300 786 5354 Au
802 5315 882 5370 seqq.
898 5297 952 5369 foi.
974 5303 1013 5362 ib,
1033 5299 1060 5352 b.
1079 5303 1112 5353 in
1129 5316 1225 5373 moro.
1245 5304 1367 5355 sinistro
1380 5301 1506 5372 desuper
1520 5302 1677 5374 adscripta
1690 5311 1774 5358 sust:
1796 5320 1835 5359 ss·
1846 5309 1983 5380 margine
1996 5306 2103 5380 coiieyi
2114 5307 2206 5379 sisoi.
2219 5316 2261 5380 20,
2273 5329 2303 5366 a.

1795 5372 2098 5402 h-——d

623 5402 714 5459 ίιεειε
731 5405 775 5459 su
792 5405 829 5471 (ι.
848 5417 873 5459 ε.
892 5403 1043 5468 similiteri)
1112 5405 1143 5466 2)
1159 5406 1204 5469 ab]
1222 5406 1254 5459 le
1323 5407 1353 5468 t)
1369 5406 1451 5470 sepul
1521 5409 1551 5472 i)
1569 5410 1664 5462 Serum
1679 5420 1729 5463 ene
1796 5412 1827 5475 il)
1842 5411 1985 5475 promissus
2051 5414 2081 5478 b)
2099 5423 2149 5477 uuo
2213 5416 2243 5477 7)
2259 5427 2303 5468 ve·
2417 5441 2422 5451 ·

625 5507 689 5558 sess
756 5506 901 5571 spernus
967 5509 998 5570 ε)
1016 5506 1074 5558 eum
1146 5506 1248 5569 ioppe·
1317 5507 1407 5574 ino,
1467 5490 1625 5572 insusse
1677 5496 1957 5575 submissam
2006 5514 2146 5577 ramosus
2195 5515 2303 5578 imm·

624 5573 732 5628 karistia
802 5576 847 5638 iu)
863 5577 932 5629 llaec
1000 5574 1062 5638 eto]
1079 5579 1184 5642 operte
1201 5589 1220 5626 a
1238 5572 1366 5629 libror-io
1384 5575 1491 5630 εειάιια
1508 5581 1585 5628 sose.
