5859 6734
464 653 530 719 ata
1089 649 1201 716 Plau..
1222 649 1326 715 MEL.
1346 645 1533 716 schim
1552 648 1827 716 boemanos.
2314 657 2317 662 '
2418 647 2481 713 976

465 842 564 906 Pater
584 838 717 905 Domini
738 839 843 904 nostri
865 838 940 901 lesu
961 835 1103 912 Christi,
1125 848 1157 899 et
1178 856 1259 922 rege
1278 857 1341 900 nos
1363 835 1436 918 Spi·
1480 833 1658 900 liberorum
1686 835 1923 914 educationem
1950 829 2148 902 mediocrun
2179 831 2476 918 tranquillitatem,

466 928 529 990 ritu
550 936 667 990 sancto
689 936 758 1002 tuo,
776 926 862 987 sicut
884 924 1009 986 dixisti:
1054 919 1226 985 Effundam
1248 922 1290 984 de
1312 921 1437 1004 Spiritu
1479 917 1633 1002 hospitia,
1654 917 1786 1002 politius
1795 919 1969 998 honestas,
1991 917 2200 1006 disciplinae,
2223 919 2329 998 iuris,
2342 919 2474 984 audicio

464 1030 548 1074 meo.
1481 1025 1552 1068 rum
1570 1005 1726 1069 custodes
1748 1015 1781 1067 et
1803 1024 1870 1068 non
1892 1005 1972 1068 dissi
2016 1017 2067 1070 tas
2094 995 2353 1082 seditionibus,
2388 1001 2473 1070 lm

1481 1090 1569 1153 tione
1585 1089 1629 1171 ¹⁴)
1651 1085 1844 1171 disciplinae
1865 1098 1921 1154 aut
1943 1025 2051 1154 affin.

734 1261 823 1324 Fiat
854 1258 1054 1322 voluntas
1086 1269 1167 1322 tua.

1611 1341 1659 1406 Et
1681 1342 1842 1407 dimitte
1863 1343 1986 1408 nobis
2003 1344 2147 1409 debita
2168 1353 2342 1407 nostra.

551 1431 588 1498 ld
610 1442 674 1508 est,
699 1431 752 1506 da,
768 1441 805 1493 ut
822 1448 936 1493 omnes
958 1429 1016 1491 tibi
1038 1427 1248 1508 obediantli)
1277 1428 1311 1490 in
1332 1438 1438 1500 terra3

465 1518 531 1595 Da,
553 1529 588 1581 ut
610 1528 763 1599 pastores
785 1513 969 1590 Ecclesiae,
987 1511 1110 1657 Reges,
1132 1507 1438 1595 ltlagistratus,Do·
1566 1509 1677 1575 Toties
1710 1511 1923 1576 iamdictam
1943 1523 1996 1576 est
2017 1512 2050 1576 in
2072 1511 2160 1576 omui
2176 1513 2388 1596 precatione
2407 1515 2464 1596 prl-

466 1615 594 1678 ctoreS‚
627 1597 779 1682 discipuli
786 1644 796 1675 ,
831 1599 921 1662 cives
951 1616 1013 1659 suo
1059 1616 1122 1660 oco
1150 1594 1271 1680 singuli
1294 1593 1438 1658 officium
1481 1617 1569 1661 mum
1601 1598 1774 1679 petendam
1808 1615 1886 1660 esse
1917 1597 2143 1660 remissionem
2174 1605 2406 1680 peccatorum
2436 1613 2464 1662 et

466 1708 561 1752 suum
587 1697 676 1748 recte
698 1697 731 1747 et
758 1681 897 1746 feliciter
924 1679 1059 1757 faciant,
1081 1701 1123 1744 ac
1145 1700 1259 1744 omnes
1281 1682 1339 1744 tibi
1361 1681 1439 1743 obe·
1482 1682 1593 1745 Fidem
1627 1682 1669 1744 de
1700 1677 1966 1746 reconciliatione
1987 1699 2121 1765 semper
2148 1692 2317 1762 oportere
2336 1679 2462 1766 praelo·

465 1773 566 1849 diunt,
588 1772 674 1834 sicut
694 1766 815 1853 Angeli
837 1769 871 1829 in
889 1763 986 1830 coelo
1009 1766 1066 1827 tibi
1088 1765 1244 1829 obediunt
1261 1777 1293 1828 et
1304 1762 1439 1848 placent
1483 1786 1559 1829 cere
1581 1765 1699 1830 ceteris
1720 1765 1944 1850 petitionibus.
1968 1765 2104 1848 Semper
2124 1766 2219 1830 initio
2243 1765 2462 1832 Mediaturen

465 1858 533 1920 tibi.
577 1854 683 1918 'fuum
705 1873 789 1935 opus
807 1863 859 1915 est
880 1847 1026 1926 efficere,
1048 1860 1084 1912 ut
1105 1868 1167 1913 nos
1188 1850 1310 1927 miseri,
1332 1848 1438 1927 stulti,
1482 1850 1648 1915 Christum
1670 1850 1872 1926 intueamur,
1905 1861 1938 1913 et
1959 1861 2107 1934 pemmus
2130 1870 2172 1913 ac
2196 1851 2384 1916 credamus
2406 1873 2461 1917 nos

465 1940 581 2004 infirmi
606 1958 662 2002 res
681 1957 836 2021 geramus
859 1939 968 1999 bonas
990 1947 1023 1998 et
1046 1931 1228 2012 salutares,
1261 1936 1364 1998 simus
1386 1955 1438 1998 or·
1480 1947 1615 2019 propter
1647 1953 1721 2000 euru
1748 1935 1850 2015 recipi
1873 1945 1905 1997 et
1927 1936 2091 2012 exaudiri,
2124 1936 2278 1999 sciemus
2303 1935 2396 2001 hunc
2415 1959 2459 2002 sa·

466 2046 553 2111 gana
572 2044 638 2087 non
660 2025 741 2100 irae,
761 2023 822 2085 sed
843 2019 1107 2094 misericordiae,
1130 2020 1233 2083 simus
1255 2018 1353 2083 utiles
1376 2017 1438 2082 Ec·
1482 2023 1651 2085 cerdotem
1678 2039 1739 2102 pro
1761 2020 1856 2083 nobis
1878 2017 2105 2102 interpellare,
2138 2031 2171 2083 et
2190 2017 2256 2083 hac
2278 2020 2405 2086 fiducia
2424 2023 2459 2088 ad

466 2109 615 2185 clesiae,
639 2127 707 2171 non
739 2108 841 2170 simus
873 2115 988 2188 pestes
1017 2109 1069 2166 και
1102 2103 1274 2187 ἀλάστορες.
1319 2100 1438 2167 ΡοΙίιίιι
1481 2105 1587 2168 Deum
1609 2105 1825 2180 accedamus,
1850 2104 1936 2168 sicut
1953 2124 2055 2186 saepe
2076 2105 2199 2168 dictum
2218 2117 2276 2169 est
2301 2105 2457 2184 monui,

464 2193 627 2257 Ezechiae
647 2189 726 2254 felix
746 2202 799 2255 est
819 2202 852 2254 te
873 2193 1021 2262 iuvauta3
1043 2185 1162 2252 Politia
1186 2187 1369 2253 Sedechiae
1390 2190 1438 2251 in·
1483 2191 1545 2265 ll:
1568 2187 1736 2253 lustifioati
1759 2188 1825 2252 fide
1845 2208 1962 2271 pacem
1982 2187 2143 2253 habemus
2166 2199 2199 2252 et
2221 2211 2405 2256 aocffisurn
2420 2193 2457 2256 ad

465 2275 545 2341 felix
566 2287 635 2353 est,
667 2276 743 2360 quia
765 2286 797 2339 te
819 2276 1001 2340 adiutorem
1022 2271 1163 2355 repellit.
1206 2273 1278 2337 Nos
1300 2293 1367 2337 uon
1388 2291 1438 2335 re·
1480 2273 1598 2338 Deum.
1642 2271 2099 2353 ltem[llebr.t‚ll.16.]:
2131 2273 2311 2339 Habentes
2334 2275 2457 2340 Pontif-

463 2360 614 2446 pellimus
641 2371 689 2437 te,
722 2362 782 2423 sed
804 2380 886 2424 vero
906 2369 1059 2441 pectore,
1086 2358 1177 2422 veris
1197 2355 1342 2421 lacrimis
1364 2377 1438 2420 ora·
1482 2379 1553 2424 cem
1575 2358 1684 2422 lesum
1706 2359 1905 2422 accedamus
1928 2378 2004 2422 curu
2026 2357 2145 2422 fiducia
2156 2360 2200 2422 ad
2218 2357 2381 2425 thronum
2392 2381 2458 2445 gra·

464 2467 550 2523 mus,
571 2457 607 2509 ut
627 2457 761 2508 nostras
782 2442 965 2520 Ecclesias‚
988 2443 1155 2518 doctores,
1177 2440 1329 2520 scholas,
1349 2443 1437 2526 prin·
1480 2446 1556 2506 tiae.
1601 2442 1684 2506 (lum
1715 2443 1815 2528 igitur
1841 2461 1972 2523 semper
1993 2444 2026 2506 iu
2048 2445 2259 2507 invocatione
2284 2447 2456 2530 indignitas

465 2531 567 2612 cipes,
591 2532 842 2614 gubernatores,
859 2549 903 2610 po
926 2526 1018 2591 ulum
1037 2547 1074 2590 re
1099 2547 1149 2605 as,
1166 2538 1203 2589 ut
1223 2524 1335 2610 aliqua
1357 2526 1438 2589 fiant
1481 2538 1596 2592 nostra
1623 2528 1720 2592 nobis
1742 2527 1912 2608 obstrepat
1933 2548 1976 2590 ac
1998 2529 2161 2592 deterreat
2181 2548 2247 2592 nos
2270 2549 2296 2594 a
2320 2531 2408 2609 Deo,
2426 2543 2456 2596 ιι

465 2615 523 2679 tibi
544 2625 652 2698 grata,
675 2616 761 2678 sicut
781 2615 885 2697 inquit
903 2551 1047 2676 f'aulus:
1104 2631 1174 2688 euS,
1197 2613 1252 2696 qui
1270 2609 1384 2688 eflicit,
1401 2620 1437 2674 ut
1481 2612 1627 2695 trepidae
1647 2624 1775 2675 mentes
1792 2608 1921 2696 fugiant
1932 2611 2052 2689 Deum,
2074 2611 2129 2676 hic
2150 2613 2251 2678 simul
2262 2615 2364 2680 iubet
2374 2613 2457 2680 Chri·

466 2696 594 2775 velitis,
623 2695 743 2761 efficiet
764 2700 881 2774 etiam,
908 2709 944 2760 ut
965 2696 1159 2778 perficiatis,
1181 2707 1217 2758 ut
1243 2693 1353 2780 aliqua
1374 2695 1438 2779 ipsi
1482 2709 1571 2774 ¹atam,
1603 2707 1640 2759 ut
1660 2708 1808 2778 petamus
1831 2696 2148 2774 reconciliationem,
2179 2709 2214 2762 et
2241 2719 2314 2763 non
2338 2701 2456 2764 iuberet

490 2793 561 2846 rata
584 2781 674 2852 fiant.
730 2782 813 2844 Nam
831 2779 963 2844 Diaboli
986 2792 1018 2842 et
1040 2779 1189 2843 homines
1207 2782 1294 2863 impii
1315 2801 1368 2844 rua
1417 2799 1437 2842 0
1481 2793 1605 2865 petere,
1637 2782 1702 2843 nisi
1723 2802 1802 2844 vere
1824 2783 1960 2844 daturus
1983 2793 2082 2846 esset
2127 2782 2189 2848 Hic
2205 2781 2223 2846 'i
2262 2795 2320 2847 tur
2341 2793 2457 2848 attenta

464 2803 575 2931 ἕποιο
592 2868 725 2929 student
746 2869 876 2949 ingrata
897 2864 971 2928 Deo
993 2862 1123 2941 facere,
1146 2864 1341 2928 confirmant
1391 2865 1438 2946 pi·
1482 2885 1574 2929 mens
1606 2866 1650 2927 de
1677 2867 1873 2928 remissione
1905 2878 2118 2948 peccatorum
2146 2877 2179 2930 et
2236 2867 2457 2933 ehfediatore

465 2971 584 3015 eureos
612 2949 755 3028 furores,
777 2948 883 3026 idola,
910 2948 1078 3025 libidines,
1111 2950 1297 3012 accendunt
1318 2950 1439 3012 iniusta
1483 2948 1616 3013 Christo
1639 2946 1813 3032 diligenter
1835 2951 1966 3032 cogitet.
2002 2950 2063 3014 Est
2084 2964 2192 3015 autem
2215 2954 2361 3036 insignis
2385 2973 2456 3018 con·

466 3034 565 3113 bella,
587 3032 734 3098 efficiunt
752 3035 957 3098 tristissimas
979 3035 1164 3097 vastitates.
1220 3033 1288 3099 Sed
1317 3053 1360 3096 ne
1389 3045 1438 3097 to·
1481 3031 1584 3096 fessio
1606 3031 1778 3097 Ecclesiae
1810 3037 1845 3097 in
1866 3031 1917 3098 his
1945 3036 2027 3116 ipsis
2049 3037 2161 3101 verbis
2183 3041 2400 3121 agnoscentis
2421 3059 2456 3103 se

464 3133 532 3185 turn
566 3141 672 3206 genus
708 3118 884 3183 humanum
923 3117 1046 3181 frustra
1090 3119 1257 3181 conditum
1292 3120 1353 3195 sit,
1397 3137 1439 3180 ne
1483 3116 1694 3181 circumferre
1731 3130 1871 3201 peccata
1914 3131 1947 3183 et
1985 3118 2194 3205 multiplicem
2229 3121 2453 3186 infirmitatem.

465 3225 579 3270 omnes
600 3207 730 3290 ingrata
752 3202 827 3267 Deo
850 3202 989 3280 faciant,
1016 3202 1110 3266 Deus
1133 3201 1319 3268 Ecclesiam
1341 3222 1439 3266 voca·
1483 3204 1550 3268 Sed
1585 3201 1770 3268 consolatio
1801 3202 1857 3268 hic
1889 3205 2092 3286 proponitur.
2147 3204 2231 3268 Cum
2266 3208 2347 3269 enirn
2379 3208 2452 3288 ipse

464 3293 511 3356 vit
543 3302 576 3353 et
600 3289 724 3372 Spiritu
751 3300 869 3352 sancto
891 3309 953 3352 suo
976 3287 1089 3364 trahit,
1121 3298 1158 3351 ut
1179 3290 1266 3351 bona
1289 3299 1321 3351 et
1342 3298 1439 3372 grata
1483 3285 1636 3352 Christus
1658 3290 1769 3352 iubeat
1790 3308 1853 3353 nos
1875 3299 1989 3371 petere
2009 3291 2259 3369 remissionem,
2289 3289 2373 3353 haud
2395 3292 2451 3354 du·

464 3376 537 3440 Deo
559 3371 669 3451 faciat,
691 3385 788 3436 sonet
811 3393 923 3438 verarn
946 3373 987 3436 de
1005 3372 1078 3437 Deo
1101 3373 1295 3449 doctrinam,
1317 3373 1439 3447 audiat,
1482 3374 1536 3435 bie
1558 3393 1630 3436 eam
1653 3373 1798 3436 donabit.
1832 3371 1875 3436 Et
1895 3374 1928 3436 in
1950 3371 2015 3437 hac
2036 3376 2232 3438 recitatione
2255 3373 2454 3439 menssimul

462 3471 556 3524 recte
586 3461 720 3523 invocet
739 3456 864 3535 Deum,
892 3468 970 3542 agat
997 3458 1027 3520 ei
1085 3456 1202 3534 ratias,
1234 3459 1368 3522 obediat
1397 3456 1438 3532 ei,
1482 3458 1674 3521 recordetur
1707 3477 1886 3539 expressas
1913 3461 2167 3541 promissiones,
2199 3471 2238 3523 ut
2263 3461 2292 3523 l.
2315 3460 2404 3524 loau.
2429 3460 2455 3536 l,

464 3542 584 3608 multos
605 3540 745 3605 feliciter
766 3541 939 3605 abstrahat
959 3561 982 3606 a
998 3479 1155 3618 Diabolo,
1176 3542 1239 3625 piis
1261 3552 1294 3605 et
1316 3539 1439 3605 saluta·
1484 3548 1547 3617 ivs.
1569 3542 1615 3622 8.]
1638 3543 1673 3607 Si
1695 3544 1871 3606 dixerimus
1893 3562 1955 3606 nos
1973 3563 2039 3606 non
2061 3541 2187 3608 habere
2208 3558 2367 3626 peccata,
2398 3546 2455 3627 ipsi

465 3630 556 3692 ribus
579 3625 725 3692 consiliis
747 3638 842 3713 regat
863 3624 966 3704 alios,
999 3635 1130 3690 tueatur
1150 3646 1266 3709 pacem
1289 3637 1322 3690 ct
1338 3625 1439 3690 hone·
1481 3646 1546 3689 nos
1579 3627 1779 3704 seducimus,
1812 3640 1845 3690 et
1878 3628 2001 3690 veritas
2034 3629 2067 3690 in
2096 3631 2192 3692 nobis
2222 3649 2294 3693 non
2316 3643 2381 3694 est.
2424 3629 2455 3693 Si

465 3724 548 3776 stam
571 3710 787 3795 disciplinam.
1483 3710 1709 3776 confitebimur
1741 3723 1879 3795 pecuina
1900 3725 2034 3786 nostra,
2067 3711 2172 3777 fidelis
2199 3725 2254 3777 est
2285 3727 2320 3778 et
2341 3715 2454 3790 iustus,

1481 3807 1517 3861 ut
1539 3798 1682 3859 remittat
1703 3797 1800 3859 nobis
1818 3807 1958 3879 peccata
1979 3809 2103 3860 nostra.

551 3881 722 3945 Hactenus
744 3881 842 3964 igitur
863 3879 1040 3962 petitiones
1066 3875 1260 3960 complexae
1282 3889 1359 3943 sunt
1381 3899 1438 3943 res

466 3985 611 4031 summas
632 3985 673 4028 ac
694 3965 783 4028 bona
799 3964 906 4046 magis
928 3963 971 4026 ad
988 3961 1154 4046 Spiritum,
1182 3983 1278 4045 quam
1302 3965 1343 4026 ad
1366 3984 1438 4028 cor·
1567 3964 1665 4035 Quod
1687 3973 1794 4027 autem
1813 3961 1866 4027 hic
1888 3966 2028 4043 additur,
2051 3965 2179 4030 SlCUT
2201 3967 2296 4031 NOS
2310 3966 2454 4034 aunu-

465 4070 527 4135 pus
546 4049 762 4132 pertinentia,
785 4048 969 4110 communia
999 4055 1033 4110 et
1052 4048 1196 4128 privata,
1229 4060 1262 4109 et
1284 4049 1366 4111 ordo
1385 4069 1439 4112 sa·
1480 4048 1632 4126 TlMUS,
1653 4049 1866 4113 admonemur
1894 4051 1935 4113 de
1952 4053 2166 4132 poenitentia,
2198 4072 2241 4114 ne
2265 4073 2455 4135 persovere·

465 4138 594 4219 pienter
615 4133 783 4196 institutus
805 4141 873 4193 est:
896 4129 1039 4194 Primum
1061 4151 1141 4194 vera
1162 4132 1286 4215 agnitio
1299 4130 1362 4194 Dei
1383 4152 1440 4215 pe·
1481 4155 1554 4197 mus
1582 4135 1616 4195 in
1649 4130 1777 4196 delictis
1811 4146 1927 4198 contra
1949 4138 2200 4209 conscientiam
2240 4140 2342 4218 quia,
2385 4159 2453 4202 curn

467 4222 560 4295 titur,
588 4217 716 4282 Deinde
738 4237 756 4279 a
805 4217 914 4279 itionis
935 4215 1090 4291 effectus,
1116 4228 1153 4279 ut
1177 4217 1398 4301 gubernemur
1419 4238 1440 4280 a
1480 4237 1574 4281 mens
1597 4219 1716 4281 retinet
1738 4231 1958 4302 contemptum
1970 4218 2046 4296 Dei,
2068 4241 2134 4284 non
2156 4221 2346 4299 exauditur,
2370 4224 2454 4287 iuxta

465 4303 589 4386 Spiritu
610 4314 748 4376 sancto;
797 4300 892 4378 ertio,
913 4310 950 4364 ιιι
966 4302 998 4363 in
1021 4319 1083 4364 sua
1105 4301 1244 4385 quisque
1265 4302 1441 4367 vocatione
1482 4314 1516 4365 ta
1538 4300 1636 4366 illud:
1671 4303 1870 4367 Peccatores
1893 4301 1986 4367 Deus
2019 4323 2086 4366 non
2116 4307 2266 4382 exaudit,
2305 4305 2454 4371 videlieet

466 4407 525 4452 seu
546 4383 716 4451 functione
742 4406 839 4451 suum
861 4383 1005 4450 officium
1032 4385 1094 4448 rite
1114 4394 1148 4449 et
1167 4383 1309 4449 feliciter
1329 4385 1438 4450 faciat.
1481 4399 1734 4469 perseverantes
1767 4389 1798 4449 in
1828 4384 1955 4450 delictis
1984 4401 2098 4451 contra
2120 4392 2373 4455 conscientiam.
2416 4389 2453 4452 lit

465 4471 561 4535 Nunc
579 4472 726 4554 sequitur
745 4472 859 4553 petitio
880 4490 989 4534 rerum
1012 4467 1242 4553 corporalium.
1484 4472 1512 4534 l.
1542 4471 1632 4535 loan.
1665 4471 1696 4534 3.
1731 4479 1812 4549 [vss.
1831 4471 1870 4533 al
1895 4476 1961 4554 sq.]
1990 4473 2124 4536 dicitur:
2168 4473 2204 4536 Si
2222 4495 2284 4538 cor
2307 4487 2452 4540 nostrum

1481 4575 1547 4619 non
1569 4555 1817 4638 reprehenderit
1838 4554 2086 4631 nos‚·fiduciam
2108 4557 2269 4622 habemus
2295 4559 2452 4646 ergaDe

1480 4661 1551 4717 um,
1584 4643 1813 4724 impetraturos
1849 4659 1911 4702 nos
1940 4659 2016 4703 esse
2038 4662 2093 4718 ea,
2126 4662 2211 4725 quae
2233 4646 2396 4725 petimus,
2423 4644 2453 4707 id

517 4720 663 4786 Panem
688 4733 867 4788 nostrum
888 4722 1174 4805 quotidianum
1196 4722 1244 4785 da
1265 4723 1385 4786 nobis
1480 4737 1543 4800 est,
1561 4727 1590 4788 si
1613 4746 1679 4789 non
1701 4742 1953 4805 perseveramus
1975 4728 2009 4788 in
2031 4723 2160 4790 delictis
2183 4735 2303 4790 eontra
2327 4729 2453 4793 consci-

970 4874 978 4890 ,
1480 4810 1612 4872 entiam.
1657 4806 1781 4870 Eodem
1802 4809 1945 4890 pertinet
1966 4810 2088 4873 dictum
2109 4810 2225 4876 Matth.
2248 4812 2279 4873 5.
2306 4813 2452 4892 [vs.an

887 4870 1015 4937 hodie.
1479 4893 1516 4956 Si
1548 4911 1665 4956 munus
1700 4890 1819 4955 olferes
1852 4894 1895 4956 ad
1928 4891 2032 4957 altare
2065 4907 2098 4958 et
2130 4898 2328 4961 recordatus
2352 4897 2453 4962 fueris

819 5003 822 5008 ·
1478 4975 1613 5040 fratrem
1646 4973 1769 5058 aliquid
1797 4989 1915 5040 contra
1948 4990 1980 5041 te
2006 4977 2131 5043 habere
2153 4991 2216 5043 etc.
2261 4981 2305 5045 Et
2327 4987 2453 5066 passim

550 5055 588 5121 ld
609 5067 671 5135 est,
692 5058 823 5135 victum,
841 5079 969 5141 pacem,
993 5055 1228 5140 defensionem,
1250 5058 1370 5122 bonam
1382 5078 1438 5123 va·
1479 5059 1666 5141 Prophetae
1697 5058 1863 5126 inculcant
1895 5060 1981 5126 hanc
2004 5066 2210 5143 sententiam,
2227 5086 2294 5130 non
2319 5068 2454 5151 placere

464 5139 653 5219 letudinem,
674 5153 710 5208 ut
729 5139 863 5206 labores
885 5144 1093 5208 vocationum
1102 5139 1250 5225 perferre
1259 5145 1437 5226 possimus,
1477 5143 1552 5207 Deo
1570 5145 1774 5209 ceremonias
1796 5158 1831 5209 et
1851 5148 2058 5229 precationes
2077 5169 2202 5229 eorum,
2242 5153 2276 5214 ui
2296 5171 2455 5235 perseve-

416 5301 419 5310 .
466 5243 660 5290 successum
701 5226 735 5290 iu
778 5228 878 5290 rebus
921 5228 1076 5312 gerendis
1105 5229 1196 5292 iuxta
1217 5228 1436 5305 vocationem,
1478 5240 1551 5292 rant
1568 5229 1601 5291 in
1619 5225 1747 5292 delictis
1769 5241 1884 5294 contra
1897 5234 2142 5311 conscientiam,
2163 5245 2201 5299 nt
2238 5255 2286 5302 es.
2314 5238 2346 5300 l.
2360 5235 2455 5304 aaa

469 5496 513 5561 13)
529 5498 576 5552 tlbl
591 5496 722 5561 ohedluntl
742 5497 816 5549 Edltt
834 5496 875 5546 ιι.
894 5496 935 5548 2⁴.
952 5494 1069 5559 itt-84„
1086 5498 1147 5560 opp.
1167 5498 1189 5549 1.
1206 5498 1230 5546 ι.
1249 5497 1370 5551 obediam
1385 5499 1434 5550 tlhl
1481 5497 1525 5560 14)
1542 5497 1680 5565 laxatione]
1701 5500 1773 5551 Editt
1792 5499 1864 5550 1-n.
1882 5499 1906 5548 s.
1926 5501 1951 5549 7.
1969 5504 1993 5553 a.
2013 5502 2052 5550 la.
2070 5503 2199 5556 luutlune
