5859 6734
1068 724 1155 790 55

1941 894 2055 961 xl.
2081 899 2143 972 ⁸)

1154 1023 1277 1089 Ex
1316 1021 1521 1088 FIDE
1564 1017 1731 1084 EST
1774 1012 2150 1080 IUSTITIA
2171 1013 2256 1076 ad
2280 1012 2412 1076 duo
2436 1011 2734 1092 pertinet.
2779 1003 3018 1072 Adim-

1074 1111 1463 1198 petrandum
1529 1107 1827 1190 spiritum
1882 1108 2415 1184 perseverantem
2475 1105 2543 1159 et
2596 1096 3019 1158 innovantem
3056 1133 3059 1144 ·

1074 1209 1143 1262 et
1192 1199 1664 1260 instaurantem
1728 1207 1875 1252 noS.
1964 1184 2222 1248 Deinde
2281 1192 2347 1245 et
2405 1181 2491 1244 ad
2550 1180 3020 1244 conscientiam

1074 1277 1626 1363 tranquillandam
1672 1285 1737 1336 et
1780 1269 2177 1336 abolendum
2206 1277 2554 1350 peccatum
2572 1266 3017 1349 praeteritum.

1074 1367 1363 1430 Primum
1418 1364 1478 1425 si
1537 1360 1742 1424 sentis
1787 1355 2206 1418 infirmiorem
2231 1397 2250 1427 ,
2317 1371 2515 1434 quam
2557 1360 2632 1413 ut
2674 1348 3019 1413 affectibus

2976 1434 2995 1453 Ι

1074 1467 1447 1535 repugnare
1492 1463 1720 1530 queaS,
1766 1461 1927 1504 ecce
1966 1437 2171 1502 nullis
2216 1437 2526 1519 operibus
2550 1437 2871 1498 exemeris
2906 1458 3021 1496 πα-

1075 1543 1270 1616 θημα,
1314 1533 1437 1596 sed
1482 1529 1632 1594 solo
1687 1527 1921 1610 spiritu
1961 1522 2378 1608 purgaberiS‚
2434 1520 2493 1583 si
2539 1517 2871 1583 Christum
2926 1520 2996 1582 in

1074 1618 1423 1686 vocaveris
1468 1627 1533 1679 et
1576 1611 2053 1696 imploraveris.
2112 1608 2226 1672 Sic
2267 1604 2633 1688 Propheta:
2678 1604 3021 1669 Fortitudo

1078 1724 1227 1770 mea
1283 1714 1349 1766 et
1404 1700 1553 1764 laus
1596 1717 1745 1762 mea
1784 1695 2107 1758 Dominus
2132 1737 2152 1769 ,
2218 1702 2284 1754 et
2337 1690 2553 1754 factus
2612 1699 2718 1752 est
2756 1687 2913 1753 mihi
2955 1691 3022 1752 in

1080 1788 1379 1854 salutem.
1416 1785 1532 1850 Sic
1554 1781 1857 1848 Christus
1870 1777 2099 1842 Matth.
2126 1775 2243 1840 XI.
2259 1779 2383 1855 [vs
2402 1773 2506 1838 28.
2525 1779 2570 1854 :]
2582 1773 2821 1838 Venite
2832 1776 3023 1838 adme

1082 1865 1961 2023 ffipcssuznqussssssi⁰ffiffi1⁵1isst
1980 1859 2490 2011 „⁰¹:223ssssssssss
2538 1860 2829 2009 afflige
2867 1879 3024 2008 2²33}

1084 1979 1453 2117 sgientiam,
1498 2039 1619 2101 sed
1651 1997 1809 2098 'sola
1853 2047 1918 2097 et
1958 1969 2126 2114 pifra
2168 2032 2298 2095 fide
2343 2033 2409 2095 in
2454 1965 2783 2094 Christum
2871 2049 3024 2093 aca-

1083 2129 1297 2204 beriS,
1350 2145 1481 2208 qua
1525 2122 1739 2186 credis
1784 2120 2157 2203 iniquitates
2198 2127 2464 2180 nostras
2508 2116 2721 2198 ipsum
2768 2125 2837 2178 tu
2866 2117 3022 2177 isse.

1084 2210 1209 2275 Illa
1252 2207 1583 2273 consessio
1630 2217 1755 2282 est,
1802 2223 2003 2287 super
2046 2223 2243 2287 quam
2285 2199 2573 2264 ecclesia
2605 2199 2879 2264 fundata
2900 2208 3026 2278 est,

1088 2307 1319 2360 contra
1359 2294 1533 2358 hanc
1574 2303 1807 2374 portae
1846 2286 2205 2352 inferorum
2248 2305 2383 2350 non
2426 2283 2923 2368 praevalebunt.

1988 2470 2131 2535 XII.

1178 2597 1424 2662 Gratia
1465 2614 1599 2657 non
1643 2589 1847 2656 semel
1891 2589 2115 2653 abolet
2156 2601 2535 2673 peccatum,
2592 2589 2714 2653 sed
2753 2588 3035 2651 subinde

1096 2693 1419 2766 expurgat
1462 2680 1501 2740 7
1548 2689 1613 2741 et
1654 2675 1697 2740 8
1740 2675 1926 2739 Rom.
1974 2675 2059 2738 ad
2101 2685 2377 2738 mortem
2431 2693 2663 2758 usque.
2750 2673 3038 2736 Proinde

1352 2765 1644 2837 civium-c,
1688 2777 1938 2841 semper
1978 2767 2354 2840 peccarim-es
2396 2777 2647 2836 sumus,
2692 2777 2953 2841 semper
2973 2759 3039 2821 in

1094 2853 1289 2917 nobis
1332 2860 1487 2913 sunt
1530 2857 1790 2934 veteres
1836 2842 2150 2929 reliquiae
2190 2846 2435 2908 veteris
2456 2843 2761 2924 hominis,
2805 2844 3042 2919 donec,

1096 2933 1345 3000 abolita
1388 2952 1624 3009 carne,
1690 2943 1821 2995 tam
1864 2930 2151 2993 iucunda
2192 2929 2281 2992 sit
2320 2926 2431 2993 lex
2471 2927 2643 3006 Dei,
2700 2948 2896 3011 quam
2941 2938 3046 2992 est

1101 3039 1311 3084 concu
1359 3019 1633 3082 iscentia
1646 3016 1922 3099 peccati.
1946 3013 2061 3078 Sic
2081 3011 2642 3098 intelligePsal.l.
2671 3019 2795 3090 [vs.
2810 3013 2932 3091 24:
2976 3014 3043 3076 in

1100 3103 1253 3190 lege
1362 3103 1557 3168 omini
1603 3099 1865 3165 delitiae
1909 3101 2072 3162 eius·

1978 3267 2151 3330 XIII.

1185 3385 1672 3453 DISCRJMEN
1731 3385 2162 3452 IUSTITIAE
2210 3382 2608 3450 GENTIUM
2650 3381 2762 3448 ΕΤ
2805 3381 3039 3450 CHRI-

1102 3471 1503 3538 STIANAE.
1549 3469 1799 3536 Iustitia
1846 3471 2153 3537 Gentium
2168 3473 2289 3548 8³³),
2349 3491 2518 3555 quae
2563 3473 2629 3536 in
2670 3469 3039 3556 Evangelio

1098 3555 1494 3642 pharisaica,
1517 3578 1558 3620 a
1579 3554 1791 3620 Paulo
1812 3557 2076 3635 iustitia,
2100 3579 2219 3622 seu
2242 3557 2525 3622 servitus
2548 3553 2717 3642 legis
2739 3568 3040 3634 vocatur,

1102 3654 1227 3721 est,
1270 3661 1401 3726 qua
1442 3637 1720 3705 facimus
1766 3653 2038 3708 externa
2081 3663 2351 3726 operum
2385 3639 2741 3706 simulacra
2762 3687 2782 3718 ‚
2848 3662 3040 3725 repu-
3081 3686 3085 3704 ι

1100 3736 1343 3812 gnante
1386 3723 1643 3790 affectu.
1690 3726 1995 3791 Facimus
2038 3739 2255 3791 autem
2297 3722 2405 3788 vel
2450 3725 2690 3788 affectu
2717 3727 3042 3790 commodi

1099 3810 1209 3875 vel
1252 3808 1478 3874 servili
1520 3821 1717 3874 metu.
1762 3812 1836 3872 ln
1876 3811 2007 3874 hac
2052 3810 2295 3874 iustitia
2336 3809 2615 3891 primum
2654 3810 2865 3872 virtus
2909 3829 3046 3872 non
3085 3845 3093 3865 r

1100 3904 1205 3960 est
1246 3895 1530 3960 iucunda
1554 3904 1619 3958 et
1661 3891 1898 3956 facilis·
1942 3891 2200 3958 Deinde
2230 3891 2659 3974 impossibile,
2702 3904 2796 3971 ut,
2820 3913 3046 3978 quam-
3089 3893 3093 3961 i

1101 3979 1215 4044 diu
1254 3980 1323 4042 in
1364 3978 1561 4042 nobis
1606 3988 1708 4040 est
1741 3997 1927 4042 amor
1950 3981 2190 4058 nostri,
2257 3987 2323 4040 et
2344 3987 2557 4042 metus
2581 3997 2831 4056 eorum,
2918 3998 3048 4042 uae
3087 3988 3093 4024 ἰ

1100 4065 1295 4132 nobis
1318 4064 1775 4138 adversantur,
1800 4063 1955 4147 quin
1978 4062 2183 4128 multa
2206 4062 2363 4126 vitia
2400 4063 2742 4128 insideant.
2925 4061 3049 4127 ΟΒ
3089 4041 3094 4118 ἶ

1097 4145 1422 4214 NOSTRI
1463 4147 1649 4210 radix
1694 4149 1906 4211 omnis
1954 4147 2107 4212 mali
2153 4158 2275 4214 est.
2320 4143 2456 4212 Iam
2500 4159 2567 4212 et
2607 4145 2936 4213 hominem
2979 4150 3048 4212 in

1100 4233 1408 4300 fiduciam
1462 4231 1562 4295 sui
1621 4251 1859 4295 vanam
1917 4235 2113 4298 ducit.
2211 4232 2561 4296 Postremo
2622 4252 2706 4297 ne
2752 4253 2838 4298 ue
2898 4253 3048 4298 cum

1101 4317 1445 4384 affectibus
1489 4318 2007 4400 repugnantibus
2053 4318 2361 4383 dimicare
2402 4327 2643 4401 potest.
2916 4338 2954 4382 e
2989 4317 3048 4382 si

1102 4403 1361 4468 saevire
1406 4402 1697 4484 coeperit
1720 4403 1779 4478 ⁹)
1821 4399 2120 4480 affectus,
2162 4405 2293 4468 iam
2313 4422 2528 4486 neque
2550 4413 2822 4468 externa
2843 4423 3050 4489 opera

1106 4488 1325 4552 caveri
1367 4493 1705 4569 poterunt.

1188 4601 1566 4668 IUSTITIA
1608 4601 1983 4668 Christiana
2025 4613 2151 4681 est,
2196 4623 2329 4688 qua
2358 4603 2667 4669 ultroneo
2690 4608 2920 4690 spiritu
2960 4609 3048 4672 ad

1107 4691 1285 4755 bona
1326 4689 1635 4770 rapimur,
1678 4690 1934 4754 etiamsi
1974 4686 2159 4753 nulla
2193 4699 2375 4753 esset
2394 4687 2526 4753 lex.
2572 4689 2859 4756 Primum
2878 4691 3049 4756 haec

1106 4771 1407 4874 humiliat-
1444 4780 1527 4872 et·
1554 4770 1728 4835 tollit
1770 4772 2076 4839 fiduciam
2127 4776 2361 4852 nostri,
2414 4793 2631 4858 neque
2694 4778 3049 4861 quidquam

1107 4854 2515 5028 :affimatmsssssztatssmt
2540 4871 2892 5011 :⁹⁵:32³
2920 4863 3050 5030 ,κὶ-

1144 5225 1205 5288 8)
1248 5225 1353 5288 XL]
1387 5225 1469 5278 hle
1502 5237 1749 5280 uumerus
1781 5227 1834 5281 ln
1869 5227 1960 5280 Ed.
1998 5239 2072 5292 ρι’.
2112 5235 2195 5283 est
2216 5233 2453 5286 omissus.

1145 5327 1232 5388 8⁸)
1258 5325 1514 5391 Gentium]
1550 5328 1634 5380 Ed.
1668 5339 1743 5390 pr.
1779 5330 2070 5392 typothetae
2106 5342 2308 5384 errore:
2342 5334 2591 5388 sentiam.

1157 5426 1218 5491 9)
1254 5428 1498 5491 eoeperit]
1534 5430 1609 5481 sie
1640 5429 1831 5492 Fried.;
1868 5431 1952 5483 Ed.
1988 5443 2061 5495 pr.
2098 5439 2153 5485 et
2190 5435 2381 5487 Strob.:
2418 5436 2623 5499 ceperit.

1118 5526 1207 5589 10)
1252 5527 1390 5591 qula]
1426 5529 1500 5582 ste
1532 5530 1618 5583 Ed.
1650 5541 1749 5595 ρι’.;
1784 5533 1951 5585 Strob.
1988 5537 2042 5586 et
2072 5533 2265 5587 mem:
2298 5535 2433 5599 quin.

2312 704 2533 771 PHIL.
2576 699 2783 768 MEL.
2826 693 3204 765 SCRIPTA
3244 684 3800 757 DOGMATICA.

4971 679 5064 744 56

3099 879 3240 946 ατοῦ
3279 879 3546 962 pendet.
3631 874 3888 940 Deinde
3931 875 3996 936 in
4040 872 4170 936 hac
4194 870 4370 955 quod
4409 869 4618 946 deest,
4664 869 5060 936 confidimus

3100 985 3236 1030 non
3281 961 3580 1046 imputari
3621 970 3893 1044 propter
3937 957 4185 1021 Christi
4229 954 4547 1020 meritum.

3185 1048 3489 1132 Denique
3506 1047 3854 1111 discrimen
3871 1062 4192 1128 operosae
4205 1040 4486 1104 iustitiae
4501 1048 4567 1103 et
4580 1037 4736 1104 fidei
4749 1059 4929 1104 mors
4947 1043 5062 1106 de-

3106 1133 3403 1198 clarabit.
3427 1131 3553 1195 Ubi
3586 1131 3747 1196 nihil
3774 1149 4067 1214 operum,
4099 1125 4260 1190 nihil
4294 1133 4648 1190 conatuum
4681 1136 5064 1190 nostrorum

3101 1229 3355 1284 tantum
3399 1219 3544 1296 erit,
3589 1218 3764 1300 quod
3813 1237 3960 1279 cum
4006 1222 4215 1277 morte
4259 1211 4574 1296 congredi
4615 1212 4849 1293 possit.
4895 1211 5062 1276 Bre-

3104 1305 3306 1368 viter:
3350 1303 3726 1386 pharisaica
3746 1301 3992 1365 iustitia
4033 1317 4168 1362 non
4191 1308 4294 1361 est
4316 1295 4581 1370 iustitia,
4624 1296 4747 1359 sed
4778 1297 5062 1360 mendax

3108 1410 3378 1472 operum
3421 1389 3680 1470 species
3704 1434 3724 1465 ,
3780 1406 3907 1452 nec
3972 1384 4294 1449 immutari
4360 1383 4444 1445 ab
4489 1377 4630 1444 ullo
4674 1392 4790 1443 aut
4831 1379 5060 1466 aliquo

3105 1476 3301 1538 modo
3349 1475 3555 1538 corda
3596 1482 3899 1554 possunt,
3920 1471 4047 1533 nisi
4069 1471 4153 1533 ab
4178 1487 4281 1544 eo,
4304 1468 4413 1550 qui
4440 1465 4749 1529 condidit.
4773 1465 5060 1548 Hierem,

3108 1559 3282 1622 XIII.
3315 1564 3444 1638 [νε.
3473 1557 3645 1636 23.=]
3702 1559 3810 1620 An
3852 1565 4105 1621 mutare
4133 1557 4217 1628 ¹¹)
4263 1561 4486 1635 potest
4527 1551 4773 1630 αἴθιωψ
4817 1547 5066 1633 pellam

3110 1645 3338 1708 suam?
3361 1655 3474 1708 aut
3517 1644 3762 1726 pardus
3791 1644 4140 1706 varietates
4170 1636 4371 1700 suas?
4403 1647 4468 1700 et
4492 1653 4615 1699 vos
4640 1637 4938 1716 poteritis
4961 1631 5060 1700 fa-

3110 1749 3223 1793 cer
3245 1731 3516 1807 bonum,
3561 1749 3710 1794 cum
3750 1727 4106 1793 didiceritis
4128 1719 4418 1787 malum?
4459 1719 4737 1803 Insuper
4761 1730 4825 1784 et
4849 1720 5064 1796 omnis

3110 1833 3381 1898 operum
3425 1826 3489 1878 et
3533 1814 3856 1878 bonorum
3900 1811 4094 1876 huius
4139 1810 4313 1872 vitae
4357 1806 4621 1882 iustitia,
4664 1824 4789 1867 nec
4821 1823 5062 1889 pecca-

3108 1909 3267 1977 tum,
3310 1921 3436 1963 nec
3480 1897 3828 1976 infernum,
3872 1917 4085 1980 neque
4129 1903 4406 1958 mortem
4450 1890 4673 1966 vincit,
4719 1901 4784 1953 et
4805 1889 5064 1954 servari

3110 1996 3368 2067 oportet
3412 2005 3535 2048 nos
3580 1983 3730 2047 sola
3771 1982 3958 2048 verbi
4001 1981 4154 2058 fide,
4200 1977 4304 2041 cui
4347 1976 4745 2058 incorporati
4774 1985 4840 2037 et
4884 1973 5062 2038 insiti

3115 2089 3364 2146 smnuS,
3412 2067 3674 2134 Cleri-sto
3736 2069 3983 2132 victore
4025 2076 4090 2131 et
4145 2082 4272 2128 nos
4338 2062 4650 2124 victuros·

3195 2189 3373 2253 Ecce
3437 2189 3593 2272 quid
3635 2187 3847 2252 fides?
3933 2187 4180 2251 Unicus
4219 2191 4474 2267 portus,
4516 2180 4779 2243 unicum
4818 2179 5070 2260 praesi-

3115 2278 3313 2352 dium,
3357 2275 3553 2337 unica
3596 2274 3912 2350 anchora,
3955 2275 4220 2336 unicum
4261 2262 4531 2332 vallum.
4599 2262 4928 2329 Omnibus
4949 2263 5074 2330 du-

3116 2361 3242 2424 biis
3288 2361 3488 2422 rebus
3532 2361 3780 2422 nostris
3841 2357 3990 2422 sola
4035 2357 4199 2420 fides
4245 2371 4414 2416 onus
4458 2348 4636 2434 legis
4683 2359 4749 2412 et
4809 2349 5074 2432 peccati

3120 2444 3338 2508 elevat
3361 2490 3380 2520 ,
3449 2443 3600 2506 sola
3659 2445 3823 2507 tides
3868 2453 4135 2506 nostras
4182 2437 4619 2503 conscientias
4664 2444 4808 2498 tran
4855 2431 5074 2510 afflat,

3121 2527 3271 2593 sola
3315 2528 3481 2592 fides
3525 2539 3798 2591 mortem
3823 2528 4026 2591 vincit
4070 2537 4137 2589 et
4157 2523 4501 2588 infernum.
4548 2519 4757 2583 Crede

3123 2617 3352 2678 invoca
3397 2613 3721 2677 Christum
3755 2631 3875 2693 per
3917 2611 4104 2696 sidem
4123 2658 4148 2687 ,
4204 2613 4334 2674 iam
4367 2608 4644 2689 spiritus
4681 2603 5074 2689 mtificator

3122 2707 3182 2763 et
3215 2706 3540 2780 puryator
3583 2698 3815 2760 adest!
3867 2696 4002 2760 lam
4045 2717 4177 2779 pax
4216 2696 4409 2759 datur
4431 2689 4896 2766 conscientiae,
4939 2688 5076 2753 iam

3127 2785 3357 2848 mortis
3403 2783 3577 2846 cedit
3617 2782 3876 2858 horror,
3919 2783 4048 2845 iam
4090 2778 4324 2846 inferni
4366 2779 4578 2841 minae
4601 2773 4869 2838 clausae
4892 2784 5072 2837 sunt.
5183 2831 5187 2836 .

3131 2869 3264 2946 Qua·
3301 2869 3462 2930 enim
3498 2868 3704 2931 credit
3743 2866 4026 2943 Christo,
4069 2873 4332 2929 mortem
4372 2881 4499 2925 non
4539 2859 4798 2924 videbit.
4885 2857 5076 2922 Haec

3128 2953 3270 3018 fere
3311 2957 3521 3037 primo
3563 2951 3718 3015 loco
3761 2951 3917 3015 mihi
3957 2973 3998 3016 a
4019 2949 4230 3015 Paulo
4275 2949 4386 3032 agi
4426 2948 4756 3012 videntur:
4803 2944 4888 3007 de
4931 2943 5076 3026 qui-

3129 3041 3255 3104 bus
3299 3041 3355 3102 si
3401 3040 3549 3122 quis
3593 3038 3876 3101 rectiora
3917 3037 4136 3114 sentit,
4178 3036 4439 3099 minime
4479 3027 4828 3096 molestum
4869 3025 5086 3092 filei-it-

3135 3126 3347 3208 sequi,
3379 3133 3516 3188 etc.
4543 3189 4548 3196 ¹
5011 3127 5018 3132 ·

3216 3237 3686 3306 SECUNDUS
3699 3237 3992 3306 LOCUS
4011 3229 5090 3318 PRAEDESTINATlole-,esa

3130 3330 3212 3393 de
3236 3346 3370 3412 qua
3385 3337 3652 3412 praeter
3673 3346 3774 3406 ea,
3797 3347 3966 3412 quae
3991 3327 4220 3411 paucis
4245 3324 4464 3389 verbis
4493 3317 4742 3392 Paulus
4765 3315 4898 3388 dixi
4959 3313 5088 3396 :nii

3128 3411 3221 3478 hil
3355 3421 3485 3478 test
3526 3411 3810 3476 hominis
3850 3409 3992 3476 ulla
4035 3413 4225 3483 ratio,
4269 3405 4476 3474 ullum
4493 3403 4862 3490 ingenim.
4899 3459 4906 3466 .
4987 3401 5076 3484 de

3138 3498 3222 3570 ad
3394 3519 3431 3561 c
3471 3495 3588 3572 vl.
3635 3496 3897 3564 Ioannis
3942 3495 4176 3583 Caput.
4945 3529 4952 3536 ·
4987 3527 4996 3538 ·

3181 3614 3584 3682 -ΤΕιιτωε
3625 3617 3848 3682 Locus
3891 3617 4149 3682 Momm
4189 3625 4368 3680 totus
4419 3551 4558 3690 eit,
4607 3609 4722 3675 uhi
4773 3557 5082 3696 regulam

3127 3703 3303 3766 hanc
3346 3704 3658 3766 observa:
3723 3705 3740 3715 ‘
4637 3727 4642 3732 ·
4923 3723 4950 3730 ··
5013 3719 5062 3734 ··

3134 3916 3199 3970 te
3219 3820 3518 3884 Omnium
3567 3817 4062 3883 indifferentium
4121 3839 4392 3902 operum
4437 3813 4730 3901 regulam
4789 3789 5077 3880 charlta-

3201 3926 3266 3969 m
3308 3924 3479 3969 esse.

3489 4125 3665 4180 mnu
3697 4129 3776 4180 ιιι)
3811 4127 4094 4181 somnos
4127 4126 4460 4180 msrom.
4481 4113 4708 4177 summ
4837 4157 4842 4162 .
4901 4119 4914 4154 :-

3221 4261 3448 4327 Status
3487 4283 3792 4344 caussae.
3860 4229 4124 4326 Iustitia
4163 4281 4246 4328 esc
4283 4261 4410 4347 fide
4435 4263 4610 4346 sine.
4631 4221 5096 4344 opedbuget-

3136 4345 3390 4412 nullmn
3430 4368 3598 4434 opus
3642 4360 3862 4432 potest
3901 4347 4208 4414 affectum
4247 4347 4586 4428 immutare
4614 4347 4720 4430 ¹2),
4761 4329 5098 4424 sedsola.

3136 4432 3302 4582 gg-{S
3359 4431 3662 4518 impetrat
3702 4433 4045 4514 iustitiam,
4087 4435 4220 4502 hoc
4263 4441 4388 4554 est,
4431 4431 4916 4506 innovationem
4959 4445 5084 4506 ηοε-

3225 4635 3553 4700 ORATIO
3609 4647 3713 4700 est
3755 4641 4016 4722 generis
4045 4636 4368 4703 iudicialis
4383 4684 4405 4718 ,
4455 4637 4657 4702 habet
4711 4583 5100 4710 exordium}-

3139 4723 3599 4801 narrationem,
3643 4723 4224 4802 confirmationem,
4266 4733 4418 4808 apte
4457 4723 4838 4805 composita.
5025 4745 5052 4766 ·-

3221 4841 3596 4924 Inscriptio:
3639 4839 3886 4906 Paulus
3930 4840 4181 4908 Servus
4223 4841 4374 4910 Iesu
4418 4840 4662 4910 Christi
4706 4851 4830 4905 etc.
4849 4815 4954 4918 'In
4986 4857 5082 4908 ,ea

3137 4926 3560 5011 inscriptione
3603 4927 3988 4992 observabis

3397 5044 3586 5147 Quid·
3615 5044 3900 5148 servitus
3943 5044 4111 5156 ¹3³5ss
4125 5051 4157 5113 ’ἐ

3396 5129 3698 5194 Servitus
3744 5126 3987 5195 Christi
4016 5137 4040 5197 ἐ

3141 5437 3231 5501 11)
3278 5437 3499 5499 mutare]
3535 5439 3608 5491 sic
3641 5437 3803 5492 Fried.
3843 5440 3934 5502 [=
3961 5435 4157 5500 vuls.];
4204 5449 4278 5501 pr.
4318 5443 4371 5491 et
4405 5439 4597 5503 Strob.;
4631 5439 4831 5494 Friedz
4868 5440 5080 5492 mutari.

3141 5538 3229 5602 12)
3277 5538 3568 5603 immutare]
3605 5541 3679 5593 sic
3712 5540 3800 5593 Ed.
3839 5551 3938 5604 ρι’.;
3974 5538 4137 5592 Strob.
4171 5543 4222 5592 et
4255 5537 4444 5594 med:
4479 5546 4696 5595 mutare.
