5859 6734
934 718 1063 786 9⁰⁷
2194 715 2416 802 rum.
2459 717 2666 786 MEL.
2713 715 3087 787 SCRIPTA
3128 714 3680 786 noetianos.
4843 710 4983 778 sus

932 903 1350 992 Apostolica,
1394 915 1462 969 et
1495 905 1866 990 cogitentur
1907 901 2078 969 aliae
2117 905 2402 970 miores
2446 925 2730 971 caussae
2773 926 2882 972 ca·
2966 926 3094 970 ne.·
3137 904 3325 969 Hanc
3370 923 3532 972 esse
3566 903 3955 970 sententiam
3995 900 4348 969 multorum
4388 901 4700 968 aliorum
4751 903 4976 968 dicto·

933 988 1296 1056 lamitatum
1313 1036 1334 1068 ,
1397 1000 1468 1053 ut
1507 990 1673 1054 iram
1716 989 1843 1053 Dei
1885 1009 2331 1075 agnoscamus
2376 1001 2441 1055 et
2484 1009 2881 1074 expavesca-
2966 1013 3109 1057 rum
3145 992 3339 1055 etiam
3379 989 3626 1070 iudico,
3665 1000 3771 1054 ut:
3835 985 4321 1073 Eleemosynae
4363 986 4676 1053 liberant
4722 1008 4771 1052 a
4807 1008 4974 1071 pec-

2968 1087 3145 1154 cato,
3207 1072 3514 1142 videlicet
3577 1075 3756 1160 quod
3808 1071 3896 1139 ad
3937 1085 4325 1157 praesentes
4368 1092 4644 1157 poenas
4691 1075 4971 1151 attinet,

2967 1161 3035 1224 id
3068 1172 3196 1238 est,
3238 1169 3569 1225 merentur
3610 1159 4078 1245 mitigationem
4121 1155 4574 1224 calamitatmn
4615 1156 4832 1223 huius
4867 1160 4967 1225 vi-

2967 1257 3099 1310 tae.
3183 1243 3368 1317 Haec
3434 1245 3733 1309 doctrina
3797 1244 3882 1308 de
3922 1245 4153 1328 poenis
4196 1245 4678 1327 praesentibus
4727 1255 4798 1308 et
4846 1265 4961 1309 ea-

2966 1351 3111 1394 rum
3154 1330 3560 1415 mitigatione
3603 1327 3778 1394 utilis
3823 1339 3927 1393 est
3969 1348 4051 1394 ac
4084 1330 4228 1413 pias
4273 1340 4529 1393 mentes
4578 1330 4675 1393 de
4720 1327 4953 1394 multis

2967 1413 3224 1499 magnis
3272 1416 3471 1479 rebus
3513 1415 3843 1493 admonet,
3887 1415 3976 1478 de
4011 1414 4110 1477 ira
4132 1412 4281 1491 Dei,
4329 1413 4409 1478 de
4457 1416 4738 1479 caussis
4771 1413 4946 1481 mul·
5053 1452 5070 1470 -

2967 1510 3181 1563 tarum
3243 1518 3628 1585 magnarum
3695 1497 4157 1576 calamitatum,
4223 1499 4304 1563 de
4368 1500 4942 1582 promissionibus

2968 1583 3231 1660 diviniS,
3271 1584 3358 1648 de
3402 1583 3713 1649 exercitio
3760 1581 3913 1647 fidei
3955 1593 4021 1647 et
4063 1585 4384 1648 bonorum
4419 1603 4730 1667 operum.
4791 1583 4939 1651 Do·

2971 1686 3199 1733 cemus
3243 1671 3413 1731 enim
3455 1679 3597 1732 tota
3637 1669 4039 1772 poenitentia
4082 1669 4366 1754 mitigari
4408 1687 4686 1752 poenas
4729 1667 4941 1735 homi-

933 1094 1080 1141 mus
1146 1085 1212 1140 et
1274 1093 1511 1138 rursus
1574 1094 1801 1139 veram
1843 1072 2362 1140 consolationem
2404 1077 2598 1140 nobis
2639 1094 2880 1159 propo-

935 1178 1191 1225 namus.
1292 1158 1596 1243 Denique
1660 1160 1946 1224 sciamus
2009 1158 2188 1223 hunc
2252 1172 2620 1224 extremum
2684 1159 2882 1225 finem

934 1263 1088 1309 esse
1131 1245 1414 1307 omnium
1460 1242 1923 1323 calamitatum,
1966 1255 2041 1308 ut
2085 1254 2393 1309 crescant
2434 1244 2631 1309 Fides
2648 1251 2736 1309 “et
2779 1244 2880 1308 In·

933 1330 1224 1406 vocatio,
1269 1330 1453 1392 iuxta
1488 1326 1655 1392 illud
1701 1326 1968 1405 [Psalm.
2013 1328 2123 1407 49,
2171 1329 2333 1409 15.]=
2377 1329 2624 1395 Invoca
2664 1349 2771 1394 me
2813 1330 2879 1392 in

934 1414 1041 1477 die
1084 1410 1545 1490 tribulationis,
1594 1423 1660 1476 et
1703 1414 1973 1496 eripiam
2017 1425 2102 1478 te.

1105 1497 1370 1570 Quinto.
1455 1494 1598 1561 Etsi
1643 1497 1830 1562 Deus
1895 1517 2098 1582 saepe
2146 1500 2333 1582 punit
2378 1509 2560 1564 certa
2602 1509 2883 1581 peccata

935 1584 1134 1648 certis
1176 1583 1447 1666 poenis,
1512 1593 1726 1646 tamen
1773 1582 2116 1647 sciendum
2155 1594 2259 1647 εει
2301 1602 2556 1666 poenas
2600 1582 2881 1666 mitigari

931 1678 1159 1732 nostra
1223 1668 1624 1751 poenitentia
1687 1678 1804 1731 aut
1845 1686 2122 1751 prorsus
2164 1668 2437 1745 remitti,
2483 1677 2559 1731 ut
2601 1677 2883 1731 testatur

927 1749 1204 1817 historia
1246 1752 1468 1816 lonae.
1529 1750 1615 1815 Et
1655 1751 1785 1815 Ies.
1834 1752 1892 1814 1.
1940 1757 2067 1827 [vs.
2117 1750 2249 1831 18.]
2296 1752 2565 1817 dicitur:
2633 1750 2704 1816 Si
2747 1748 2884 1814 flie-

932 1837 1060 1901 rint
1122 1847 1402 1919 peccata
1463 1845 1689 1900 vestra
1731 1847 1800 1899 ut
1847 1836 2211 1915 coccinum,
2269 1847 2456 1901 erunt
2500 1836 2778 1899 candida
2809 1845 2885 1899 ut

932 1923 1061 1985 nix.
1151 1921 1309 1984 Item
1357 1919 1584 1995 [Zach.
1635 1920 1693 1997 1,
1737 1918 1874 1999 3.]:
1964 1918 2433 1986 Convertimini
2497 1922 2582 1984 ad
2626 1941 2763 1997 me,
2820 1930 2885 1982 et

936 2025 1062 2091 ego
1109 2014 1462 2069 convertar
1505 2005 1591 2068 ad
1632 2023 1780 2070 vos.
1868 2004 2098 2069 Ierem.
2144 2004 2206 2070 3.
2255 2012 2386 2086 [νε.
2410 2004 2541 2084 22]
2589 2002 2884 2070 Conver-

931 2090 1154 2169 timini,
1211 2086 1348 2165 filii,
1416 2101 1481 2152 et
1547 2091 1801 2153 sanabo
1847 2090 2237 2155 aversiones
2281 2102 2563 2155 vestras.
2650 2088 2736 2153 Et
2775 2087 2882 2152 30.

936 2181 1062 2252 [vs.
1112 2174 1241 2252 11.]
1312 2172 1670 2260 Castigabo
1716 2185 1782 2237 te
1825 2176 1888 2237 in
1933 2174 2196 2253 iudicio,
2261 2195 2346 2239 ne
2402 2175 2516 2239 tibi
2558 2175 2881 2239 innocens

929 2258 1237 2336 videaris,
1282 2258 1348 2321 id
1391 2269 1517 2338 εει,
1560 2260 1931 2323 admonebo
1976 2270 2043 2323 te
2078 2261 2160 2324 de
2204 2272 2316 2324 tuo
2361 2270 2638 2343 peccato
2688 2260 2882 2322 casti·

975 2345 1191 2408 atione
1236 2340 1476 2427 aliqua,
1521 2362 1648 2407 nec
1692 2354 1910 2407 tamen
1951 2346 2224 2428 perdam
2259 2356 2349 2408 te.
2458 2342 2598 2407 Ioel
2640 2343 2705 2408 2.
2753 2349 2880 2421 [νε.

930 2363 1060 2508 {a}
1130 2426 1599 2492 Convertimini
1667 2429 1753 2491 ad
1807 2427 2055 2508 Deum,
2123 2432 2274 2513 quia
2336 2429 2711 2493 misericors
2779 2439 2883 2490 est

930 2524 1057 2576 etc.
1103 2523 1168 2577 et
1212 2514 1562 2596 remittens·
1594 2532 1893 2595 poenam.
1987 2514 2047 2576 1.
2090 2514 2250 2578 Cor.
2299 2514 2401 2577 11.
2449 2519 2580 2596 [νε.
2626 2511 2758 2590 31.]
2808 2511 2882 2576 Si

929 2615 1055 2662 nos
1121 2597 1247 2680 ipsi
1292 2598 1751 2675 iudicaremuS,
1817 2617 1950 2661 non
1993 2600 2455 2663 iudicaremur.
2542 2597 2881 2662 Pertinent

930 2681 1063 2747 huc
1108 2692 1174 2745 et
1218 2678 1331 2745 illa
1373 2682 1576 2759 dicta,
1620 2701 1792 2765 quae
1834 2692 2062 2763 petunt
2104 2684 2568 2769 mitigationem
2613 2684 2682 2745 in
2722 2701 2880 2765 poe-

929 2769 1034 2831 nis
1080 2840 1086 2845 ‚
1123 2777 1187 2829 et
1273 2764 1465 2829 simul
1523 2777 1848 2830 testantur
1913 2780 2190 2850 peccata
2253 2769 2487 2832 mereri
2565 2768 2881 2831 maiorem
2928 2788 2929 2857 j
2968 2803 3176 2866 renati
3220 2820 3261 2864 a
3303 2822 3347 2884 p

929 2870 1232 2934 poenam,
1298 2849 1437 2914 Sed
1492 2850 1709 2914 Deum
1754 2871 2032 2934 parcere
2073 2850 2430 2916 infirmitati
2471 2861 2767 2928 nostrae,
2809 2863 2881 2914 ut

931 2933 1201 3015 [Psalm.
1250 2932 1397 3012 129,
1428 2933 1552 3014 3.];
1596 2933 1668 2998 Si
1710 2936 2083 3019 iniquitates
2126 2938 2612 3014 observaveriS,
2657 2934 2881 2999 Domi-

928 3040 1038 3098 ne,
1082 3020 1230 3104 quis
1274 3018 1668 3083 sustinebit?
1754 3021 1820 3083 id
1865 3031 2003 3098 est,
2047 3022 2119 3087 Si
2163 3041 2420 3104 poenas
2458 3042 2688 3085 omnes
2733 3041 2882 3084 exe-

972 3107 1040 3169 ui
1126 3101 1358 3183 velles,
1445 3105 1664 3168 subito
1756 3124 1986 3168 omnes
2054 3108 2611 3192 extingueremur.
2721 3106 2881 3169 Item

931 3196 952 3267 [
1011 3186 1203 3254 salm.
1248 3188 1315 3267 6,
1357 3189 1484 3267 2.]=
1572 3188 1890 3267 Domine,
1957 3209 2042 3253 ne
2094 3193 2163 3255 in
2206 3189 2430 3255 furore
2474 3202 2589 3255 tuo
2633 3210 2880 3277 arguas

927 3294 1052 3338 me.
1139 3273 1462 3338 Miserere
1502 3275 1652 3351 mei,
1675 3272 1983 3353 Domine,
2027 3277 2337 3359 quoniam
2379 3274 2674 3340 infirmus
2711 3296 2879 3339 sum.

928 3358 1158 3422 Ierem.
1234 3358 1337 3422 10.
1407 3363 1535 3435 [νε.
1599 3359 1732 3436 24.]
1846 3358 2120 3442 Corripe
2183 3380 2336 3439 me,
2403 3359 2710 3437 Domine,
2768 3379 2880 3424 νε-

929 3464 1071 3507 rum
1114 3443 1182 3505 in
1224 3442 1488 3520 iudicio,
1531 3453 1597 3506 ει
1638 3463 1775 3506 non
1818 3445 1884 3506 in
1903 3447 1995 3521 ⁹⁵)
2060 3441 2288 3510 furore
2331 3456 2470 3521 tuo,
2525 3464 2613 3508 ne
2656 3445 2742 3508 ad
2784 3445 2878 3507 ni·

927 3523 1130 3590 hilum
1196 3526 1465 3612 redigas
1529 3547 1656 3591 me.
1746 3525 1963 3592 Oscae
2021 3527 2124 3593 11.
2172 3535 2305 3609 [νε.
2347 3527 2443 3608 8.]
2534 3528 2878 3600 Quomodo

930 3612 1102 3677 dabo
1149 3622 1234 3687 te,
1280 3610 1618 3695 Ephraim,
1662 3614 1992 3697 quomodo
2035 3610 2334 3700 affligam
2356 3626 2445 3692 te,
2492 3611 2739 3677 lsrael?
2780 3612 2880 3676 Iu·

931 3708 1034 3760 ste
1078 3707 1145 3759 te
1188 3694 1477 3761 delerem
1520 3698 1692 3760 sicut
1732 3695 1992 3762 Adama
2036 3711 2102 3763 et
2146 3698 2435 3764 Seboim.
2482 3697 2620 3762 Cor
2663 3717 2880 3763 meum

929 3791 1243 3845 mutatum
1307 3791 1411 3846 est
1474 3781 1645 3845 intra
1707 3802 1849 3860 me,
1895 3783 2144 3847 exarsit
2185 3786 2668 3848 commiseratio
2711 3802 2879 3846 mea.

930 3864 1080 3927 Non
1124 3863 1362 3928 faciam
1405 3862 1697 3930 filrorem
1739 3866 1877 3930 irae
1920 3886 2130 3945 meae,
2171 3887 2304 3931 non
2351 3865 2586 3932 delebo
2630 3863 2880 3949 Ephra-

930 3950 1040 4026 im,
1105 3947 1278 4021 Quia
1321 3947 1509 4012 Deus
1554 3968 1681 4033 ego
1727 3968 1908 4027 sum,
1974 3962 2038 4013 et
2082 3970 2214 4014 non
2257 3949 2491 4028 homo,
2555 3954 2622 4015 in
2667 3951 2878 4015 medio

930 4031 1019 4095 tui
1054 4041 1370 4106 sanctum
1415 4031 1489 4096 Id
1531 4044 1671 4096 est:
1717 4030 1884 4097 Cum
1926 4036 2098 4098 inter
2131 4054 2257 4099 vos
2290 4056 2398 4100 me
2430 4033 2879 4120 patefecerim,

930 4135 1145 4180 meum
1208 4117 1482 4181 verbum
1547 4118 1739 4181 vobis
1782 4119 2160 4183 tradiderim
2177 4164 2197 4197 ‚
2238 4119 2397 4185 nolo
2440 4140 2567 4185 vos
2601 4140 2880 4203 prorsus
2914 4140 2915 4144 ¹

931 4198 1167 4276 deleri3
1209 4197 1549 4285 Reliquias
1590 4202 1758 4266 inter
1801 4223 1927 4267 vos
1970 4206 2283 4269 servabo.
2349 4204 2602 4270 Habac.
2639 4204 2702 4269 3.
2750 4209 2878 4283 [νε.

928 4286 1022 4365 2.]
1059 4283 1225 4350 Cum
1270 4287 1603 4363 irasceriS,
1649 4287 2140 4354 misericordiae
2182 4290 2578 4355 recordaris

1100 4370 1450 4435 Postremo
1529 4390 1793 4454 semper
1877 4374 1946 4436 in
2034 4388 2399 4459 conspectu
2485 4375 2572 4439 sit
2637 4377 2879 4440 dictum

929 4453 1174 4519 Ezech.
1209 4455 1315 4520 33.
1364 4462 1491 4532 [νε.
1520 4457 1646 4535 11.]
1694 4458 1871 4605 93οᾶ
1915 4459 2107 4523 etiam
2150 4460 2234 4525 de
2266 4461 2671 4546 mitigatione
2725 4480 2879 4544 poe·

930 4559 1166 4605 narum
1210 4542 1674 4606 concionatum
1788 4544 1895 4607 ivo
1933 4562 2084 4629 ego,
2127 4543 2286 4609 nolo
2328 4556 2602 4610 mortem
2642 4565 2879 4629 pecca-

929 4625 1115 4701 toris,
1181 4625 1303 4690 sed
1367 4635 1441 4689 ut
1506 4638 1930 4692 convertatur
1974 4640 2040 4692 et
2079 4630 2279 4694 vivat.
2366 4629 2705 4694 Pertinent
2745 4631 2879 4695 huc

932 4718 996 4769 ει
1059 4705 1339 4791 plurima
1394 4709 1694 4794 exempla
1759 4732 2011 4789 eorum,
2123 4734 2245 4778 uos
2310 4726 2503 4779 sanat
2548 4713 2875 4794 Christus,

931 4793 1169 4875 quibus
1214 4806 1601 4875 praesentes
1643 4815 1904 4880 poenae
1947 4816 2083 4861 rem
2107 4809 2377 4864 ttuntur.

1104 4875 1243 4939 Has
1280 4883 1644 4944 sententias
1688 4891 1756 4945 et
1797 4878 2047 4946 similes
2092 4884 2381 4968 quotidie
2422 4884 2619 4948 nobis
2642 4884 2709 4947 in
2732 4904 2880 4967 pre-

931 4961 1190 5024 catione
1223 4981 1696 5044 proponamus,
1764 4986 1913 5031 cum
1979 4966 2061 5031 de
2125 4965 2414 5050 publicis
2481 4979 2550 5032 et
2600 4970 2879 5052 privatis

929 5045 1166 5128 poenis
1212 5047 1631 5130 cogitandum
1675 5062 1781 5115 est
1825 5062 1890 5115 et
1932 5053 2216 5134 petenda
2253 5054 2595 5139 mitigatio.
2687 5052 2879 5138 Ipsae

928 5148 1054 5193 nos
1099 5147 1452 5195 aerumnae
1517 5132 1600 5196 de
1641 5133 1747 5198 his
1790 5137 2131 5202 sententiis
2177 5137 2591 5216 admoneant,
2634 5149 2704 5202 ει
2744 5157 2878 5202 me-

928 5216 1302 5280 minerimus
1335 5226 1705 5301 utrumque,
1742 5221 2054 5305 castigari
2091 5240 2213 5285 nos
2237 5224 2698 5305 praesentibus
2720 5241 2877 5306 poe-

927 5299 1055 5377 nis,
1101 5310 1166 5365 et
1207 5301 1488 5386 mitigari
1533 5320 1647 5367 eas
1692 5314 1923 5368 nostra
1963 5306 2364 5389 poenitentia
2408 5317 2471 5372 et
2514 5309 2873 5373 invocatio·

928 5569 1021 5634 95)
1057 5572 1109 5625 in
1143 5573 1413 5628 omnum
1445 5573 1591 5628 mitt.
1632 5577 1774 5625 1-4.
1810 5574 1860 5625 ε.
1897 5576 1944 5624 7.
1984 5575 2035 5625 9.
2080 5577 2155 5628 12.

2923 1840 2924 1843 ’
2970 1835 3282 1901 Monachi
3325 1836 3350 1900 1

2930 2504 2931 2507 =
2970 2463 3298 2528 ctionibus

2970 1774 3147 1830 num,
3214 1773 3349 1817 non
3409 1750 3544 1818 illis
3610 1753 3841 1818 ritibus
3909 1750 4454 1830 satisfactionum,
4522 1755 4612 1818 de
4691 1756 4938 1839 quibus

3441 1848 3704 1916 uuntur,
3741 1857 3909 1922 quos
3952 1838 4176 1903 dicunt
4221 1857 4374 1901 esse
4398 1858 4609 1922 opera
4635 1840 4936 1905 indebita

2970 1933 3038 1988 et
3075 1919 3304 1988 valere
3577 1941 3724 1989 cum
3767 1921 3933 1988 fiunt
3975 1924 4039 1986 in
4085 1934 4364 2007 peccato
4407 1920 4706 1988 mortali.
4793 1925 4930 1990 Sed

2968 2003 3177 2071 multa
3232 2017 3388 2071 sunt
3452 2004 3875 2072 deliramenta
3935 2009 4003 2071 in
4072 2009 4376 2091 opinione
4418 2007 4928 2087 Monachus-um,

2970 2112 3249 2175 quorum
3294 2089 3517 2177 aliqua
3556 2093 3723 2156 satis
3768 2102 3870 2157 est
3910 2089 4259 2158 refutasse.

3141 2207 3370 2275 Sexto.
3457 2208 3964 2276 Satisfactiones
4006 2209 4490 2275 Monachorum
4557 2213 4924 2276 obscurant

2967 2292 3218 2442 tls-{gem
3283 2303 3352 2357 et
3410 2291 3843 2380 Evangelium
3858 2340 3879 2373 ,

3946 2307 4011 2360 et
4077 2292 4480 2380 amplificant
4538 2297 4921 2381 dignitatem

3113 2378 3384 2442 itionum
3445 2376 3895 2445 humanarum.

3849 2466 3865 2483 ⁸
4002 2378 4290 2485 Fingunt
4332 2382 4504 2444 enim
4545 2381 4615 2445 in
4661 2379 4918 2485 satisfa-

3671 2459 3947 2550 amphus
4013 2464 4155 2529 fieri
4200 2485 4396 2547 quam
4450 2464 4711 2552 Legem
4780 2466 4920 2543 Det,

3362 2460 3650 2633 aheffqluiis
3715 2551 4027 2633 operibus
4089 2550 4254 2636 Legi
4315 2549 4442 2613 Dei
4509 2548 4917 2616 satisfactum

2969 2548 3303 2612 somniant
3379 2568 3415 2610 r

2930 2695 2931 2699 ,
2970 2652 3143 2696 εεεε.
3229 2632 3531 2698 Necesse
3596 2644 3701 2698 est
3753 2647 3969 2700 autem
4013 2636 4080 2700 in
4121 2632 4431 2701 Ecclesia
4473 2647 4713 2700 extare
4755 2636 4918 2700 hanc

2967 2718 3358 2795 doctrinam,
3350 2717 3601 2866 ΕΙ-ιίιῃιοιὶ
3663 2720 3730 2782 in
3747 2718 3921 2866 Lhac

3137 2884 3395 2950 Deinde
3416 2812 3779 2952 οἷξῐειῗιῖἓιιι
3797 2824 4250 2976 ἓξῒὶιςεὶίιὶηι,
4291 2890 4446 2973 quia
4466 2887 4558 2953 fin
4702 2902 4730 2954 t
4752 2911 4916 2955 mor·

2970 2981 3102 3034 tem
3113 2980 3446 3036 aeternam
3469 2982 3700 3035 nostra
3721 2976 4256 3056 compensatione
4271 2970 4563 3050 aboleri3
4613 2995 4724 3039 mo
4739 2976 4917 3041 indo·

3990 2722 4125 2784 vita
4176 2717 4416 2805 procul
4459 2721 4689 2784 absint
4733 2723 4918 2786 etiam

2928 3093 2929 3102 κ
2970 3056 3058 3119 cti
3100 3052 3297 3119 facile
3341 3052 3744 3122 transferunt
3785 3056 4268 3125 satisfactiones
4328 3060 4520 3123 etiam
4565 3060 4649 3124 ad
4694 3062 4918 3124 remis-

2968 3139 3221 3204 sionem
3266 3138 3519 3224 culpae.

3136 3256 3358 3325 Tertio
3424 3280 3528 3324 am
3574 3258 3825 3326 lificant
3881 3262 4266 3327 traditiones
4300 3261 4634 3339 humanas,
4677 3260 4909 3325 defini-

2966 3354 3085 3407 unt
3128 3344 3302 3406 enim
3345 3281 3841 3411 satisfactiones
3886 3365 4042 3412 esse
4066 3367 4270 3431 opera
4313 3367 4451 3411 non
4493 3346 4730 3424 debita,
4772 3345 4913 3411 hoc

2966 3438 3092 3505 εει,
3139 3430 3549 3495 ceremonias
3591 3429 3935 3509 humanaS,
3980 3444 4312 3496 certorum
4355 3433 4612 3496 dierum
4651 3431 4918 3508 ieiunia,

2966 3522 3298 3577 certorum
3365 3515 3662 3579 ciborum
3727 3517 4211 3595 abstinentiam,
4274 3528 4606 3581 certarum
4645 3535 4919 3601 precum

2963 3594 3339 3664 lectionem.
3425 3598 3724 3664 Necesse
3781 3613 3883 3665 est
3945 3613 4162 3666 autem
4226 3602 4292 3664 in
4335 3599 4649 3666 Ecclesia
4690 3615 4919 3667 extare

2964 3679 3138 3745 banc
3182 3702 3451 3747 vocem:
3498 3682 3775 3749 Frustra
3817 3684 4045 3750 colunt
4087 3707 4193 3750 me
4211 3687 4536 3750 mandatis
4558 3684 4918 3765 bominum,

2964 3766 3031 3829 id
3074 3776 3201 3844 est,
3245 3768 3748 3834 observationes
3789 3768 4116 3835 humanae
4159 3792 4291 3834 non
4336 3781 4493 3836 sunt
4515 3769 4747 3837 cultus
4768 3770 4918 3849 Dei,

2964 3871 3046 3915 ac
3110 3848 3313 3916 multo
3368 3854 3582 3916 minus
3646 3855 4115 3919 aestimationis
4160 3867 4400 3933 tantae,
4445 3866 4518 3921 ut
4563 3857 4702 3920 sint
4745 3877 4919 3922 com-

2962 3936 3264 4019 pensatio
3278 3939 3371 4012 ⁹⁶)
3415 3957 3537 4020 pro
3580 3949 3791 4002 morte
3828 3950 4114 4005 aeterna.

3133 4018 3236 4084 Ex
3277 4018 3383 4084 his
3425 4024 3727 4087 omnibus
3772 4035 4066 4088 constat:
4111 4025 4362 4089 etiamsi
4409 4037 4716 4090 vetustas
4756 4029 4919 4092 ritus

2961 4100 3222 4188 aliquos
3264 4103 3514 4186 habuit,
3557 4108 3794 4192 quibus
3812 4114 3904 4186 ⁹⁷)
3995 4107 4176 4174 olluti
4221 4130 4262 4174 a
4306 4112 4543 4175 ceteris
4582 4112 4921 4177 discerne·

2963 4190 3222 4268 bantur,
3280 4200 3502 4255 tamen
3564 4194 3904 4276 opiniones
3999 4194 4436 4260 Ionachorum
4501 4196 4588 4260 de
4634 4193 4922 4260 Satissa·

2965 4275 3293 4339 ctionibus
3339 4287 3402 4340 et
3428 4274 4086 4360 compensationibus
4133 4281 4624 4345 commenticias
4671 4292 4739 4346 et
4783 4282 4920 4345 ina·

2962 4376 3087 4423 nes
3130 4378 3306 4423 esse.
3392 4358 3661 4425 Falsum
3697 4375 3800 4427 est
3843 4366 4008 4428 enim
4054 4376 4330 4429 mortem
4372 4376 4712 4429 aeternam
4755 4368 4919 4430 abo-

2961 4440 3083 4507 leri
3127 4454 3361 4509 nostra
3401 4449 3972 4530 compensatione,
4035 4450 4157 4514 sed
4220 4452 4369 4534 piae
4411 4462 4669 4515 mentes
4711 4451 4916 4516 dedu-

2965 4528 3216 4593 cendae
3259 4542 3412 4594 sunt
3454 4531 3538 4595 ad
3562 4529 3894 4596 Christum
3983 4536 4450 4617 ropitiatorem,
4493 4545 4560 4600 et
4602 4533 4721 4602 lux
4763 4535 4914 4600 fidei

2963 4614 3305 4678 retinenda
3348 4626 3473 4693 est,
3516 4626 3588 4683 ut
3608 4617 3909 4683 meritum
3932 4554 4177 4684 {bristi
4198 4633 4626 4706 agnoscatur.
4729 4620 4919 4686 Haec

2962 4698 3159 4764 docet
3223 4701 3457 4785 gratiS,
3521 4720 3655 4764 non
3721 4714 3988 4787 propter
4031 4715 4263 4769 nostra
4305 4725 4543 4790 opera,
4588 4703 4733 4770 tolli
4783 4703 4918 4772 cul·

2959 4802 3116 4866 pam
3180 4796 3247 4848 ει
3288 4796 3565 4848 mortem
3608 4796 3963 4866 aeternam,
4030 4801 4096 4852 ει
4138 4801 4355 4853 tamen
4397 4791 4656 4855 interim
4699 4792 4920 4856 scien-

2962 4867 3115 4933 dum
3181 4878 3284 4933 εει
3324 4864 3696 4934 Ecclesiam
3763 4874 3944 4936 cruci
3996 4875 4355 4938 subiectam
4397 4894 4552 4939 esse
4591 4888 4663 4939 et
4706 4896 4790 4941 sa

2957 4953 3174 5035 puniri
3217 4962 3399 5016 certa
3442 4951 3688 5020 delicta
3732 4958 3929 5021 certis
3975 4959 4208 5042 poenis
4232 4957 4729 5045 temporalibus,

2960 5056 3125 5102 vero
3166 5038 3445 5122 mitigari
3486 5050 3629 5104 tota
3669 5042 4070 5125 poenitentia
4113 5056 4348 5109 nostra
4391 5055 4457 5110 et
4489 5044 4734 5110 debitis
4758 5066 4924 5131 ope-

2957 5121 3163 5185 ribus.
3252 5120 3473 5193 Quare
3537 5135 3610 5188 ut
3683 5128 4083 5210 poenitentia
4146 5142 4439 5209 crescat,
4502 5132 4924 5200 accendatur

2921 5215 2922 5222 ’
2959 5206 3246 5270 studium
3285 5207 3670 5289 proficiendi
3712 5210 3778 5273 in
3826 5211 4017 5277 bonis
4062 5215 4377 5298 operibus
4420 5215 4804 5282 vocationis
4851 5232 4924 5284 et

2956 5476 3050 5542 96)
3086 5479 3455 5544 compensatio]
3491 5480 3577 5533 Ed.
3621 5483 3663 5535 1.
3698 5487 4128 5553 compensatione,
4163 5488 4248 5541 Ed.
4284 5488 4336 5538 3.
4373 5490 4836 5551 comminationes

2958 5579 3053 5643 97)
3090 5580 3295 5647 quibus]
3336 5581 3485 5635 Edttt.
3530 5584 3573 5632 1.
3608 5582 3657 5633 3.
3696 5594 3801 5647 quo
