5859 6734
306 748 345 777 a.
441 712 501 779 357
883 709 906 771 l.
935 706 1038 773 LOCl
1060 706 1336 773 'l'llEOLOGlClt
1365 706 1402 773 C.
1425 708 1632 775 SECUNDA
1655 708 1810 775 EORUM
1831 710 1987 775 AETAS.
2369 716 2435 785 358

528 897 562 959 ln
592 896 644 960 ha
667 908 697 957 et
720 890 879 957 similibus
904 895 1095 956 testimoniis
1118 890 1207 956 clare
1229 893 1346 955 dicitur
1371 893 1412 956 de
1456 907 1488 958 et
1507 890 1653 957 delirium
1670 893 1950 971 Manichaeorum,
1971 906 2007 958 ut
2022 896 2102 960 nihil
2116 896 2266 974 afferant,
2289 903 2378 982 quod
2400 904 2432 963 in

442 991 600 1067 perpetuo
635 1000 739 1063 regno
766 977 907 1054 Christi,
941 979 1029 1059 quod
1065 987 1223 1058 perpetuo
1253 978 1295 1039 sit
1322 978 1412 1039 invo-
1455 980 1599 1060 speeiem
1628 976 1697 1041 ullo
1719 980 1818 1042 modo
1840 979 1883 1041 sit
1901 976 2084 1059 probabile.
2128 982 2243 1064 ltaque
2265 980 2363 1048 facile
2384 986 2431 1049 iu·

443 1067 584 1141 cantius,
613 1076 771 1145 perpetuo
794 1065 836 1125 sit
857 1062 1057 1125 adorandus.
1101 1060 1193 1143 Ergo
1215 1080 1280 1124 non
1304 1072 1414 1143 potest
1432 1130 1435 1139 ,
1456 1063 1558 1126 dicari
1585 1074 1618 1126 et
1644 1060 1760 1125 revelli
1769 1064 1816 1145 ²⁶)
1846 1076 1997 1145 possunt.
2041 1062 2109 1129 Sed
2130 1064 2256 1129 Paulus
2278 1068 2431 1133 Samosa-

441 1146 577 1233 intelligi
599 1146 681 1212 haec
700 1150 851 1211 odoratio
873 1147 914 1210 de
936 1157 1074 1209 externa
1095 1144 1334 1229 significatione
1356 1145 1412 1208 ho·
1455 1148 1559 1209 tensis
1581 1143 1792 1210 callidissime
1821 1156 1854 1211 et
1877 1145 2049 1212 vaferrime
2072 1152 2236 1213 contendit
2259 1154 2344 1230 λόγον
2364 1174 2431 1217 non

441 1234 548 1311 noris,
599 1253 661 1297 uae
689 1232 872 1315 praesenti,
901 1228 992 1295 velut
1013 1250 1100 1319 regi,
1130 1231 1252 1292 tenenti
1273 1248 1413 1313 regumn
1432 1270 1436 1337 1
1456 1249 1532 1295 esse
1556 1249 1741 1311 personam.
1785 1230 1852 1295 Sed
1874 1234 1960 1295 sicut
1983 1234 2016 1294 in
2041 1231 2172 1297 homine
2193 1236 2348 1320 cogitatio
2370 1237 2429 1301 ho·

443 1337 562 1401 corpor
598 1315 689 1382 evei
711 1313 806 1379 civile
824 1315 1005 1379 exhibetur.
1036 1315 1104 1377 Sed
1126 1311 1319 1377 referendae
1337 1324 1414 1376 sunt
1455 1316 1624 1378 rninisaut
1645 1333 1839 1378 sermonen
1861 1328 2085 1400 estparsona,
2106 1320 2166 1381 sed
2187 1322 2348 1401 quaedam
2368 1322 2429 1384 ho·

443 1403 504 1467 hae
525 1403 707 1467 sententiae
733 1404 775 1465 ad
797 1400 948 1482 Regnmn
970 1397 1090 1461 (inisti
1109 1397 1277 1482 regnmrtis
1300 1398 1332 1460 in
1354 1418 1413 1481 po·
1455 1400 1549 1461 minis
1578 1395 1718 1480 qualitas
1747 1412 1803 1463 aut
1832 1413 1940 1463 motus
1969 1402 2151 1466 transiens:
2185 1406 2231 1467 ita
2261 1406 2429 1470 contendit

442 1488 543 1551 tentia
563 1486 638 1551 Dei.
682 1487 775 1551 Sicut
799 1481 922 1547 Psalm.
948 1484 1018 1545 110.
1050 1490 1112 1560 [vs.
1137 1486 1177 1559 1.]
1207 1482 1296 1545 dicit:
1326 1482 1414 1547 Sede
1455 1484 1490 1545 in
1510 1481 1585 1545 Deo
1608 1484 1694 1561 λόγοι·
1714 1503 1782 1546 non
1804 1504 1880 1547 esse
1901 1505 2089 1567 personam,
2111 1488 2170 1551 sed
2193 1499 2319 1553 tantum
2339 1490 2428 1575 cogi·

442 1574 609 1637 adextris
631 1573 724 1636 meis.
767 1568 811 1633 Et
831 1570 886 1653 qui
911 1580 1050 1631 testatur
1072 1566 1238 1631 Christum
1260 1568 1414 1631 invocan-
1433 1580 1437 1705 p
1455 1568 1612 1631 tationem
1630 1566 1749 1644 Patris,
1772 1587 1856 1651 quae
1878 1571 1921 1631 sit
1943 1570 2014 1650 ipse
2036 1569 2145 1633 Pater.
2179 1570 2272 1635 Sicut
2294 1574 2429 1639 dicimus

443 1660 635 1734 decresse,
664 1652 837 1719 manifeste
860 1654 970 1716 tribuit
993 1664 1024 1715 et
1054 1652 1230 1735 potentiam
1261 1652 1413 1715 divinam.
1455 1662 1596 1716 mentem
1629 1663 1685 1713 aut
1715 1653 1891 1716 bonitatem
1915 1654 2023 1715 Patris
2050 1674 2127 1719 esse
2152 1656 2259 1738 ipsum
2286 1656 2428 1722 Patrem.

443 1742 552 1813 Quare
579 1740 632 1803 his
658 1741 838 1802 rationibus
861 1747 1081 1801 sustentemus
1104 1756 1183 1813 rios,
1212 1756 1296 1820 quae
1318 1733 1413 1801 simul
1456 1738 1525 1799 Aut
1552 1736 1581 1797 si
1617 1752 1727 1798 sermo
1759 1734 1885 1801 vocalis
1917 1734 2134 1821 intelligatur,
2170 1741 2347 1823 disputavit
2371 1745 2428 1805 ab·

444 1836 474 1888 et
496 1826 633 1902 docent,
666 1822 773 1907 qualis
803 1821 909 1885 honos
928 1820 1059 1885 Christo
1083 1832 1264 1903 competat,
1297 1832 1330 1885 et
1351 1842 1413 1883 nos
1456 1822 1558 1885 surde
1589 1840 1650 1901 pro
1683 1840 1766 1883 voce
1797 1842 1838 1883 ac
1871 1833 1961 1886 motu
1994 1823 2097 1898 aeris,
2136 1836 2192 1887 aut
2226 1827 2428 1908 cogitatione

444 1908 677 1986 consolantur,
710 1918 743 1970 et
773 1918 956 1969 monstrant
990 1905 1147 1970 beneficia
1180 1904 1312 1969 Christi.
1365 1905 1414 1967 ln-
1457 1904 1532 1969 aliis
1559 1902 1725 1981 revelata,
1757 1903 1859 1969 intelli
1886 1909 1895 1969 i
1927 1907 2143 1971 substantiam
2172 1927 2213 1971 ac
2240 1928 2427 1990 personam.

444 1994 572 2058 voratio
600 1995 712 2057 tribuit
738 1989 872 2055 Christo
899 1992 1176 2073 omnipotentiam.
1226 1988 1302 2054 ldeo
1330 1988 1414 2053 haec
1455 1989 1580 2053 Postea
1596 1988 1772 2053 iohannem
1800 1990 1843 2053 ad
1861 1927 1958 2053 lano
1979 1991 2280 2071 interpretationem
2300 2012 2429 2057 accom-

444 2080 526 2142 ratio
554 2078 694 2142 tenenda
718 2088 771 2141 est
796 2078 828 2139 in
857 2088 1054 2159 conspectu,
1088 2088 1119 2137 et
1146 2084 1335 2137 constanter
1358 2094 1414 2155 op-
1457 2075 1578 2137 modat.
1621 2072 1710 2137 Dicit
1733 2075 1822 2137 initio
1844 2070 1948 2137 fuisse
1972 2077 2125 2153 verbum,
2153 2074 2220 2138 hoc
2241 2087 2312 2155 est,
2340 2078 2429 2161 cogi·

444 2164 597 2245 ponenda
618 2160 800 2237 calumniis,
820 2182 906 2243 quae
927 2158 1099 2225 detrahunt
1120 2157 1253 2223 Christo
1273 2159 1414 2222 divinam
1457 2160 1614 2221 tationem
1647 2176 1708 2221 seu
1735 2160 1940 2243 propositum
1968 2158 2033 2221 Dei
2061 2162 2306 2239 constituentis,
2339 2162 2429 2245 quod

445 2260 603 2311 naturam.
1457 2241 1537 2307 velit
1569 2262 1607 2305 se
1637 2240 1826 2325 patefacere
1853 2263 1913 2326 per
1941 2244 2161 2307 conditionem
2189 2256 2429 2321 creaturarum

528 2330 624 2393 Nunc
651 2332 695 2395 ad
716 2327 880 2393 iohannis.
893 2328 1089 2393 sententiam
1113 2328 1321 2391 accedamus.
1365 2326 1415 2389 lo·
1457 2329 1533 2392 item
1556 2328 1644 2410 quod
1673 2324 1752 2391 velit
1778 2348 1816 2391 se
1838 2324 1989 2391 revelare
2014 2328 2048 2389 in
2070 2324 2221 2406 Christo,
2254 2340 2291 2391 ut
2321 2330 2355 2392 in
2387 2348 2429 2392 eo

444 2414 571 2477 hannes
600 2424 741 2477 testatur
761 2414 899 2494 primurn
928 2413 1013 2492 λόγον
1039 2422 1209 2475 aeternum
1230 2430 1318 2487 esse,
1341 2430 1414 2475 cum
1456 2416 1653 2489 innoteseat,
1675 2424 1706 2474 et
1728 2432 1788 2495 per
1809 2432 1883 2476 emo
1904 2410 2010 2477 salvet
2031 2408 2190 2475 homines.
2222 2413 2317 2479 Hanc
2339 2434 2380 2477 co
2404 2413 2428 2459 ‘-

445 2499 489 2562 ait
508 2496 553 2573 [1,
567 2496 624 2573 ht]
641 2497 677 2559 ln
694 2498 854 2580 principio
874 2506 945 2557 erat
960 2498 1099 2560 verbum
1131 2497 1270 2561 sienim
1284 2492 1413 2567 aava)
1456 2498 1611 2559 tationem
1639 2497 1719 2561 dicit
1749 2493 1853 2560 fuisse
1885 2498 1994 2579 ipsum
2024 2493 2142 2560 Deum.
2195 2495 2238 2560 Et
2270 2497 2334 2561 hac
2418 2496 2427 2513 '

444 2582 534 2645 initio
567 2582 654 2660 λόγος
675 2592 753 2645 ante
776 2580 995 2642 conditionem
1016 2580 1157 2643 omnium
1180 2590 1415 2655 creaturarum,
1458 2580 1669 2664 cogitatione,
1689 2579 1755 2643 hoc
1771 2582 1942 2666 proposito
1959 2580 2037 2643 dicit
2057 2583 2165 2644 omnia
2188 2582 2319 2645 condita
2341 2600 2427 2645 esse.

445 2684 524 2751 ergo
553 2666 640 2744 λόγος
667 2684 735 2728 non
765 2675 817 2729 est
846 2674 1016 2739 creatura,
1048 2665 1109 2727 sed
1137 2675 1188 2727 est
1216 2675 1414 2728 coaeternus
1457 2663 1550 2729 Sicut
1577 2666 1612 2729 in
1640 2664 1763 2729 Genesi
1790 2665 1834 2743 ti,
1850 2664 1897 2742 3.]
1925 2666 2083 2747 scriptum
2111 2676 2178 2727 est:
2210 2664 2302 2729 Dixit
2323 2664 2428 2741 Deus,

444 2749 544 2813 Patri.
577 2749 729 2813 Addidit:
751 2750 794 2813 Et
817 2748 902 2827 λόγος
926 2760 997 2811 erat
1018 2748 1105 2831 apud
1125 2746 1243 2813 Dema.
1272 2747 1327 2811 hic
1349 2748 1415 2809 dis·
1456 2747 1514 2812 liat
1534 2746 1592 2811 lux
1613 2762 1676 2813 etc.
1720 2748 1799 2814 item
1844 2760 1938 2813 ostea
1963 2767 2047 2812 voce
2068 2750 2177 2812 canda
2197 2746 2290 2813 Deus
2356 2750 2429 2825 ssit,

445 2836 546 2897 cernit
581 2852 742 2915 personas
776 2832 908 2896 Patrem
937 2831 1046 2895 Deum
1071 2845 1104 2895 et
1137 2834 1239 2911 λόγον,
1274 2852 1347 2895 eum
1370 2832 1415 2895 ait
1455 2830 1596 2916 loquens
1620 2833 1663 2897 ad
1683 2846 1797 2916 patres
1851 2834 1944 2911 dam,
1964 2833 2053 2911 Noe,
2075 2832 2261 2910 Abraham,
2283 2854 2304 2897 a
2347 2832 2429 2895 Pro·

445 2920 530 2997 λόγον
549 2914 694 2981 nissen
739 2916 905 2988 dDeum;
931 2917 991 2979 sed
1011 2916 1078 2980 hoc
1101 2916 1278 2980 discrimen
1297 2930 1416 2999 postea
1455 2918 1574 3000 phetas
1597 2919 1699 2982 edens
1721 2918 1862 2983 subinde
1906 2920 2140 2995 remissiones,
2169 2918 2275 2981 donec
2296 2919 2428 2981 tandem

445 2998 565 3065 clarius
594 3012 689 3065 osten
713 3020 813 3066 emus.
856 2999 985 3064 Deinde
1014 3002 1121 3065 addit:
1152 3000 1196 3065 Et
1223 2999 1316 3065 Deus
1344 3011 1415 3065 erat
1457 3001 1617 3066 revelavit
1637 3022 1676 3065 se
1698 3000 1793 3067 Deus
1813 3006 1847 3067 in
1898 3000 2014 3066 hristo.
2053 3001 2102 3066 lbi
2121 3004 2258 3065 verbum
2280 3000 2317 3064 iit
2338 3020 2429 3077 earo,

445 3086 590 3150 verbum.
635 3084 697 3148 llic
723 3081 896 3149 manifeste
924 3096 1063 3149 testatur
1090 3086 1177 3164 λόγον
1199 3102 1275 3148 esse
1295 3083 1414 3149 Deum.
1456 3087 1490 3150 id
1517 3098 1586 3164 est,
1620 3090 1825 3171 propositum
1852 3086 1932 3151 illud
1957 3087 1999 3149 de
2026 3105 2064 3150 se
2096 3084 2275 3150 revelando
2306 3088 2341 3149 in
2372 3081 2430 3149 illo

443 3167 485 3233 lit
506 3167 663 3233 articulus
681 3188 824 3252 graecus
842 3170 951 3246 docet,
972 3171 1137 3252 quomodo
1153 3167 1236 3232 haec
1253 3165 1415 3251 particula
1457 3168 1609 3247 Christo,
1638 3190 1699 3235 seu
1724 3174 1900 3255 promissio
1929 3173 1971 3235 de
1997 3168 2131 3233 Christo
2159 3172 2222 3232 iam
2250 3168 2430 3251 perficitur,

446 3255 591 3317 construi
619 3253 748 3317 debeat.
792 3253 876 3317 Nam
905 3254 990 3331 λόγος
1015 3254 1092 3335 poni
1119 3253 1217 3317 debet
1238 3250 1315 3315 loco
1337 3254 1415 3315 sub·
1456 3252 1493 3316 fit
1520 3274 1618 3331 caro,
1646 3256 1680 3317 in
1707 3274 1773 3337 qua
1798 3275 1837 3318 se
1862 3256 1957 3320 Deus
1984 3251 2089 3318 voluit
2111 3251 2273 3317 revelare.
2316 3251 2360 3316 Et
2385 3252 2432 3315 ait

446 3338 536 3415 iectl,
556 3336 651 3401 Deus
672 3335 747 3401 loco
771 3337 967 3420 praedicati,
995 3349 1031 3401 ut
1054 3336 1132 3421 λόγῳ
1154 3336 1314 3401 tribuatur
1336 3334 1415 3399 deli-
1456 3337 1635 3401 iohannem
1655 3339 1701 3401 ita
1722 3340 1840 3415 ordiri,
1865 3351 1903 3405 ut
1929 3338 2098 3417 ostendat,
2124 3335 2343 3422 Evangelium
2363 3355 2431 3400 non

445 3423 522 3485 nitio
552 3421 744 3484 describens
767 3421 921 3502 quidnam
948 3421 1008 3495 sit,
1034 3418 1101 3481 hoc
1122 3419 1239 3482 modo:
1260 3419 1304 3481 Et
1331 3418 1416 3497 λόγος
1457 3440 1535 3485 esse
1560 3420 1738 3486 humanum
1758 3425 1941 3501 inventum,
1974 3424 2036 3487 scd
2055 3434 2250 3506 perpetuum
2270 3422 2336 3487 Dei
2355 3440 2432 3504 pro·

446 3515 516 3569 erat
536 3504 639 3569 Deus.
682 3504 767 3566 Nam
785 3499 942 3565 articarius
962 3503 1004 3564 ad
1026 3502 1210 3566 subiectmn
1250 3501 1379 3566 ertinet.
1456 3508 1600 3586 positum
1620 3501 1743 3585 fuisse,
1765 3504 1853 3573 hune
1874 3505 1992 3586 lilium,
2013 3508 2048 3571 in
2091 3528 2135 3573 uo
2152 3510 2377 3570 innotesceret
2398 3515 2433 3567 et

528 3589 603 3651 lloc
624 3588 841 3649 testimonium
871 3584 1086 3648 clarissimum
1114 3596 1174 3649 est.
1218 3524 1303 3647 Sam
1332 3586 1417 3648 haec
1456 3608 1635 3673 perquem
1656 3588 1801 3656 salvaret
1820 3591 1983 3670 homines,
2005 3592 2082 3657 exhi
2106 3611 2163 3656 ere
2184 3592 2323 3665 mundo;
2343 3589 2435 3653 ideo·

445 3683 515 3735 tota
536 3671 682 3734 narratio
703 3668 856 3732 lobannis
879 3670 1009 3753 proprie
1035 3667 1163 3733 adhoc
1184 3670 1331 3733 instituta
1353 3680 1415 3745 est,
1479 3694 1523 3738 ue
1540 3675 1776 3756 promissiones
1794 3674 1901 3740 factas
1919 3696 2008 3755 esse,
2027 3689 2061 3741 ct.
2078 3696 2195 3740 omnes
2212 3672 2434 3741 revelationes

443 3768 481 3819 ut
502 3755 564 3817 Dei
585 3764 735 3817 namram
757 3754 934 3815 describat.
979 3752 1089 3824 Quare
1107 3753 1170 3815 etsi
1191 3754 1224 3817 in
1247 3752 1320 3817 aliis
1341 3774 1416 3817 aar·
1458 3694 1565 3822 factes
1576 3776 1665 3836 esse,
1675 3771 1831 3825 utessent
1841 3762 2029 3826 testimonia
2040 3761 2082 3825 de
2092 3762 2157 3827 isto
2169 3758 2430 3835 fumochn'sto.

445 3838 641 3914 rationibus,
671 3858 756 3920 quae
777 3856 844 3899 uon
866 3838 908 3899 de
929 3848 1045 3900 natura
1065 3836 1259 3921 loqutmtur,
1289 3838 1350 3901 sed
1373 3837 1416 3901 de
1543 3842 1634 3906 llaec
1663 3856 1714 3907 est
1736 3844 1944 3909 Samosateni
1970 3848 2213 3930 interpretatio,
2246 3872 2331 3935 quae
2353 3858 2430 3941 qnia

443 3921 595 3985 humanis
617 3916 734 3984 officiis
753 3922 905 3984 divinitus
928 3920 1104 3998 ordinatis,
1132 3922 1293 3987 interdum
1315 3936 1416 3986 meta·
1457 3922 1573 3990 alludit
1594 3927 1636 3990 ad
1658 3926 1835 3993 humanmn
1852 3927 2049 4015 exemplum,
2072 3933 2177 4017 impiis
2195 3950 2331 4019 propter
2353 3960 2432 4003 con·

444 4004 551 4088 phora
572 4016 623 4068 est
647 4006 680 4067 in
705 4006 836 4067 nomine
856 4002 939 4080 Dei,
968 4016 1018 4066 ut:
1046 4004 1121 4089 Ego
1150 4006 1216 4069 dixi
1237 4006 1293 4071 Dii
1317 4010 1415 4080 estis3
1458 4010 1645 4075 cinnitatem
1681 4009 1855 4079 blanditur.
1910 4014 1984 4079 lloc
2022 4014 2078 4081 dili
2122 4019 2210 4082 ntias
2245 4019 2431 4109 colligenda

446 4090 608 4153 tamenin
629 4089 693 4151 hae
714 4090 903 4152 narratione
925 4086 1079 4153 iohannis
1101 4109 1241 4154 necesse
1268 4102 1320 4155 est
1338 4113 1415 4174 pro·
1457 4107 1534 4160 sunt
1557 4096 1652 4159 lirina
1673 4098 1871 4177 testimonia,
1893 4110 1927 4164 et
1968 4102 2001 4164 io
2019 4112 2072 4166 stu
2096 4102 2129 4166 io
2146 4105 2340 4172 muniendae
2353 4120 2431 4173 sunt

485 4174 492 4191 '
544 4174 606 4236 ime
617 4174 723 4257 accipi
733 4171 931 4237 vocabulum
947 4173 1021 4235 Dei.
1050 4174 1164 4257 ltaque
1175 4177 1414 4239 meminerimus
1456 4192 1582 4243 mentes
1611 4192 1728 4245 contra
1753 4181 1840 4247 hanc
1867 4204 1907 4247 (a
1931 4186 1939 4201 '
1967 4186 2117 4251 ationem.

469 4275 510 4320 oc
531 4258 760 4335 testimonium,
781 4258 870 4339 quod
893 4258 1016 4322 diserte
1037 4260 1243 4340 pronuntiat,
1266 4280 1351 4343 quae
1373 4260 1417 4322 sit

446 4352 562 4405 natura
582 4342 690 4418 verbi,
719 4338 862 4418 scilicet,
890 4343 978 4424 quod
1002 4342 1086 4420 λόγος
1108 4344 1150 4405 sit
1173 4356 1289 4407 natura
1310 4342 1413 4407 Deus.

445 4424 487 4489 Et
503 4422 557 4489 vel
574 4422 656 4488 haec
673 4446 739 4489 una
755 4428 917 4490 sententia
928 4424 1109 4490 clarissime
1126 4425 1247 4491 refutat
1259 4429 1413 4505 Arianos,

446 4510 591 4592 quicum
609 4511 828 4573 concederent
836 4512 884 4591 αὖ)
907 4510 991 4589 λόγον
1008 4530 1084 4575 esse
1100 4531 1287 4594 personam,
1305 4524 1413 4575 tamen

445 4595 620 4677 negabant,
642 4606 759 4657 natura
780 4593 887 4657 Deum
909 4614 994 4659 esse.
1031 4596 1076 4658 At
1098 4608 1271 4679 postquam
1294 4616 1413 4660 conce-
1544 4596 2428 4697 Recitemusigiturtestimoniaquaeostenduntidyov

445 4678 503 4739 das
526 4678 610 4756 λόγον
632 4698 809 4760 personam
830 4697 924 4752 esse,
953 4678 1035 4743 haec
1057 4682 1236 4758 sententia,
1263 4680 1304 4743 Et
1328 4681 1413 4760 λόγος
1454 4703 1629 4765 personam
1642 4706 1730 4763 esse,
1749 4700 1781 4750 et
1796 4710 1876 4752 vere
1895 4691 2084 4773 significare
2100 4692 2166 4757 tale
2178 4697 2341 4777 quoddam
2353 4724 2425 4767 ver.

445 4773 513 4824 erat
531 4761 635 4837 Deus,
653 4773 770 4844 postea
786 4759 881 4824 fateri
904 4764 1003 4847 cogit,
1025 4765 1112 4848 quod
1132 4765 1216 4844 λόγος
1234 4766 1275 4827 sit
1294 4776 1411 4827 natura
1455 4770 1542 4843 bum,
1559 4770 1592 4830 iu
1610 4769 1749 4852 quoDei
1767 4772 1888 4858 imago,
1906 4793 2060 4855 persona,
2078 4796 2138 4841 seu
2154 4777 2344 4865 hypostasis
2358 4801 2408 4849 est

443 4843 546 4908 Deus.
574 4843 657 4909 illud
679 4847 776 4929 igitur
796 4846 973 4931 praecipue
991 4850 1087 4910 nobis
1105 4847 1331 4913 illustrandum
1351 4860 1411 4923 est,
1455 4872 1540 4935 quae
1568 4871 1709 4935 persona
1735 4854 1880 4939 loquitur
1906 4878 1979 4921 enm
2001 4858 2155 4925 Patribus
2185 4876 2217 4927 et
2237 4834 2425 4953 Prophetisl

445 4931 531 5009 quod
560 4931 644 5008 λόγος
671 4933 713 4993 sit.
743 4950 894 5013 persona.
938 4932 1021 4993 Nam
1044 4932 1127 4997 haec
1153 4946 1203 4997 est
1226 4930 1411 5017 principalis
1454 4935 1596 5001 Facilius
1613 4951 1664 5001 est
1680 4938 1823 5003 refutare
1838 4942 1991 5006 Arianos.
2024 4946 2108 5011 Nam
2126 4950 2154 5011 si
2173 4951 2246 5031 quis
2264 4958 2422 5019 concedat

1741 4386 1917 4440 tassiacum
1935 4400 2001 4451 quae
2018 4393 2147 4444 testantur

1669 4469 1696 4521 io
1714 4470 1813 4522 christo
1830 4484 1889 4524 esse
1908 4474 2017 4525 divinam
2036 4476 2210 4539 munna)

446 5016 671 5079 controversia
694 5019 724 5077 in
747 5014 810 5077 hac
833 5034 943 5077 causa
1455 5023 1540 5100 λόγον
1551 5043 1628 5086 esse
1659 5046 1846 5107 personam,
1870 5029 1902 5089 id
1921 5027 2210 5103 «nonanoeane
2228 5034 2352 5117 Ariani,
2374 5040 2423 5103 10.

528 5094 651 5161 Mulrae
667 5110 744 5162 sunt
763 5110 898 5161 exortae
912 5098 1071 5162 haereses
1087 5115 1201 5165 contra
1213 5101 1410 5165 Trinitatem.
1452 5104 1580 5171 hannes
1604 5124 1721 5191 postea
1740 5108 1828 5175 clare
1846 5125 1984 5177 testatur
2007 5114 2091 5193 λόγον
2109 5138 2184 5178 esse
2200 5115 2317 5185 Deum.
2356 5124 2422 5187 Sed

445 5180 510 5243 Sed
529 5182 689 5263 quaedam
707 5185 791 5247 adeo
809 5196 1013 5247 irrorrstrosac
1031 5196 1117 5261 sunt,
1135 5199 1170 5248 ut
1183 5186 1412 5249 Valentiniana
1453 5192 1593 5275 utrique,
1612 5206 1679 5257 tum
1690 5194 1803 5259 Ariani
1820 5209 1888 5261 tum
1899 5199 2116 5275 Samosatam,
2135 5202 2179 5263 ita
2196 5202 2330 5271 refutari
2347 5227 2419 5287 pcs-

445 5336 644 5348 *—
1457 5349 1658 5361 ———

444 5435 506 5495 24.)
525 5434 584 5495 tuit]
602 5436 662 5497 (λοι).
682 5438 762 5486 mate:
781 5449 829 5487 non
849 5437 903 5489 tuit.
1454 5446 1501 5507 ²6)
1525 5446 1626 5511 revelli}
1647 5450 1725 5510 opp:
1744 5450 1834 5503 reieiit.

443 5538 489 5591 λοι
515 5534 694 5597 concederent]
713 5538 754 5587 Fri.
778 5540 814 5588 ii.
833 5543 859 5588 et
877 5540 936 5600 opp.
954 5550 1040 5589 errore
1060 5544 1170 5600 typam:
1189 5542 1332 5593 conderent
1455 5546 1502 5607 at)
1528 5548 1597 5597 iianr
1612 5548 1800 5611 inscriptionem
1820 5554 1915 5605 addunt
1935 5554 1976 5603 ild.
1999 5558 2035 5605 tt.
2055 5560 2081 5607 et
2098 5558 2157 5616 opp,

2223 5654 2271 5709 2⁸·
