5859 6734
517 680 583 744 515
1130 690 1242 756 Pllll..
1263 693 1367 758 MEL.
1389 695 1577 762 SCRIPTA
1597 699 1874 767 DOGMATlCA.
2448 709 2514 774 516

519 877 554 930 ει
574 868 731 932 exercitia
752 887 812 931 scu
835 868 1016 953 disciplina.
1046 873 1130 938 Nam
1152 895 1231 939 vera
1252 890 1285 941 et
1304 898 1373 941 non
1394 882 1492 944 simu·
1535 902 1608 945 mnr
1629 896 1661 946 ει
1683 886 1864 950 excitemus
1885 888 2084 954 inventutem
2097 910 2164 954 non
2185 893 2294 959 solnm
2311 899 2432 976 verbis,
2449 904 2509 964 sed

518 947 588 1015 lata
597 954 643 1033 ⁷⁷)
672 952 878 1017 mortificatio
907 957 944 1018 iit
970 977 1031 1039 per
1052 979 1183 1023 crucem
1211 972 1244 1024 et
1265 961 1491 1042 alllictionem,
1535 967 1631 1030 ctiam
1654 967 1811 1051 exemplis
1832 971 1966 1036 nostris.

517 1031 692 1098 ntPaulns
710 1038 743 1099 in
767 1038 868 1115 uitii.
888 1039 1104 1121 Gor.‹i,10.]:
1124 1042 1490 1112 Circumscrimusmor-
1619 1050 1730 1136 Atque
1759 1052 1842 1118 haec
1868 1057 2025 1120 exercitia
2048 1058 2212 1121 destinata
2238 1061 2390 1127 adhunc
2413 1064 2509 1131 finem

517 1115 728 1184 tilioationem
778 1120 871 1186 luisti
892 1126 925 1187 in
948 1146 1088 1209 corpore
1106 1140 1231 1193 nostro.
1265 1130 1344 1194 ltem
1355 1131 1490 1197 Rom.8.
1534 1136 1768 1216 immediatum,
1788 1148 1825 1201 ut
1848 1137 2047 1203 coherceant
2071 1161 2205 1225 eorpus,
2227 1146 2291 1209 iam
2315 1161 2391 1212 sunt
2408 1171 2509 1233 opera

520 1207 585 1280 [vs.
598 1201 663 1282 to]
677 1203 806 1289 Corpus
828 1209 1044 1273 mortificatur
1063 1223 1199 1294 propter
1214 1227 1396 1296 peccatum.
1425 1217 1490 1280 Ubi
1533 1239 1554 1280 a
1575 1217 1649 1282 Deo
1672 1223 1841 1296 mandatn3
1871 1238 2046 1302 incarnatam
2065 1232 2300 1314 nanterum-⁷⁹)
2344 1231 2387 1294 Et
2410 1235 2509 1299 debet

516 1289 650 1430 proprie
672 1289 714 1352 de
735 1292 824 1354 veris
846 1296 1040 1370 terroribus,
1054 1299 1097 1370 ⁷³)
1121 1318 1222 1361 cruce
1245 1311 1277 1362 et
1298 1302 1372 1382 ipsa
1386 1313 1490 1365 morte
1533 1301 1617 1365 haec
1642 1303 1819 1388 'disciplina
1846 1323 2006 1391 perpetua
2034 1331 2127 1387 esse,
2177 1332 2256 1376 nare
2276 1333 2343 1378 non
2364 1321 2509 1400 pertinet

530 1371 675 1454 oquitur,
692 1392 760 1436 non
781 1375 823 1438 de
844 1374 1036 1441 voluntariis
1059 1382 1234 1446 exercitiis
1277 1385 1388 1469 Atque
1405 1385 1489 1450 haec
1532 1390 1666 1470 proprie
1686 1389 1729 1452 ad
1750 1392 1941 1456 traditiones
1962 1394 2132 1458 humanas.
2205 1408 2273 1460 tut
2294 1402 2432 1464 maxime
2447 1402 2507 1465 ali-

518 1455 704 1521 obedientia
731 1457 876 1524 tolerare
897 1459 1113 1543 afflictiones,
1139 1472 1329 1534 necessaria
1356 1481 1424 1546 est,
1457 1482 1489 1533 et
1533 1492 1619 1557 quae
1639 1475 1833 1538 traditiones
1855 1479 1899 1540 ad
1921 1499 1992 1542 eam
2020 1481 2149 1561 prosint
2177 1493 2209 1545 ει
2235 1483 2430 1547 admoneant
2457 1487 2504 1550 iu-

517 1547 569 1600 εει
590 1538 700 1604 cultus
746 1544 918 1627 raecipuus
948 1558 1148 1614 sanctorum.
1194 1551 1287 1615 Sicut
1309 1554 1420 1618 David
1440 1556 1488 1617 in·
1533 1568 1710 1635 ventutem,
1733 1570 1840 1622 tamen
1864 1563 1936 1644 ipsa
1966 1566 2155 1627 observatio
2178 1568 2221 1628 sit
2248 1568 2318 1629 sine
2344 1573 2504 1650 supersti-

514 1621 587 1705 quit
609 1621 681 1702 [Ps.
735 1626 847 1706 ‚19.]:
871 1627 1075 1697 Sacrificium
1097 1634 1190 1713 Deo,
1212 1638 1346 1721 spiritus
1369 1641 1489 1703 contri·
1532 1644 1636 1715 tione3
1658 1663 1725 1705 non
1747 1643 1886 1708 addatur
1908 1647 2018 1728 opinio
2039 1650 2182 1712 iustitiae
2203 1661 2259 1714 aut
2281 1654 2502 1717 necessitatis:

513 1701 658 1772 balatus.
703 1709 783 1774 ltem
797 1711 1047 1795 [anaema
1069 1718 1209 1802 Oportet
1224 1741 1286 1785 nos
1300 1721 1489 1787 conformes
1532 1725 1575 1788 Et
1597 1728 1780 1812 cogitemus
1802 1727 1886 1793 haec
1907 1734 2062 1796 exercitia
2083 1735 2295 1816 suscipienda
2316 1755 2408 1812 esse,
2437 1759 2503 1802 non

513 1791 759 1886 fierilmaginis
781 1795 839 1860 filii
857 1796 931 1862 Dei.
964 1801 1163 1880 ltemlRom.
1176 1804 1228 1884 12,
1241 1806 1303 1886 1.]:
1325 1807 1489 1873 Exhibete
1531 1822 1667 1893 propter
1687 1809 1775 1876 illam
1796 1815 2003 1879 traditionem
2025 1829 2080 1880 aut
2103 1829 2231 1901 tempus
2248 1816 2341 1896 illud,
2363 1822 2423 1883 sed
2436 1833 2506 1886 tan·

513 1915 655 1984 corpora
674 1895 790 1958 vestra
811 1880 953 1948 hostiam
974 1887 1093 1951 vivam.
1533 1907 1599 1958 tum
1626 1897 1793 1966 admoneri
1821 1919 1885 1960 nos
1913 1899 1977 1963 hac
2005 1903 2196 1978 traditione,
2224 1914 2260 1965 nt
2281 1916 2442 1985 perpetua
2464 1911 2506 1971 sit

598 1979 666 2046 sed
703 1987 837 2063 praeter
866 1968 957 2038 hanc
994 1955 1275 2039 mortificationem
1313 1987 1364 2039 est
1400 1973 1489 2040 nlind
1533 1978 1718 2065 diligentia3
1748 2002 1834 2045 nuno
1864 1996 1972 2047 autem
1998 1986 2137 2070 exempli
2160 2005 2282 2051 caussa
2310 1986 2372 2049 hos
2397 2011 2505 2054 mores

536 2065 680 2134 noddam
701 2060 921 2128 voluntarium
944 2058 1090 2121 exercitii
1112 2077 1218 2142 genus
1247 2063 1489 2135 necessarium
1534 2085 1609 2127 oum
1629 2063 1702 2128 aliis
1724 2068 1908 2130 servandos
1931 2087 2019 2146 esse,
2047 2083 2083 2134 ut
2106 2072 2169 2134 diei
2191 2066 2267 2134 sesti
2290 2076 2504 2140 ceremonias.

514 2089 556 2214 de
583 2169 650 2234 qno
677 2145 830 2211 Christus
859 2146 937 2209 dicit
968 2139 1134 2219 [Luc.21,
1151 2143 1237 2222 341:
1270 2143 1413 2222 Cavete,
1446 2166 1489 2209 ne
1532 2148 1575 2212 Et
1601 2162 1710 2212 tamen
1737 2149 1790 2214 hic
1825 2172 1956 2236 quoque
1988 2156 2119 2219 modum
2142 2175 2243 2218 nosse
2273 2159 2441 2236 convenit,
2475 2172 2508 2222 ει

514 2233 616 2298 corda
643 2244 757 2296 vestra
785 2240 965 2316 graventur
993 2226 1140 2310 crapula.
1189 2228 1269 2293 ltem
1291 2226 1418 2294 Paulus
1441 2231 1488 2309 [l.
1533 2234 1718 2312 sciendum,
1740 2234 1805 2299 alia
1826 2235 1965 2301 aliorum
1986 2242 2083 2302 aetati
2107 2242 2297 2317 convenire,
2319 2253 2352 2304 et
2373 2261 2507 2306 consen

515 2317 593 2384 Cor.
603 2315 636 2395 9,
646 2315 733 2394 aar:
756 2314 893 2400 Castigo
909 2330 1033 2398 corpus
1059 2331 1167 2376 meum
1189 2323 1221 2377 et
1241 2314 1275 2376 in
1297 2317 1488 2379 servitutem
1532 2320 1673 2384 vandum
1696 2339 1772 2382 esse
1794 2318 2029 2399 valemdinem,
2050 2337 2086 2389 ut
2107 2323 2232 2388 Paulus
2256 2326 2352 2402 dicit,
2384 2325 2505 2391 haben·

514 2401 641 2487 redigo.
684 2399 728 2462 Et
749 2400 846 2464 huius
869 2400 1016 2463 exercitii
1037 2397 1113 2462 finis
1136 2415 1213 2461 esse
1231 2399 1341 2476 debet,
1362 2419 1431 2463 non
1451 2412 1489 2463 nt
1534 2404 1611 2467 daun
1633 2423 1710 2467 esse
1733 2403 1892 2468 honorem
1913 2410 2045 2490 corpori
2066 2420 2130 2471 etc.

515 2485 700 2551 satisfaciat
720 2505 783 2567 pro
804 2486 960 2568 peccatiS,
983 2503 1044 2547 seu
1066 2482 1267 2569 quasiDeus
1289 2485 1434 2568 requirat
1453 2486 1489 2547 id
1619 2487 1687 2552 Sed
1725 2490 1795 2552 iure
1827 2491 1974 2573 queritur
2006 2490 2187 2568 Tanlerus‚
2218 2490 2398 2577 plerosque
2430 2508 2507 2560 ante

516 2583 672 2654 tanquam
697 2567 835 2647 cultum,
869 2589 909 2632 ac
934 2590 1002 2633 non
1030 2578 1166 2653 propter
1192 2565 1291 2631 aliam
1324 2587 1489 2648 caussam,
1534 2584 1663 2657 tempus
1684 2574 1828 2637 abiicere
1838 2579 1885 2651 ⁸⁰)
1900 2575 2057 2661 imagines
2079 2597 2140 2640 seu
2160 2578 2313 2651 umbras;
2335 2580 2384 2642 sio
2405 2591 2507 2644 vocat

514 2653 577 2718 sed
596 2652 672 2716 finis
694 2655 749 2730 sit,
770 2665 806 2716 nt
824 2651 1002 2718 cohercent
1022 2673 1167 2730 carnem,
1186 2671 1230 2715 nc
1252 2655 1409 2717 saturitas
1432 2654 1490 2717 ob·
1533 2655 1617 2721 haec
1639 2658 1797 2720 exercitia
1819 2655 1969 2722 alludens
1989 2662 2033 2723 ad
2054 2659 2210 2738 Paulum,
2255 2682 2316 2725 uae
2338 2674 2415 2727 sunt
2437 2686 2506 2730 nm·

515 2749 590 2802 ruat
609 2755 684 2817 nos,
705 2748 738 2799 et
759 2738 876 2801 reddat
896 2757 1036 2803 securos
1058 2749 1091 2802 et
1114 2739 1251 2802 otiosos.
1297 2736 1372 2809 Qua
1394 2758 1437 2801 ex
1452 2758 1490 2801 re
1536 2744 1596 2806 bra
1626 2739 1829 2817 futurorum,
1863 2764 1984 2826 corpus
2012 2756 2121 2808 autem
2154 2756 2206 2812 εει
2267 2744 2372 2810 bristi.
2422 2747 2506 2811 Nam

515 2822 564 2900 fit,
585 2832 622 2885 ut
641 2819 791 2886 homines
815 2823 1040 2910 obtemperent
1062 2833 1094 2887 et
1116 2819 1305 2908 indulgeant
1319 2821 1490 2887 affectibus
1534 2824 1618 2889 haec
1639 2824 1810 2907 disciplina
1832 2848 1899 2892 non
1920 2840 1972 2891 est
1995 2830 2117 2893 institia
2129 2830 2275 2912 spiritus,
2289 2832 2351 2894 sed
2372 2834 2507 2895 umbrae

515 2907 635 2982 caulis.
1534 2922 1611 2975 sunt
1632 2929 1693 2974 scu
1713 2911 1892 2995 imagines,
1920 2910 1986 2976 hoc
2007 2925 2073 2990 est,
2102 2915 2274 2992 exercitia,
2301 2916 2420 2998 quibus
2449 2917 2506 2980 ad·

601 2997 734 3063 Debent
765 3006 875 3059 antem
906 2993 1005 3058 huius
1034 2993 1167 3076 generis
1195 3010 1272 3055 esse
1297 2988 1491 3075 multiplicia
1533 2995 1698 3071 monendi,
1720 2995 1917 3060 cohercendi
1940 3009 1972 3060 ει
1994 2995 2237 3062 assuefaciendi
2258 3011 2335 3062 sunt
2346 2997 2506 3083 homines,

517 3083 689 3148 exercitia:
712 3081 938 3158 Abstinentia,
960 3077 1099 3142 intentio
1121 3075 1344 3140 vehementior
1365 3078 1398 3139 in
1420 3089 1489 3139 stu·
1532 3091 1570 3143 ut
1592 3080 1704 3142 doceri
1724 3081 1863 3161 possint,
1884 3092 1919 3143 ut
1942 3084 2045 3165 magis
2068 3082 2147 3145 fiant
2168 3082 2276 3147 idonei
2295 3085 2338 3146 ad
2360 3085 2507 3166 cogitan-

518 3167 582 3246 dla,
603 3165 751 3243 labores,
773 3185 889 3230 sacrae
911 3161 1081 3229 lectiones.
1126 3161 1203 3226 ldeo
1216 3159 1340 3225 Paulus
1360 3162 1489 3244 praeci·
1534 3165 1611 3228 dnm
1631 3162 1846 3249 Evangelium
1868 3177 1901 3228 ει
1927 3167 2191 3249 praedicandum.
2235 3165 2328 3229 Sicut
2355 3178 2387 3229 et
2410 3166 2505 3230 Chri-

516 3254 564 3339 pit
586 3249 673 3330 [Col.
686 3251 812 3333 3,16.]:
844 3249 1017 3314 Docentes
1046 3257 1079 3310 et
1100 3247 1315 3311 admonentes
1337 3266 1399 3310 vos
1421 3266 1490 3309 mu·
1533 3261 1604 3314 stus
1615 3249 1718 3332 inquit
1726 3248 1842 3325 [blare.
1851 3250 1883 3328 9,
1891 3250 1970 3328 584,
1981 3250 2053 3313 lloc
2065 3270 2171 3335 genus
2181 3250 2425 3314 daemoniorum
2435 3271 2506 3314 non

517 3349 575 3403 tno
597 3335 742 3401 Psalmis
764 3347 797 3399 et
820 3335 1029 3399 cantionibus
1051 3329 1286 3480 spiritualibus.
1336 3330 1490 3414 Denique
1533 3335 1677 3413 elicitur,
1699 3353 1761 3398 nrsr
1782 3336 1901 3398 rerunio
1926 3345 1959 3397 et
1981 3337 2146 3412 oratione,
2175 3335 2208 3398 id
2230 3345 2295 3412 est,
2316 3333 2506 3400 sobriorum

518 3420 584 3487 huc
604 3431 674 3484 tota
696 3417 869 3503 disciplina
889 3420 1039 3503 pertinet.
1099 3417 1141 3481 ed
1160 3414 1247 3480 hanc
1268 3436 1357 3480 nnnc
1375 3436 1490 3498 snper·
1534 3420 1691 3483 oratione.
1713 3418 1791 3482 ldeo
1802 3417 1925 3482 Pardus
1938 3419 1981 3494 ll.
1993 3419 2074 3482 Tim.
2086 3419 2173 3498 4,8.Ἰ
2186 3438 2252 3482 ιιοιι
2273 3419 2363 3494 dixit,
2386 3438 2505 3520 corpo-

518 3508 654 3572 bissime
675 3506 823 3569 excussit
843 3504 997 3580 mundus,
1019 3513 1052 3566 et
1072 3503 1171 3566 sumit
1196 3503 1259 3564 sibi
1281 3500 1490 3565 immodicam
1533 3502 1614 3569 ralia
1630 3505 1787 3566 exercitia
1809 3522 1947 3585 prorsus
1968 3502 2094 3568 inutilia
2115 3523 2201 3584 esse,
2223 3503 2282 3604 sed
2297 3499 2506 3605 collatronem

517 3589 684 3656 licentiam
729 3611 789 3673 pro
818 3608 883 3672 qna
912 3605 1033 3673 graves
1059 3605 1187 3671 poenas
1217 3582 1393 3670 aliquando
1414 3584 1489 3649 Deo
1532 3585 1612 3652 facit
1628 3587 1743 3652 horum
1755 3589 1983 3652 exercitiorum
2002 3600 2035 3651 et
2046 3585 2224 3670 spiritualis
2241 3598 2393 3651 rustrtrae.
2437 3585 2506 3687 hh·

519 3677 656 3740 daturus
678 3635 740 3739 c'st.
783 3673 870 3735 Nam
895 3683 1127 3774 praeterquam
1152 3671 1240 3754 quod
1262 3671 1337 3752 ipsa
1357 3668 1491 3734 licentia
1534 3673 1612 3755 quid
1623 3671 1763 3736 affenmt
1772 3669 1918 3737 utilitatis
1929 3671 2013 3737 haec
2026 3673 2189 3744 exercitia,
2207 3673 2267 3736 sed
2280 3669 2507 3818 gramadum

520 3762 698 3824 coniuncta
719 3768 771 3821 εει
793 3779 866 3820 ειιιιι
894 3756 1141 3838 intemperantia
1162 3765 1195 3818 ει
1215 3752 1288 3818 aliis
1311 3751 1421 3818 multis
1443 3754 1491 3818 vi-
1534 3756 1635 3841 longe
1657 3759 1808 3838 superior
1829 3769 1881 3819 est
1903 3768 1936 3819 et
1956 3759 2191 3839 praestantior,
2212 3757 2288 3819 vrde
2303 3771 2367 3819 rcet
2388 3766 2508 3838 pietas,

518 3847 591 3922 tiis,
612 3841 694 3906 illud
714 3841 791 3906 mali
813 3843 910 3905 etiam
931 3839 1049 3915 habet,
1074 3839 1162 3923 quod
1183 3840 1217 3901 in
1238 3836 1295 3901 tali
1317 3840 1492 3902 barbarica
1535 3841 1600 3904 hoc
1621 3852 1685 3915 est,
1708 3861 1788 3902 vera
1809 3842 2024 3921 poenitentia,
2045 3841 2115 3903 veri
2138 3837 2287 3942 dolores,
2310 3860 2390 3903 vera
2412 3859 2506 3941 exer·

520 3931 588 3995 vita
616 3949 681 3990 non
707 3937 820 4012 potest
845 3926 956 3989 doceri
984 3934 1040 3986 ant
1068 3922 1241 3987 assuefieri
1269 3923 1421 3986 iuventus
1450 3923 1492 3986 ad
1536 3926 1612 3990 citia
1628 3924 1721 4002 fidei,
1742 3944 1871 4007 preces,
1892 3926 2057 4007 patientia.
2090 3924 2181 3988 llaec
2202 3926 2334 4024 diseunt
2357 3943 2506 3987 memme-

519 4011 728 4100 religionem3
749 4022 782 4073 et
797 4007 950 4094 paulatim
962 4008 1065 4072 induit
1082 4018 1301 4090 contemptum
1310 4004 1491 4092 religionis.
1534 4013 1647 4086 rimus,
1668 4009 1732 4074 hoc
1754 4010 1897 4074 exercitii
1919 4029 2024 4092 genus
2045 4030 2113 4072 non
2134 4028 2211 4072 esse
2232 4008 2379 4109 abricend
2469 4019 2505 4108 nt

521 4099 644 4164 Postea
666 4095 822 4182 grandior
843 4105 935 4158 aetas
957 4112 1065 4178 neque
1087 4088 1289 4156 intellectum
1312 4109 1419 4174 neque
1441 4110 1493 4153 re-
1536 4096 1697 4177 sciamus,
1726 4095 1767 4159 ad
1791 4116 1888 4179 quem
1916 4096 2012 4158 linem
2039 4094 2111 4156 εἰιιε
2140 4102 2367 4174 superstitione
2388 4111 2424 4154 re
2438 4111 2507 4154 ern

511 4184 700 4247 'verentianr
722 4200 829 4282 neque
852 4179 1005 4242 exercitia
1026 4174 1096 4240 ulla
1116 4173 1286 4262 religionis
1308 4173 1418 4238 habet.
1536 4181 1663 4244 debeat,

607 4263 733 4329 Paulus
748 4262 843 4348 [pr.
855 4263 887 4340 6,
899 4261 945 4340 4.]
956 4261 1112 4344 praecipit
1134 4261 1336 4344 parentibus,
1358 4270 1395 4322 ut
1416 4260 1494 4322 edn-

523 4365 599 4419 cent
628 4349 752 4414 liberos
781 4349 815 4411 in
842 4344 1012 4428 disciplina
1041 4357 1073 4408 et
1102 4344 1321 4408 admonitione
1347 4343 1492 4406 Dominr.
1851 4362 1912 4426 DE
1935 4359 2189 4426 SCANDALQ

522 4433 709 4518 Disciplina
737 4445 846 4497 autem
872 4429 1037 4516 significat
1064 4441 1164 4492 totam
1196 4425 1494 4502 assuefactionem
1919 4514 1926 4531 .
2135 4515 2143 4531 .
2454 4515 2461 4532 ι

524 4532 557 4585 ει
577 4519 655 4584 huic
676 4516 748 4584 vult
769 4517 844 4581 addi
866 4515 1117 4579 admonitionem
1128 4512 1274 4589 Domini,
1295 4514 1328 4575 id
1350 4525 1413 4589 est,
1435 4513 1493 4575 do·
1623 4511 1822 4580 Scandnlunr
1842 4512 2006 4600 signrlicat
2029 4511 2256 4598 offensionem,
2285 4535 2352 4598 qua
2370 4511 2505 4618 alternus

525 4608 663 4672 ctrinam
684 4623 745 4668 seu
765 4602 901 4666 verbum
912 4599 986 4662 Dei.
1030 4597 1113 4662 Cum
1135 4609 1243 4661 autem
1266 4597 1359 4660 Deus
1382 4599 1425 4660 sit
1447 4594 1493 4660 es·
1538 4601 1664 4665 animus
1685 4601 1906 4683 perturbatur,
1925 4595 1992 4660 hoe
2015 4609 2077 4680 est,
2101 4596 2154 4662 vel
2176 4599 2368 4676 deterretur,
2391 4598 2444 4662 vel
2458 4621 2504 4661 m·

523 4689 609 4754 ficax
631 4687 844 4772 perverbum
865 4684 1097 4762 suum,‘adcrit
1118 4680 1182 4760 his,
1204 4685 1257 4766 qui
1277 4679 1494 4746 habenthaec
1538 4687 1655 4749 citatur
1677 4684 1720 4748 ad
1741 4684 1956 4746 imitationem.
1999 4681 2060 4784 Est
2081 4693 2190 4747 autem
2217 4683 2338 4766 duplex
2365 4685 2504 4748 scanda-

523 4773 684 4838 exercitia
717 4769 865 4835 discendi
893 4775 927 4832 et
959 4767 1124 4851 cogitandi
1152 4768 1245 4830 verbi
1272 4766 1336 4829 Dei
1364 4777 1395 4829 ει
1421 4785 1494 4848 pre·
1537 4768 1622 4834 lumr
1654 4767 1793 4832 alterum
1820 4778 1871 4829 εει
1898 4765 2140 4845 Pharisurcum,
2173 4765 2274 4853 vulgo
2304 4779 2423 4870 vocant
2451 4789 2505 4830 nc-

524 4856 636 4920 candi.
681 4855 791 4928 Quare
811 4873 878 4916 non
901 4863 952 4916 est
974 4849 1097 4916 inutilis
1120 4853 1322 4915 exercitatio.
1535 4866 1678 4938 ceptum.
1720 4850 1782 4914 Est
1814 4862 1920 4914 autem
1955 4872 2029 4916 cum
2062 4850 2115 4916 vel
2148 4863 2238 4916 recta
2270 4853 2418 4916 doctmna
2450 4849 2503 4951 rel

610 4937 789 5002 Praeterea
809 4957 929 5022 magna
939 4937 990 4999 vis
1002 4948 1053 5000 εει
1071 4936 1333 5008 consuetudinis3
1356 4935 1411 5017 qn·
1426 4954 1493 4996 non
1538 4937 1727 5001 necessario
1761 4933 1849 4998 sacto
1878 4934 2084 5000 offenduntur
2109 4933 2302 5021 hypocritae
2331 4949 2361 5002 et
2395 4955 2503 5037 concr-

525 5035 604 5089 snnt
630 5020 808 5088 assuefacti
836 5024 878 5084 ab
907 5023 1038 5083 ineunte
1058 5032 1185 5098 aetate,
1212 5031 1329 5104 postea
1351 5019 1494 5104 grandes
1535 5023 1627 5107 piunt
1649 5021 1723 5084 odia
1743 5018 1914 5103 Evangelii
1937 5032 1969 5083 et
1988 5021 2125 5104 piomm.
2169 5019 2213 5083 Ut
2239 5019 2340 5083 Phari:
2367 5040 2404 5083 rer
2427 5021 2505 5081 ode-

525 5120 604 5174 natu
633 5127 740 5190 neque
766 5103 949 5190 intelligent
982 5125 1088 5188 neque
1121 5117 1294 5168 accensent
1326 5104 1493 5167 exercitia.
1538 5118 1611 5170 rant
1630 5102 1847 5190 Evangeliunr
1870 5116 1902 5168 et
1923 5102 2093 5190 Evangelii
2115 5105 2285 5181 doctores,
2313 5117 2344 5168 et
2366 5121 2504 5187 magnas

526 5193 693 5268 Quantum
715 5191 813 5276 igitur
832 5205 1020 5274 possumus,
1042 5190 1084 5251 ad
1106 5188 1189 5252 haec
1211 5189 1364 5252 exercitia
1385 5185 1495 5250 horte·
1514 5261 1517 5276 Ι
1538 5210 1677 5254 caussas
1701 5192 1752 5253 sui
1774 5189 1898 5252 doloris
1920 5200 2018 5274 atque
2040 5190 2104 5253 odii
2121 5188 2287 5254 habebant
2301 5209 2340 5251 ex
2363 5189 2504 5251 humana

528 5447 576 5510 77)
592 5443 721 5507 simulata}
740 5443 784 5494 5⁴¹·
804 5443 844 5491 ¹¹·
862 5442 964 5492 3111111111
1538 5446 1583 5508 79)
1602 5460 1609 5507 ;
1624 5445 1729 5506 ideoque
1748 5445 1796 5495 iarn
1814 5443 1876 5494 liunt
1893 5443 1983 5494 cultas.
2001 5439 2193 5493 addantEditt.
2213 5442 2236 5489 ι.
2248 5443 2271 5489 s.
2287 5441 2392 5488 11-14.
2404 5445 2429 5490 ει
2441 5439 2502 5500 opp.

528 5548 575 5607 78)
593 5542 751 5607 terroribus]
770 5542 812 5594 Ed.
833 5544 869 5589 ιι.
888 5545 915 5592 ει
932 5541 997 5604 opp.
1016 5545 1066 5604 typ.
1085 5553 1185 5594 encre:
1203 5543 1340 5597 erroribus.
1514 5581 1517 5586 .
1537 5547 1583 5608 aa)
1601 5545 1721 5605 aplicare]
1739 5545 1811 5596 mitt
1829 5543 1853 5590 e.
1871 5541 1895 5593 ιι,
1913 5545 1936 5594 7,
1952 5541 2061 5593 adlicere
