5859 6734
1214 435 1225 442 ¹·
1266 439 1298 448 -.
1371 441 1379 448 .
1394 435 1601 456 -α--Ἃ

347 618 351 626 ’
464 622 529 690 sos
1093 623 1204 694 enm
1226 628 1329 698 neu
1351 625 1537 698 sonum
1556 622 1833 726 memnon
2398 628 2461 695 me

468 807 636 876 bominum
655 811 696 873 iis
718 810 853 889 ritibus,
874 812 930 896 qui
950 813 1085 879 assidue
1105 825 1182 879 sunt
1202 816 1236 878 io
1258 826 1440 900 conspectu
1482 814 1543 880 sed
1563 808 1662 878 etiem
1683 816 1760 899 quia
1781 813 1872 898 cogit
1897 807 2047 878 homines
2069 815 2219 895 seipsos
2242 812 2460 878 conudeme

331 917 352 988 ·,
470 904 504 959 et
523 893 693 959 incurrunt
709 894 743 958 in
766 892 894 974 oculos,
929 895 1113 963 confirmati
1140 918 1208 964 non
1229 897 1337 964 solum
1359 901 1440 964 anti·
1482 910 1516 964 et
1542 917 1730 984 agnoscere
1758 917 1839 963 suos
1871 900 2008 963 morbos
2040 909 2074 962 et
2104 895 2239 981 lapsus,
2272 896 2459 980 dequibus

469 978 602 1063 quiete,
636 977 696 1043 sed
727 999 791 1044 usu
818 980 916 1044 etiam
938 978 1049 1046 talium
1071 983 1338 1067 gubernatorum,
1360 1004 1439 1067 quo-
1481 980 1574 1046 multi
1604 993 1754 1066 petentes
1782 980 2023 1047 absolutionem
2060 1000 2103 1045 ne
2135 983 2283 1064 cogitant
2315 983 2458 1065 quidem

469 1083 542 1128 rum
573 1064 727 1147 pietatem
759 1076 792 1128 et
819 1065 1000 1130 doctrinam
1033 1077 1123 1130 certe
1144 1068 1331 1132 testimonia
1351 1087 1439 1131 com·
1483 1067 1655 1140 Quomodo
1676 1077 1786 1133 autem
1805 1078 1916 1150 potest
1935 1067 2078 1131 existere
2100 1065 2252 1130 contritio
2281 1078 2342 1129 ant
2364 1063 2459 1130 dolor

469 1149 660 1230 probarunt
705 1147 816 1221 Quare
844 1160 876 1213 et
903 1161 980 1214 orno
1011 1146 1135 1234 profuit
1161 1171 1234 1216 mos
1256 1152 1299 1217 ad
1321 1150 1440 1216 confir·
1481 1149 1601 1234 aliquis
1634 1152 1705 1215 sine
1736 1152 1894 1215 mediocri
1927 1151 2126 1236 cogitatione
2146 1150 2189 1215 de
2208 1150 2337 1213 nostris
2359 1148 2459 1231 lapsi-

469 1234 644 1298 mationem
666 1253 765 1298 verae
787 1233 969 1298 sententiae
982 1231 1083 1312 Petri,
1105 1245 1138 1299 et
1158 1237 1256 1302 uobis
1277 1237 1440 1320 prodesse
1483 1237 1564 1311 bus,
1598 1236 1641 1299 de
1662 1237 1711 1299 ira
1731 1233 1815 1312 Dei,
1841 1236 1882 1298 de
1902 1235 2020 1317 poenis
2042 1236 2275 1317 praesentibus
2297 1245 2331 1296 et
2351 1245 2459 1298 aeter·

469 1314 568 1382 liuius
588 1318 738 1401 perpetui
759 1319 859 1382 moris
882 1337 922 1383 co
949 1318 1038 1382 'tatio
1096 1331 1172 1384 test.
1215 1320 1345 1384 Deinde
1366 1340 1441 1384 cum
1483 1318 1557 1382 nisi

471 1398 914 1481 elaredioetChristus[Mnt
971 1402 1049 1481 18,1
1084 1401 1265 1488 lQuicquid
1274 1402 1440 1467 solveritis
1568 1401 1748 1468 Praeterea
1776 1424 1896 1487 magna
1952 1424 2007 1467 ars
2040 1400 2152 1486 populi
2173 1414 2316 1486 peccata
2337 1413 2457 1467 tanturn

469 1485 504 1549 in
522 1498 621 1564 terra,
640 1487 701 1550 erit
718 1484 862 1552 solutum
878 1484 1030 1565 lncoelo,
1049 1497 1139 1551 certe
1149 1490 1335 1553 mandatum
1348 1490 1443 1553 datur
1484 1483 1636 1572 intelligit
1657 1485 1714 1550 illa
1734 1490 1860 1552 atrocia
1881 1490 1903 1551 d
1936 1489 2001 1553 'cta
2022 1506 2110 1566 esse,
2131 1483 2457 1572 qnaepublicissup

471 1566 676 1636 absolvendi.
714 1568 788 1635 Etsi
807 1582 916 1635 autem
927 1570 1093 1637 absolutio
1102 1591 1165 1637 seu
1174 1574 1320 1656 receptio
1332 1571 1443 1656 lapso·
1485 1568 1593 1654 pliciis
1614 1573 1804 1653 puniuntur,
1826 1573 1868 1635 de
1889 1570 1976 1635 falsa
1992 1571 2213 1647 invocatione,
2232 1570 2377 1634 devitiis
2387 1589 2458 1633 cor·

470 1675 541 1740 rum
563 1656 715 1739 etiam⁷⁷)
739 1654 809 1718 fieri
830 1652 1032 1741 intelligitur,
1055 1676 1129 1721 cum
1150 1658 1362 1721 admittuntur
1372 1676 1443 1719 rur·
1486 1656 1538 1719 dis
1570 1652 1651 1719 nihil
1681 1666 1814 1718 norunt.
1856 1653 2106 1720 Assuelaeiendl
2138 1665 2216 1719 sunt
2238 1655 2341 1738 igitur
2359 1651 2460 1717 boni·

472 1740 770 1888 spaladdpynatxin,
792 1752 901 1804 tamen
922 1740 1008 1805 haee
1030 1759 1190 1823 expressa
1200 1738 1364 1806 absolutio
1376 1759 1443 1803 non
1485 1758 1546 1886 pes
1566 1737 1853 1888 apsslpusecplpgpm
1886 1742 1959 1888 (poi,
1978 1740 2040 1889 pisi
2061 1735 2463 1887 dtlffmmffielffi

472 1843 592 1891 aoen
657 1844 719 1887 es.
1510 1843 1589 1888 ose
1715 1846 1730 1886 r
1797 1843 2086 1889 usesaocen

558 1907 657 1992 Apud
688 1906 848 1971 Ethnicos
879 1927 1017 1991 prorsus
1049 1904 1110 1972 fuit
1141 1909 1263 1974 mnissa
1294 1908 1444 1972 doctrina
1488 1905 1689 1994 intelligetur
1710 1929 1732 1972 a
1757 1907 1900 1993 populo,
1924 1928 1998 1973 cum
2020 1910 2159 1992 quisque
2176 1867 2272 1971 ’suam
2295 1907 2402 1970 vitam
2421 1906 2461 1969 ad

475 1995 516 2059 de
537 1993 731 2059 remissione
749 1990 1333 2095 peccatorumpropterlllcdiatorem
1343 1990 1445 2056 filiurn
1486 1990 1564 2056 illud
1597 1991 1768 2058 seculum
1800 1992 1928 2057 confert
1950 2004 1981 2056 et
2004 1992 2231 2057 animadvertit
2251 1991 2393 2073 propria
2414 2008 2464 2052 er·

474 2077 548 2156 Dei,
572 2078 631 2141 sed
652 2078 803 2141 doctrina
818 2075 919 2160 legis
940 2088 1039 2141 utcun
1085 2088 1253 2142 aretenta
1274 2088 1336 2141 est.
1378 2077 1445 2141 Na·
1486 2088 1568 2141 rata.
1645 2089 1658 2140 t

474 2175 548 2227 tura
575 2162 659 2226 enim
691 2158 855 2224 bominum
887 2158 985 2225 facile
1027 2157 1233 2226 oliviscitur
1260 2159 1444 2246 Evangelii,

475 2265 549 2311 curn
569 2248 613 2308 sit
636 2245 784 2309 doctrina
804 2263 873 2307 non
893 2256 971 2308 outa
990 2244 1023 2307 in
1044 2241 1190 2310 Ιιυιιιαιια
1210 2257 1337 2324 mente,
1359 2248 1445 2309 sicut

475 2340 507 2393 et
534 2327 689 2393 Monacbi
723 2339 961 2413 oppresserunt
981 2327 1154 2415 Evangelii
1175 2327 1282 2394 lucem
1304 2331 1346 2394 de
1369 2349 1444 2415 gra·
1742 2330 1801 2395 De
1821 2330 1949 2414 primo
1970 2340 2203 2413 praecepto.

474 2414 556 2479 tulta
588 2414 792 2490 remissione,
825 2411 976 2476 confictis
1010 2410 1131 2477 deliriis
1154 2414 1196 2478 de
1218 2412 1444 2479 satisfactione

475 2508 508 2562 ct
540 2495 625 2562 aliis.
670 2496 737 2561 lam
763 2498 862 2582 igitur
883 2498 911 2559 si
933 2517 1006 2560 mos
1028 2495 1224 2564 absolvendi
1245 2495 1444 2575 aboleretur,
1572 2494 1737 2562 Deberem
1770 2500 1918 2583 equidem
1949 2511 2042 2563 recte
2075 2498 2224 2583 cogitare
2252 2499 2294 2561 de
2325 2497 2401 2563 Deo
2431 2513 2460 2563 et

475 2600 591 2646 rursus
623 2592 799 2646 secuturae
826 2594 941 2645 essent
961 2584 1117 2645 tenebrae
1139 2594 1171 2648 et
1192 2585 1367 2648 obscurior
1388 2580 1445 2646 tie·
1486 2579 1581 2644 firma
1600 2580 1666 2644 lide
1682 2594 1846 2659 statuere,
1878 2581 1965 2647 hunc
1986 2602 2085 2647 unum
2107 2600 2184 2646 esse
2203 2579 2317 2646 Deum
2336 2594 2460 2647 create»

474 2678 527 2729 ret
557 2665 707 2730 doctriua
728 2666 770 2729 de
790 2666 984 2751 recipiendis
1007 2664 1041 2729 la
1064 2667 1122 2730 sis.
1165 2665 1277 2740 Quare
1292 2663 1373 2732 utile
1395 2675 1446 2730 est
1488 2685 1559 2728 rem
1591 2665 1734 2730 omnium
1766 2686 1875 2731 rerum
1908 2678 1941 2731 et
1971 2664 2117 2731 tirturum
2150 2666 2291 2730 iudicem
2322 2668 2460 2730 omniunt

475 2751 614 2814 retinere
624 2752 668 2825 ⁷⁸)
699 2770 834 2829 morem,
867 2771 941 2815 cum
972 2688 1102 2835 qoirlem
1125 2770 1256 2835 semper
1275 2752 1309 2815 io
1329 2748 1445 2816 Eccle·
1486 2749 1664 2826 bominum,
1681 2749 1738 2833 qui
1759 2770 1797 2815 se
1819 2748 1973 2836 patefecit
1995 2751 2071 2815 dato
2093 2752 2196 2815 verbo
2217 2769 2282 2815 suo
2304 2764 2340 2814 ct
2361 2753 2459 2815 m'sso

475 2836 529 2898 sia
556 2832 665 2899 iirerit.
708 2833 886 2919 sciantque
913 2835 957 2918 pii
990 2836 1023 2898 iu
1056 2833 1121 2901 boc
1152 2856 1245 2900 more
1274 2834 1443 2900 retinendo
1486 2831 1580 2898 Filio.
1623 2831 1790 2921 Deberem
1812 2854 1893 2899 vero
1913 2837 2029 2901 timore
2051 2836 2080 2899 ei
2102 2836 2238 2899 obedire
2260 2844 2295 2897 et
2316 2847 2461 2900 metuere

476 2923 561 2996 se⁷⁰)
583 2939 651 2984 non
677 2916 783 2982 solum
806 2939 887 2983 suae
908 2920 1110 2997 necessitati,
1132 2922 1192 2984 sed
1214 2921 1314 2984 etiam
1334 2931 1445 3004 poste·
1487 2919 1569 2980 iram
1591 2918 1662 2981 eius
1683 2928 1717 2981 et
1738 2919 1902 2996 iudicium,
1924 2939 2004 2984 vero
2026 2919 2091 2983 fide
2112 2940 2186 2983 eum
2208 2920 2370 2983 invocare
2390 2939 2459 3004 pro

474 3004 562 3069 ritati
582 3002 717 3068 servire.
1487 3013 1561 3085 pter
1572 2997 1689 3064 lilium
1711 3012 1744 3066 et
1761 2999 1897 3086 diligere
1918 3022 1991 3068 eum
2013 3016 2047 3067 et
2068 3006 2192 3067 sentire
2211 2998 2356 3087 aliquem
2377 3004 2461 3088 grati

559 3087 654 3154 Hanc
685 3098 751 3152 tam
795 3087 858 3151 ‘uun
880 3098 914 3151 et
934 3085 1047 3153 utilem
1069 3106 1221 3153 caussam
1243 3107 1344 3172 spero
1365 3085 1445 3152 vali-
1487 3087 1634 3169 pectoris
1656 3097 1777 3150 motum
1799 3105 1882 3188 erga
1901 3086 2016 3153 Deum.
2373 3145 2375 3150 .

473 3190 580 3242 turam
608 3173 696 3258 apud
717 3193 750 3235 m
785 3183 857 3249 tos,
883 3185 1064 3236 utmorem
1084 3174 1244 3256 petendae
1264 3170 1446 3238 absolutio-
1572 3168 1740 3235 Deberem
1761 3167 1850 3235 affici
1870 3173 2093 3258 magnitudine
2102 3173 2356 3248 misericordiae,
2368 3175 2459 3253 quod

474 3254 1256 3424 ”tn‘tctffrtbimsstitlbitititi'ziff
1277 3260 1446 3407 {litt
1486 3252 1851 3417 {inmittite
1873 3253 2459 3416 tibilittlltitlbb'tt

475 3422 1134 3593 untsternerentur
1154 3423 1445 3576 ut,
1486 3422 2119 3594 annumeremus
2154 3424 2461 3591 „temnunt

477 3533 615 3681 psus’ll
632 3613 671 3659 se
693 3613 771 3659 reos
792 3613 871 3659 esse
891 3596 960 3659 irae
980 3591 1043 3658 Dei
1064 3529 1210 3679 prillessi
1231 3608 1319 3673 sunt,
1341 3596 1389 3660 lta
1410 3607 1446 3659 tu
1489 3595 1744 3677 gubernatorem
1763 3603 1796 3657 et
1813 3554 1915 3697 'vitam
1936 3604 2114 3695 aetemam.

476 3676 895 3844 stringimur
916 3675 1446 3849 neutrumne:
1574 3677 1873 3742 ⁸
1888 3674 2322 3844 inuruntur
2337 3696 2462 3835 rm

474 3849 603 3915 Deinde
624 3869 740 3914 vocem
761 3785 943 3934 Evangeli,
970 3867 1037 3931 qua
1057 3850 1267 3913 annuntiatur
1296 3850 1447 3914 remissio
1489 3858 1523 3911 et
1561 3847 1722 3927 uodamp
1802 3856 1859 3908 tua
1880 3845 2081 3910 dubitatione
2100 3841 2250 3929 frigidius
2273 3857 2355 3944 peto
2379 3847 2464 3910 bon

579 3945 698 4011 torum,
726 3933 784 3996 tibi
815 3930 973 4016 applicari
1004 3942 1110 4014 petas.
1153 3930 1196 3996 Et
1222 3931 1288 3998 bae
1308 3951 1392 3998 voce
1413 3945 1447 3998 te
1488 3950 1511 3995 a
1582 3947 1635 4006 eo,
1673 3925 1750 4015 frigi
1783 3947 1824 3993 us
1862 3930 1995 4007 invoco,
2034 3928 2167 3994 conlido
2199 3929 2330 3993 interum
2366 3931 2462 3994 reboe

476 3953 584 4104 m
606 4013 791 4082 consoleris
814 4027 847 4080 et
867 4018 910 4081 ari
932 4015 1029 4080 iidem
1051 4015 1189 4080 excites.
1218 4012 1339 4096 Tertio,
1349 4015 1447 4082 Hunc
1488 4014 1730 4098 praesentibus,
1753 4023 1786 4077 et
1806 4034 1929 4098 quaero
1948 4011 2112 4095 prsesidia
2133 4009 2462 4097 vitae,neglectoor

477 4121 601 4170 morem
624 4102 750 4186 cogites
773 4100 976 4165 retinendum
997 4117 1084 4178 esse,
1104 4110 1141 4164 ut
1162 4103 1259 4165 etiam
1268 4103 1447 4185 posteritas
1490 4100 1576 4175 dine,
1605 4116 1702 4181 quem
1722 4098 1815 4162 Deus
1847 4097 2016 4183 praecipit.
2060 4096 2170 4180 Saepe
2191 4098 2289 4161 etiam
2311 4094 2406 4163 falsa
2420 4097 2463 4162 in

477 4189 561 4254 sciat
571 4185 698 4272 lapsos,
719 4207 794 4252 oum
822 4205 860 4249 se
882 4183 1068 4263 emendant,
1092 4204 1113 4247 a
1133 4182 1209 4250 Deo
1232 4186 1383 4270 recipiet
1404 4188 1446 4252 ab
1489 4182 1664 4248 vocatione
1691 4201 1807 4246 errans
1836 4182 1957 4247 offendi
1977 4182 2096 4260 Deum,
2128 4182 2281 4245 invocavi
2314 4181 2465 4247 homines

477 4269 630 4341 Ecclesia
652 4271 857 4353 recipiendos
879 4288 966 4334 esse.
1489 4278 1650 4344 mortuos,
1704 4270 1795 4332 utavi
1825 4268 1931 4351 magis
1963 4267 2007 4329 ad
2034 4265 2122 4332 hanc
2142 4276 2284 4329 statuam
2306 4268 2465 4332 iovocsn

563 4355 653 4422 Utile
673 4367 725 4420 est
744 4367 851 4420 autem
872 4355 1023 4419 rudiores
1044 4355 1088 4420 od
1103 4352 1245 4439 aliquam
1261 4354 1449 4459 generalem
1490 4353 1567 4415 dum
1598 4369 1676 4414 esse
1726 4370 1799 4415 eum
1820 4362 1877 4414 ont
1899 4351 2076 4428 Sanctum,
2098 4371 2197 4433 quam
2217 4346 2310 4413 alibi.
2356 4349 2466 4435 Saqte

481 4443 756 4510 enumerationem
787 4441 876 4504 iuxta
909 4439 1057 4503 ordinem
1084 4437 1248 4524 Decalogi
1268 4441 1448 4506 matitutam
1490 4457 1577 4502 nunc
1598 4455 1729 4520 quoque
1746 4435 1877 4512 aberro,
1898 4453 1942 4498 ne
1963 4436 2104 4519 cogitem
2126 4434 2168 4499 de
2189 4453 2268 4499 vero
2291 4433 2390 4514 Deo,
2456 4435 2463 4451 '

478 4524 699 4596 assuefmere.
754 4523 846 4587 Haec
879 4520 935 4587 dili
960 4522 1048 4586 entia
1079 4525 1215 4606 prodest
1245 4545 1313 4590 non
1340 4522 1449 4592 solum
1491 4542 1530 4585 se
1550 4517 1703 4603 patefecit
1724 4540 1783 4604 per
1798 4516 1928 4596 Filium,
1948 4538 2011 4585 neo
2033 4517 2173 4603 cogitem
2196 4519 2238 4589 (le
2257 4516 2343 4584 Filio
2367 4531 2404 4584 et

480 4631 533 4690 eo,
555 4611 645 4696 quod
666 4622 821 4757 tanpuam
839 4541 1025 4672 eccclesia
1048 4605 1299 4673 commonefacit
1309 4611 1449 4675 recitan-
1490 4607 1719 4691 promissione.
1779 4603 1931 4687 Denique
1962 4624 2028 4669 non
2051 4603 2152 4669 ardeo
2181 4604 2411 4682 invocatione,
2430 4616 2464 4668 rrt

480 4708 543 4773 tas,
575 4696 631 4780 qui
662 4714 734 4759 mor
756 4694 767 4757 i
799 4704 833 4756 et
861 4692 916 4775 qui
936 4689 1052 4775 lapsus
1073 4692 1140 4795 sint
1157 4703 1307 4795 peccota,
1339 4707 1374 4759 et
1387 4698 1450 4843 1poi
1492 4702 1632 4774 oportet.

481 4780 547 4844 sint
574 4779 696 4864 gradus
723 4787 952 4861 peccatorum,
979 4785 1012 4839 et
1033 4775 1268 4947 pmpngppimpto
1280 4778 1450 4946 ipat-muz

480 4883 580 4930 ronse
611 4863 764 4928 iudicium
797 4872 831 4927 et
861 4860 1014 4927 iudicium
1999 4899 2002 4906 -

1716 4941 1773 5007 De
1794 4944 1976 5009 secundo
1998 4955 2236 5028 praecepto.

485 5017 678 5034 m

483 5103 531 5171 ²⁷)
548 5102 626 5156 ‘lim
643 5065 778 5156 W
790 5098 863 5153 sent
883 5101 905 5147 ¹·
924 5101 949 5153 ³·
1576 5109 1741 5175 Deberem
1757 5109 1973 5197 Evangelium
2001 5110 2175 5199 diligenter
2206 5114 2350 5192 discere,
2378 5113 2467 5180 cele-

483 5206 531 5270 ὐ
547 5201 670 5334 ruri
686 5200 760 5332 rt
778 5201 867 5332 ru·
880 5199 1293 5333 urit:
1492 5197 1597 5345 itt
1621 5195 2328 5366 irentinrtrnbsnffl
2352 5211 2466 5264 ’Μ

485 5375 531 5440 ra)
550 5383 579 5428 se
597 5373 731 5428 ostem
745 5368 819 5423 ndtn.
839 5370 860 5420 1.
878 5372 902 5421 t.
1469 5330 1535 5428 lxo
1580 5299 1703 5428 rivatrtge
1725 5384 1766 5429 cn
1788 5363 1890 5429 iditati
1911 5327 2138 5450 Evangelium„
2171 5296 2469 5449 Soepeeprenm

484 5470 926 5540 rotundaruntJmtu.1-1s.
948 5471 1137 5526 laudandust
1469 5427 1473 5492 l
1492 5386 1609 5533 surplis
1631 5459 1663 5512 et
1684 5386 1849 5513 seiugatis
1871 5450 2016 5531 praebeo
2038 5450 2246 5515 occasionem
2267 5445 2343 5515 allis
2365 5448 2468 5517 mle·
