<?xml version="1.0" encoding="UTF-8"?>
<!DOCTYPE html PUBLIC "-//W3C//DTD XHTML 1.0 Transitional//EN"
    "http://www.w3.org/TR/xhtml1/DTD/xhtml1-transitional.dtd">
<html xmlns="http://www.w3.org/1999/xhtml" xml:lang="en" lang="en">
 <head>
  <title>
</title>
<meta http-equiv="Content-Type" content="text/html;charset=utf-8" />
  <meta name='ocr-system' content='tesseract 3.04.00' />
  <meta name='ocr-capabilities' content='ocr_page ocr_carea ocr_par ocr_line ocrx_word'/>
</head>
<body>
  <div class='ocr_page' id='page_1' title='image "./philippimelanth08melagoog_0080.png"; bbox 0 0 5859 6734; ppageno 0'>
   <div class='ocr_carea' id='block_1_1' title="bbox 1207 694 2587 769">
    <p class='ocr_par' dir='ltr' id='par_1_1' title="bbox 1207 694 2587 769">
     <span class='ocr_line' id='line_1_1' title="bbox 1207 694 2587 769; baseline 0.001 -4"><span class='ocrx_word' id='word_1_1' title='bbox 1207 697 1319 764; x_wconf 74' lang='lat' dir='ltr'><strong>emb.</strong></span> <span class='ocrx_word' id='word_1_2' title='bbox 1342 695 1445 764; x_wconf 79' lang='lat' dir='ltr'><strong>MEL.</strong></span> <span class='ocrx_word' id='word_1_3' title='bbox 1466 695 1652 763; x_wconf 79' lang='lat' dir='ltr'>SCRIPTA</span> <span class='ocrx_word' id='word_1_4' title='bbox 1668 694 1941 762; x_wconf 70' lang='lat' dir='ltr'><strong>monaulon.</strong></span> <span class='ocrx_word' id='word_1_5' title='bbox 2518 701 2587 769; x_wconf 76' lang='lat'><strong>132</strong></span> 
     </span>
    </p>
   </div>
   <div class='ocr_carea' id='block_1_2' title="bbox 730 881 2517 1473">
    <p class='ocr_par' dir='ltr' id='par_1_2' title="bbox 730 881 2517 1473">
     <span class='ocr_line' id='line_1_2' title="bbox 742 881 2423 973; baseline -0.001 -21"><span class='ocrx_word' id='word_1_6' title='bbox 742 886 853 973; x_wconf 82' lang='lat' dir='ltr'><strong>ctigal,</strong></span> <span class='ocrx_word' id='word_1_7' title='bbox 876 898 933 951; x_wconf 87' lang='lat' dir='ltr'><strong>aut</strong></span> <span class='ocrx_word' id='word_1_8' title='bbox 953 884 1213 971; x_wconf 82' lang='lat' dir='ltr'><strong>hocgenusalia</strong></span> <span class='ocrx_word' id='word_1_9' title='bbox 1233 885 1370 969; x_wconf 90' lang='lat' dir='ltr'><strong>quaein</strong></span> <span class='ocrx_word' id='word_1_10' title='bbox 1388 903 1560 947; x_wconf 90' lang='lat' dir='ltr'><strong>commune</strong></span> <span class='ocrx_word' id='word_1_11' title='bbox 1603 895 1719 947; x_wconf 90' lang='lat' dir='ltr'><strong>contra</strong></span> <span class='ocrx_word' id='word_1_12' title='bbox 1740 882 1935 946; x_wconf 81' lang='lat' dir='ltr'><strong>Hieremiam</strong></span> <span class='ocrx_word' id='word_1_13' title='bbox 1964 881 2192 964; x_wconf 77' lang='lat' dir='ltr'><strong>cogitationes.</strong></span> <span class='ocrx_word' id='word_1_14' title='bbox 2237 882 2314 948; x_wconf 93' lang='lat' dir='ltr'><strong>Non</strong></span> <span class='ocrx_word' id='word_1_15' title='bbox 2336 887 2423 952; x_wconf 87' lang='lat' dir='ltr'><strong>enim</strong></span> 
     </span>
     <span class='ocr_line' id='line_1_3' title="bbox 730 966 2517 1058; baseline -0.001 -22"><span class='ocrx_word' id='word_1_16' title='bbox 730 994 797 1058; x_wconf 88' lang='lat' dir='ltr'><strong>pro</strong></span> <span class='ocrx_word' id='word_1_17' title='bbox 830 971 963 1057; x_wconf 90' lang='lat' dir='ltr'><strong>publica</strong></span> <span class='ocrx_word' id='word_1_18' title='bbox 994 974 1192 1035; x_wconf 89' lang='lat' dir='ltr'><strong>necessitate</strong></span> <span class='ocrx_word' id='word_1_19' title='bbox 1225 967 1447 1033; x_wconf 82' lang='lat' dir='ltr'><strong>conferuntur.</strong></span> <span class='ocrx_word' id='word_1_20' title='bbox 1493 967 1560 1031; x_wconf 88' lang='lat' dir='ltr'><strong>Sed</strong></span> <span class='ocrx_word' id='word_1_21' title='bbox 1601 970 1719 1052; x_wconf 81' lang='lat' dir='ltr'><strong>peribit</strong></span> <span class='ocrx_word' id='word_1_22' title='bbox 1741 966 1796 1030; x_wconf 89' lang='lat' dir='ltr'><strong>lex</strong></span> <span class='ocrx_word' id='word_1_23' title='bbox 1818 987 1839 1030; x_wconf 89' lang='lat' dir='ltr'><strong>a</strong></span> <span class='ocrx_word' id='word_1_24' title='bbox 1860 967 2053 1041; x_wconf 82' lang='lat' dir='ltr'><strong>sacerdote,</strong></span> <span class='ocrx_word' id='word_1_25' title='bbox 2085 985 2194 1049; x_wconf 91' lang='lat' dir='ltr'><strong>neque</strong></span> <span class='ocrx_word' id='word_1_26' title='bbox 2217 987 2280 1030; x_wconf 94' lang='lat' dir='ltr'><strong>con</strong></span> <span class='ocrx_word' id='word_1_27' title='bbox 2294 971 2298 1029; x_wconf 91' lang='grc' dir='ltr'>Ι</span> <span class='ocrx_word' id='word_1_28' title='bbox 2313 968 2422 1037; x_wconf 90' lang='lat' dir='ltr'><strong>silium</strong></span> <span class='ocrx_word' id='word_1_29' title='bbox 2488 996 2517 1035; x_wconf 80' lang='lat' dir='ltr'><strong>m</strong></span> 
     </span>
     <span class='ocr_line' id='line_1_4' title="bbox 738 1051 2420 1135; baseline -0.003 -14"><span class='ocrx_word' id='word_1_30' title='bbox 738 1060 780 1121; x_wconf 93' lang='lat' dir='ltr'><strong>de</strong></span> <span class='ocrx_word' id='word_1_31' title='bbox 801 1058 853 1121; x_wconf 90' lang='lat' dir='ltr'><strong>his</strong></span> <span class='ocrx_word' id='word_1_32' title='bbox 876 1055 971 1134; x_wconf 88' lang='lat' dir='ltr'><strong>alias,</strong></span> <span class='ocrx_word' id='word_1_33' title='bbox 993 1058 1075 1120; x_wconf 88' lang='lat' dir='ltr'><strong>satis</strong></span> <span class='ocrx_word' id='word_1_34' title='bbox 1097 1058 1140 1118; x_wconf 89' lang='lat' dir='ltr'><strong>sit</strong></span> <span class='ocrx_word' id='word_1_35' title='bbox 1161 1056 1328 1118; x_wconf 89' lang='lat' dir='ltr'><strong>monuisse</strong></span> <span class='ocrx_word' id='word_1_36' title='bbox 1350 1054 1559 1118; x_wconf 90' lang='lat' dir='ltr'><strong>sacerdotum</strong></span> <span class='ocrx_word' id='word_1_37' title='bbox 1601 1074 1623 1116; x_wconf 92' lang='lat' dir='ltr'><strong>a</strong></span> <span class='ocrx_word' id='word_1_38' title='bbox 1643 1053 1809 1135; x_wconf 82' lang='lat' dir='ltr'><strong>sapiente,</strong></span> <span class='ocrx_word' id='word_1_39' title='bbox 1838 1071 1902 1115; x_wconf 91' lang='lat' dir='ltr'><strong>nec</strong></span> <span class='ocrx_word' id='word_1_40' title='bbox 1932 1069 2040 1113; x_wconf 85' lang='lat' dir='ltr'><strong>senno</strong></span> <span class='ocrx_word' id='word_1_41' title='bbox 2062 1070 2084 1112; x_wconf 93' lang='lat' dir='ltr'><strong>a</strong></span> <span class='ocrx_word' id='word_1_42' title='bbox 2104 1051 2276 1134; x_wconf 86' lang='lat' dir='ltr'><strong>propheta.</strong></span> <span class='ocrx_word' id='word_1_43' title='bbox 2322 1054 2420 1128; x_wconf 87' lang='lat' dir='ltr'><strong>Quod</strong></span> 
     </span>
     <span class='ocr_line' id='line_1_5' title="bbox 736 1134 2421 1227; baseline 0.001 -23"><span class='ocrx_word' id='word_1_44' title='bbox 736 1140 831 1227; x_wconf 85' lang='lat' dir='ltr'><strong>leges</strong></span> <span class='ocrx_word' id='word_1_45' title='bbox 860 1145 902 1206; x_wconf 91' lang='lat' dir='ltr'><strong>de</strong></span> <span class='ocrx_word' id='word_1_46' title='bbox 929 1140 1079 1204; x_wconf 90' lang='lat' dir='ltr'><strong>civilibus</strong></span> <span class='ocrx_word' id='word_1_47' title='bbox 1107 1143 1207 1203; x_wconf 93' lang='lat' dir='ltr'><strong>rebus</strong></span> <span class='ocrx_word' id='word_1_48' title='bbox 1231 1151 1346 1202; x_wconf 90' lang='lat' dir='ltr'><strong>contra</strong></span> <span class='ocrx_word' id='word_1_49' title='bbox 1367 1138 1559 1201; x_wconf 88' lang='lat' dir='ltr'><strong>charitatem</strong></span> <span class='ocrx_word' id='word_1_50' title='bbox 1623 1139 1678 1201; x_wconf 91' lang='lat' dir='ltr'><strong>uid</strong></span> <span class='ocrx_word' id='word_1_51' title='bbox 1701 1134 1789 1200; x_wconf 86' lang='lat' dir='ltr'><strong>aliud</strong></span> <span class='ocrx_word' id='word_1_52' title='bbox 1812 1148 1881 1213; x_wconf 89' lang='lat' dir='ltr'><strong>est,</strong></span> <span class='ocrx_word' id='word_1_53' title='bbox 1909 1157 2007 1219; x_wconf 85' lang='lat' dir='ltr'><strong>quarn</strong></span> <span class='ocrx_word' id='word_1_54' title='bbox 2028 1137 2117 1218; x_wconf 92' lang='lat' dir='ltr'><strong>quod</strong></span> <span class='ocrx_word' id='word_1_55' title='bbox 2139 1135 2237 1201; x_wconf 92' lang='lat' dir='ltr'><strong>hodie</strong></span> <span class='ocrx_word' id='word_1_56' title='bbox 2259 1139 2338 1203; x_wconf 89' lang='lat' dir='ltr'><strong>dicit</strong></span> <span class='ocrx_word' id='word_1_57' title='bbox 2358 1140 2421 1206; x_wconf 87' lang='lat' dir='ltr'><strong>Ec·</strong></span> 
     </span>
     <span class='ocr_line' id='line_1_6' title="bbox 739 1158 2420 1312; baseline -0.001 -21"><span class='ocrx_word' id='word_1_58' title='bbox 739 1241 771 1291; x_wconf 93' lang='lat' dir='ltr'><strong>et</strong></span> <span class='ocrx_word' id='word_1_59' title='bbox 793 1248 996 1312; x_wconf 80' lang='lat' dir='ltr'><strong>permenam</strong></span> <span class='ocrx_word' id='word_1_60' title='bbox 1019 1227 1222 1312; x_wconf 84' lang='lat' dir='ltr'><strong>tyrannidem</strong></span> <span class='ocrx_word' id='word_1_61' title='bbox 1246 1225 1395 1288; x_wconf 85' lang='lat' dir='ltr'><strong>conditas</strong></span> <span class='ocrx_word' id='word_1_62' title='bbox 1418 1236 1512 1286; x_wconf 80' lang='lat' dir='ltr'><strong>esse.¹</strong></span> <span class='ocrx_word' id='word_1_63' title='bbox 1601 1158 1704 1285; x_wconf 57' lang='lat' dir='ltr'><strong>desta</strong></span> <span class='ocrx_word' id='word_1_64' title='bbox 1725 1222 1905 1308; x_wconf 86' lang='lat' dir='ltr'><strong>papistica,</strong></span> <span class='ocrx_word' id='word_1_65' title='bbox 1935 1221 2044 1283; x_wconf 88' lang='lat' dir='ltr'><strong>Penes</strong></span> <span class='ocrx_word' id='word_1_66' title='bbox 2074 1240 2137 1283; x_wconf 91' lang='lat' dir='ltr'><strong>nos</strong></span> <span class='ocrx_word' id='word_1_67' title='bbox 2167 1233 2219 1285; x_wconf 92' lang='lat' dir='ltr'><strong>est</strong></span> <span class='ocrx_word' id='word_1_68' title='bbox 2240 1228 2420 1290; x_wconf 89' lang='lat' dir='ltr'><strong>auctoritas</strong></span> 
     </span>
     <span class='ocr_line' id='line_1_7' title="bbox 1521 1303 2421 1402; baseline 0.008 -34"><span class='ocrx_word' id='word_1_69' title='bbox 1521 1340 1557 1402; x_wconf 53' lang='lat' dir='ltr'><strong>fi„</strong></span> <span class='ocrx_word' id='word_1_70' title='bbox 1600 1307 1780 1382; x_wconf 87' lang='lat' dir='ltr'><strong>statuendi,</strong></span> <span class='ocrx_word' id='word_1_71' title='bbox 1814 1303 1995 1369; x_wconf 79' lang='lat' dir='ltr'><strong>Concilium</strong></span> <span class='ocrx_word' id='word_1_72' title='bbox 2029 1307 2152 1388; x_wconf 84' lang='lat' dir='ltr'><strong>regitur</strong></span> <span class='ocrx_word' id='word_1_73' title='bbox 2183 1308 2368 1374; x_wconf 87' lang='lat' dir='ltr'><strong>immediate</strong></span> <span class='ocrx_word' id='word_1_74' title='bbox 2400 1332 2421 1375; x_wconf 90' lang='lat' dir='ltr'><strong>a</strong></span> 
     </span>
     <span class='ocr_line' id='line_1_8' title="bbox 1600 1392 2420 1473; baseline 0.009 -20"><span class='ocrx_word' id='word_1_75' title='bbox 1600 1392 1715 1473; x_wconf 90' lang='lat' dir='ltr'><strong>spiritu</strong></span> <span class='ocrx_word' id='word_1_76' title='bbox 1738 1402 1867 1467; x_wconf 86' lang='lat' dir='ltr'><strong>sancto,</strong></span> <span class='ocrx_word' id='word_1_77' title='bbox 1888 1409 1952 1452; x_wconf 89' lang='lat' dir='ltr'><strong>nec</strong></span> <span class='ocrx_word' id='word_1_78' title='bbox 1973 1401 2083 1472; x_wconf 90' lang='lat' dir='ltr'><strong>potest</strong></span> <span class='ocrx_word' id='word_1_79' title='bbox 2101 1401 2225 1469; x_wconf 86' lang='lat' dir='ltr'><strong>errare,</strong></span> <span class='ocrx_word' id='word_1_80' title='bbox 2248 1411 2365 1459; x_wconf 89' lang='lat' dir='ltr'><strong>sacrae</strong></span> <span class='ocrx_word' id='word_1_81' title='bbox 2383 1395 2420 1460; x_wconf 94' lang='lat' dir='ltr'><strong>li·</strong></span> 
     </span>
    </p>
   </div>
   <div class='ocr_carea' id='block_1_3' title="bbox 737 1477 2421 1641">
    <p class='ocr_par' dir='ltr' id='par_1_3' title="bbox 737 1477 2421 1641">
     <span class='ocr_line' id='line_1_9' title="bbox 737 1477 2421 1597; baseline -0.018 -6"><span class='ocrx_word' id='word_1_82' title='bbox 737 1518 799 1590; x_wconf 70' lang='grc'><strong>818,</strong></span> <span class='ocrx_word' id='word_1_83' title='bbox 821 1515 997 1597; x_wconf 80' lang='lat' dir='ltr'><strong>quidquam</strong></span> <span class='ocrx_word' id='word_1_84' title='bbox 1018 1514 1164 1578; x_wconf 89' lang='lat' dir='ltr'><strong>mutandi</strong></span> <span class='ocrx_word' id='word_1_85' title='bbox 1191 1525 1249 1578; x_wconf 90' lang='lat' dir='ltr'><strong>aut</strong></span> <span class='ocrx_word' id='word_1_86' title='bbox 1271 1512 1444 1580; x_wconf 85' lang='lat' dir='ltr'><strong>statuendi·</strong></span> <span class='ocrx_word' id='word_1_87' title='bbox 1490 1509 1557 1574; x_wconf 88' lang='lat' dir='ltr'><strong>Sed</strong></span> <span class='ocrx_word' id='word_1_88' title='bbox 1599 1487 1691 1539; x_wconf 49' lang='lat'><strong>‘⁰¹⁸⁰</strong></span> <span class='ocrx_word' id='word_1_89' title='bbox 1725 1486 1801 1537; x_wconf 60' lang='lat' dir='ltr'>⁵¹¹¹¹t</span> <span class='ocrx_word' id='word_1_90' title='bbox 1825 1507 1829 1557; x_wconf 86' lang='grc' dir='ltr'>Ι</span> <span class='ocrx_word' id='word_1_91' title='bbox 1854 1477 2018 1578; x_wconf 67' lang='lat' dir='ltr'><strong>⁰b‚⁸⁰¹¹ffl⁸</strong></span> <span class='ocrx_word' id='word_1_92' title='bbox 2046 1485 2078 1537; x_wconf 63' lang='lat'><strong>‘³‘</strong></span> <span class='ocrx_word' id='word_1_93' title='bbox 2100 1478 2284 1580; x_wconf 40' lang='lat' dir='ltr'><strong>ambigui&amp;</strong></span> <span class='ocrx_word' id='word_1_94' title='bbox 2316 1501 2421 1563; x_wconf 90' lang='lat' dir='ltr'><strong>penes</strong></span> 
     </span>
     <span class='ocr_line' id='line_1_10' title="bbox 1599 1562 2420 1641; baseline 0.007 -18"><span class='ocrx_word' id='word_1_95' title='bbox 1599 1579 1662 1624; x_wconf 91' lang='lat' dir='ltr'><strong>nos</strong></span> <span class='ocrx_word' id='word_1_96' title='bbox 1685 1571 1737 1622; x_wconf 89' lang='lat' dir='ltr'><strong>est</strong></span> <span class='ocrx_word' id='word_1_97' title='bbox 1759 1578 1871 1622; x_wconf 89' lang='lat' dir='ltr'><strong>earum</strong></span> <span class='ocrx_word' id='word_1_98' title='bbox 1893 1562 2210 1641; x_wconf 83' lang='lat' dir='ltr'><strong>mterpretandanmr</strong></span> <span class='ocrx_word' id='word_1_99' title='bbox 2239 1584 2289 1626; x_wconf 86' lang='lat' dir='ltr'><strong>rus</strong></span> <span class='ocrx_word' id='word_1_100' title='bbox 2319 1577 2352 1628; x_wconf 91' lang='lat' dir='ltr'><strong>et</strong></span> <span class='ocrx_word' id='word_1_101' title='bbox 2373 1564 2420 1630; x_wconf 84' lang='lat' dir='ltr'><strong>la·</strong></span> 
     </span>
    </p>
   </div>
   <div class='ocr_carea' id='block_1_4' title="bbox 735 1593 2421 1879">
    <p class='ocr_par' dir='ltr' id='par_1_4' title="bbox 735 1593 2421 1879">
     <span class='ocr_line' id='line_1_11' title="bbox 737 1593 1863 1706; baseline 0 -44"><span class='ocrx_word' id='word_1_102' title='bbox 737 1597 939 1681; x_wconf 90' lang='lat' dir='ltr'><strong>simpliciter·</strong></span> <span class='ocrx_word' id='word_1_103' title='bbox 955 1600 998 1662; x_wconf 90' lang='lat' dir='ltr'><strong>ad</strong></span> <span class='ocrx_word' id='word_1_104' title='bbox 1026 1600 1266 1682; x_wconf 90' lang='lat' dir='ltr'><strong>praescriptum</strong></span> <span class='ocrx_word' id='word_1_105' title='bbox 1294 1617 1464 1662; x_wconf 88' lang='lat' dir='ltr'><strong>sacrarum</strong></span> <span class='ocrx_word' id='word_1_106' title='bbox 1487 1593 1557 1660; x_wconf 88' lang='lat' dir='ltr'><strong>lite·</strong></span> <span class='ocrx_word' id='word_1_107' title='bbox 1644 1644 1656 1706; x_wconf 75' lang='lat' dir='ltr'>l</span> <span class='ocrx_word' id='word_1_108' title='bbox 1702 1666 1708 1676; x_wconf 57' lang='grc'><strong>,</strong></span> <span class='ocrx_word' id='word_1_109' title='bbox 1856 1667 1863 1683; x_wconf 49' lang='grc'><strong>,</strong></span> 
     </span>
     <span class='ocr_line' id='line_1_12' title="bbox 735 1642 2421 1767; baseline 0.001 -19"><span class='ocrx_word' id='word_1_110' title='bbox 735 1704 846 1748; x_wconf 86' lang='lat' dir='ltr'><strong>rarum</strong></span> <span class='ocrx_word' id='word_1_111' title='bbox 868 1684 1019 1767; x_wconf 74' lang='lat' dir='ltr'><strong>exigendi</strong></span> <span class='ocrx_word' id='word_1_112' title='bbox 1041 1695 1120 1746; x_wconf 88' lang='lat' dir='ltr'><strong>sunt</strong></span> <span class='ocrx_word' id='word_1_113' title='bbox 1140 1682 1269 1747; x_wconf 81' lang='lat' dir='ltr'><strong>articuli</strong></span> <span class='ocrx_word' id='word_1_114' title='bbox 1290 1682 1377 1746; x_wconf 86' lang='lat' dir='ltr'><strong>fidei.</strong></span> <span class='ocrx_word' id='word_1_115' title='bbox 1406 1681 1479 1744; x_wconf 91' lang='lat' dir='ltr'><strong>Nec</strong></span> <span class='ocrx_word' id='word_1_116' title='bbox 1499 1679 1556 1744; x_wconf 89' lang='lat' dir='ltr'><strong>ha·</strong></span> <span class='ocrx_word' id='word_1_117' title='bbox 1601 1667 1642 1709; x_wconf 79' lang='lat'><strong>⁰¹¹</strong></span> <span class='ocrx_word' id='word_1_118' title='bbox 1658 1657 1721 1747; x_wconf 63' lang='lat'><strong>¹⁸⁶?</strong></span> <span class='ocrx_word' id='word_1_119' title='bbox 1744 1655 1776 1707; x_wconf 42' lang='grc' dir='ltr'><strong>εἰ·</strong></span> <span class='ocrx_word' id='word_1_120' title='bbox 1798 1644 1863 1707; x_wconf 65' lang='lat'><strong>¹¹⁰⁶</strong></span> <span class='ocrx_word' id='word_1_121' title='bbox 1886 1665 1992 1728; x_wconf 64' lang='lat' dir='ltr'>genus</span> <span class='ocrx_word' id='word_1_122' title='bbox 2013 1642 2125 1708; x_wconf 51' lang='lat' dir='ltr'><strong>mulla·</strong></span> <span class='ocrx_word' id='word_1_123' title='bbox 2166 1646 2234 1709; x_wconf 65' lang='lat'><strong>¹⁸⁰¹</strong></span> <span class='ocrx_word' id='word_1_124' title='bbox 2256 1648 2421 1766; x_wconf 40' lang='lat' dir='ltr'><strong>ellim}</strong></span> 
     </span>
     <span class='ocr_line' id='line_1_13' title="bbox 1624 1726 2420 1879; baseline 0.005 -85"><span class='ocrx_word' id='word_1_125' title='bbox 1624 1732 1803 1794; x_wconf 83' lang='lat' dir='ltr'><strong>raetlrctum</strong></span> <span class='ocrx_word' id='word_1_126' title='bbox 1835 1740 1887 1793; x_wconf 90' lang='lat' dir='ltr'><strong>est</strong></span> <span class='ocrx_word' id='word_1_127' title='bbox 1917 1726 2006 1808; x_wconf 85' lang='lat' dir='ltr'><strong>sore,</strong></span> <span class='ocrx_word' id='word_1_128' title='bbox 2045 1741 2082 1792; x_wconf 92' lang='lat' dir='ltr'><strong>ut</strong></span> <span class='ocrx_word' id='word_1_129' title='bbox 2114 1743 2224 1795; x_wconf 89' lang='lat' dir='ltr'><strong>errent</strong></span> <span class='ocrx_word' id='word_1_130' title='bbox 2256 1755 2420 1879; x_wconf 77' lang='lat' dir='ltr'><strong>principes</strong></span> 
     </span>
    </p>
   </div>
   <div class='ocr_carea' id='block_1_5' title="bbox 735 1754 2420 1984">
    <p class='ocr_par' dir='ltr' id='par_1_5' title="bbox 735 1754 2420 1984">
     <span class='ocr_line' id='line_1_14' title="bbox 735 1754 2420 1894; baseline 0.012 -30"><span class='ocrx_word' id='word_1_131' title='bbox 735 1770 879 1885; x_wconf 50' lang='lat' dir='ltr'><strong>leldffln</strong></span> <span class='ocrx_word' id='word_1_132' title='bbox 908 1768 1049 1871; x_wconf 45' lang='lat' dir='ltr'><strong>est&#39;l&#39;f‘l</strong></span> <span class='ocrx_word' id='word_1_133' title='bbox 1072 1766 1211 1832; x_wconf 56' lang='lat' dir='ltr'><strong>amb</strong></span> <span class='ocrx_word' id='word_1_134' title='bbox 1234 1767 1327 1870; x_wconf 48' lang='lat' dir='ltr'><strong>fidli’</strong></span> <span class='ocrx_word' id='word_1_135' title='bbox 1357 1767 1445 1850; x_wconf 55' lang='grc' dir='ltr'><strong>(ΨΜ</strong></span> <span class='ocrx_word' id='word_1_136' title='bbox 1476 1767 1557 1867; x_wconf 45' lang='lat' dir='ltr'><strong>cilia</strong></span> <span class='ocrx_word' id='word_1_137' title='bbox 1599 1754 1956 1887; x_wconf 64' lang='lat' dir='ltr'><strong>llcclesiae⁴⁴)Ezech.</strong></span> <span class='ocrx_word' id='word_1_138' title='bbox 1978 1811 2049 1876; x_wconf 89' lang='lat' dir='ltr'><strong>Vll.</strong></span> <span class='ocrx_word' id='word_1_139' title='bbox 2073 1819 2138 1894; x_wconf 85' lang='lat' dir='ltr'><strong>[vs.</strong></span> <span class='ocrx_word' id='word_1_140' title='bbox 2157 1815 2238 1894; x_wconf 58' lang='lat' dir='ltr'><strong>aua]</strong></span> <span class='ocrx_word' id='word_1_141' title='bbox 2287 1839 2329 1882; x_wconf 86' lang='lat' dir='ltr'><strong>ex</strong></span> <span class='ocrx_word' id='word_1_142' title='bbox 2371 1840 2420 1884; x_wconf 93' lang='lat' dir='ltr'><strong>er·</strong></span> 
     </span>
     <span class='ocr_line' id='line_1_15' title="bbox 736 1841 2418 1984; baseline 0.013 -37"><span class='ocrx_word' id='word_1_143' title='bbox 736 1864 931 1936; x_wconf 50' lang='lat' dir='ltr'><strong>multum</strong></span> <span class='ocrx_word' id='word_1_144' title='bbox 953 1854 1116 1936; x_wconf 59' lang='lat' dir='ltr'>Ps⁰d¹⁸¹¹¹¹¹</span> <span class='ocrx_word' id='word_1_145' title='bbox 1139 1865 1200 1916; x_wconf 65' lang='lat'><strong>‘³⁸¹&#39;</strong></span> <span class='ocrx_word' id='word_1_146' title='bbox 1236 1852 1391 1929; x_wconf 64' lang='lat' dir='ltr'>anum’</span> <span class='ocrx_word' id='word_1_147' title='bbox 1411 1872 1455 1916; x_wconf 71' lang='lat'><strong>¹¹⁰</strong></span> <span class='ocrx_word' id='word_1_148' title='bbox 1479 1851 1557 1934; x_wconf 67' lang='lat' dir='ltr'><strong>qmd</strong></span> <span class='ocrx_word' id='word_1_149' title='bbox 1601 1902 1659 1966; x_wconf 92' lang='lat' dir='ltr'><strong>ibit</strong></span> <span class='ocrx_word' id='word_1_150' title='bbox 1681 1922 1702 1963; x_wconf 88' lang='lat' dir='ltr'><strong>a</strong></span> <span class='ocrx_word' id='word_1_151' title='bbox 1719 1899 1905 1978; x_wconf 84' lang='lat' dir='ltr'><strong>sacerdote,</strong></span> <span class='ocrx_word' id='word_1_152' title='bbox 1924 1909 1956 1962; x_wconf 92' lang='lat' dir='ltr'><strong>et</strong></span> <span class='ocrx_word' id='word_1_153' title='bbox 1974 1897 2147 1963; x_wconf 89' lang='lat' dir='ltr'><strong>consilium</strong></span> <span class='ocrx_word' id='word_1_154' title='bbox 2165 1922 2185 1963; x_wconf 93' lang='lat' dir='ltr'><strong>a</strong></span> <span class='ocrx_word' id='word_1_155' title='bbox 2203 1841 2418 1984; x_wconf 66' lang='lat' dir='ltr'><strong>senioriblrS,³</strong></span> 
     </span>
    </p>
   </div>
   <div class='ocr_carea' id='block_1_6' title="bbox 651 1933 2540 2530">
    <p class='ocr_par' dir='ltr' id='par_1_6' title="bbox 651 1933 2540 2530">
     <span class='ocr_line' id='line_1_16' title="bbox 735 1933 2540 2070; baseline 0 -17"><span class='ocrx_word' id='word_1_156' title='bbox 735 1949 878 2040; x_wconf 57' lang='lat' dir='ltr'><strong>mntem-r</strong></span> <span class='ocrx_word' id='word_1_157' title='bbox 909 1936 1043 2041; x_wconf 39' lang='lat' dir='ltr'><strong>Pffulloe·</strong></span> <span class='ocrx_word' id='word_1_158' title='bbox 1066 1939 1231 2054; x_wconf 43' lang='lat' dir='ltr'><strong>inbelad</strong></span> <span class='ocrx_word' id='word_1_159' title='bbox 1266 1936 1401 2061; x_wconf 38' lang='lat' dir='ltr'><strong>Galffm</strong></span> <span class='ocrx_word' id='word_1_160' title='bbox 1424 1936 1480 2039; x_wconf 49' lang='grc' dir='ltr'><strong>μ’</strong></span> <span class='ocrx_word' id='word_1_161' title='bbox 1503 1933 1556 2038; x_wconf 74' lang='grc'><strong>·9”]</strong></span> <span class='ocrx_word' id='word_1_162' title='bbox 1600 1984 1645 2049; x_wconf 89' lang='lat' dir='ltr'><strong>Et</strong></span> <span class='ocrx_word' id='word_1_163' title='bbox 1660 1984 1776 2070; x_wconf 84' lang='lat' dir='ltr'><strong>hlatth.</strong></span> <span class='ocrx_word' id='word_1_164' title='bbox 1795 1983 1915 2048; x_wconf 79' lang='lat' dir='ltr'><strong>xxiv.</strong></span> <span class='ocrx_word' id='word_1_165' title='bbox 1934 1989 1999 2062; x_wconf 83' lang='lat' dir='ltr'><strong>[vs.</strong></span> <span class='ocrx_word' id='word_1_166' title='bbox 2017 1984 2101 2066; x_wconf 66' lang='lat' dir='ltr'><strong>aaz]</strong></span> <span class='ocrx_word' id='word_1_167' title='bbox 2120 1984 2419 2070; x_wconf 85' lang='lat' dir='ltr'><strong>Surgentpseudo·</strong></span> <span class='ocrx_word' id='word_1_168' title='bbox 2455 1992 2496 2053; x_wconf 73' lang='grc'><strong>47,</strong></span> <span class='ocrx_word' id='word_1_169' title='bbox 2514 1992 2540 2042; x_wconf 88' lang='lat' dir='ltr'><strong>b.</strong></span> 
     </span>
     <span class='ocr_line' id='line_1_17' title="bbox 736 2017 2421 2170; baseline 0.029 -82"><span class='ocrx_word' id='word_1_170' title='bbox 736 2043 811 2088; x_wconf 82' lang='lat' dir='ltr'><strong>cum</strong></span> <span class='ocrx_word' id='word_1_171' title='bbox 832 2035 894 2099; x_wconf 83' lang='lat' dir='ltr'><strong>art,</strong></span> <span class='ocrx_word' id='word_1_172' title='bbox 925 2022 961 2170; x_wconf 49' lang='grc' dir='ltr'><strong>ᾖ</strong></span> <span class='ocrx_word' id='word_1_173' title='bbox 990 2042 1062 2106; x_wconf 84' lang='lat' dir='ltr'><strong>quts</strong></span> <span class='ocrx_word' id='word_1_174' title='bbox 1082 2025 1179 2125; x_wconf 60' lang='lat' dir='ltr'>J⁰P¹⁵</span> <span class='ocrx_word' id='word_1_175' title='bbox 1207 2024 1448 2169; x_wconf 54' lang='lat' dir='ltr'><strong>limfldwellt</strong></span> <span class='ocrx_word' id='word_1_176' title='bbox 1469 2017 1557 2167; x_wconf 49' lang='lat' dir='ltr'>{hud</span> <span class='ocrx_word' id='word_1_177' title='bbox 1602 2071 1717 2134; x_wconf 87' lang='lat' dir='ltr'><strong>christi</strong></span> <span class='ocrx_word' id='word_1_178' title='bbox 1741 2080 1774 2134; x_wconf 92' lang='lat' dir='ltr'><strong>et</strong></span> <span class='ocrx_word' id='word_1_179' title='bbox 1797 2068 2108 2152; x_wconf 77' lang='lat' dir='ltr'><strong>pseudoprophetae</strong></span> <span class='ocrx_word' id='word_1_180' title='bbox 2126 2080 2158 2134; x_wconf 93' lang='lat' dir='ltr'><strong>et</strong></span> <span class='ocrx_word' id='word_1_181' title='bbox 2181 2073 2305 2134; x_wconf 89' lang='lat' dir='ltr'><strong>dabmrt</strong></span> <span class='ocrx_word' id='word_1_182' title='bbox 2322 2075 2421 2156; x_wconf 83' lang='lat' dir='ltr'><strong>signa</strong></span> 
     </span>
     <span class='ocr_line' id='line_1_18' title="bbox 695 2118 2420 2275; baseline 0.003 -61"><span class='ocrx_word' id='word_1_183' title='bbox 695 2248 702 2261; x_wconf 37' lang='lat'><strong>·</strong></span> <span class='ocrx_word' id='word_1_184' title='bbox 735 2127 936 2274; x_wconf 50' lang='grc' dir='ltr'><strong>Ἓωὲοῗὲςῖ</strong></span> <span class='ocrx_word' id='word_1_185' title='bbox 966 2119 1468 2275; x_wconf 46' lang='grc' dir='ltr'><strong>δῖῗξξξὲδῃὲἑεὲῐῖαὲΐὲζῗθὲῗῶ</strong></span> <span class='ocrx_word' id='word_1_186' title='bbox 1493 2118 1556 2274; x_wconf 57' lang='lat' dir='ltr'><strong>tgffi</strong></span> <span class='ocrx_word' id='word_1_187' title='bbox 1601 2177 1721 2241; x_wconf 79' lang='lat' dir='ltr'><strong>magna</strong></span> <span class='ocrx_word' id='word_1_188' title='bbox 1739 2166 1801 2218; x_wconf 85' lang='lat' dir='ltr'><strong>etc.</strong></span> <span class='ocrx_word' id='word_1_189' title='bbox 1844 2152 1974 2218; x_wconf 88' lang='lat' dir='ltr'><strong>Deinde</strong></span> <span class='ocrx_word' id='word_1_190' title='bbox 1992 2165 2031 2218; x_wconf 90' lang='lat' dir='ltr'><strong>ut·</strong></span> <span class='ocrx_word' id='word_1_191' title='bbox 2044 2156 2182 2220; x_wconf 83' lang='lat' dir='ltr'><strong>maxime</strong></span> <span class='ocrx_word' id='word_1_192' title='bbox 2199 2157 2347 2237; x_wconf 90' lang='lat' dir='ltr'><strong>spiritum</strong></span> <span class='ocrx_word' id='word_1_193' title='bbox 2366 2159 2420 2221; x_wconf 90' lang='lat' dir='ltr'><strong>dei</strong></span> 
     </span>
     <span class='ocr_line' id='line_1_19' title="bbox 651 2235 2419 2360; baseline 0.005 -23"><span class='ocrx_word' id='word_1_194' title='bbox 651 2247 658 2271; x_wconf 51' lang='lat'>³</span> <span class='ocrx_word' id='word_1_195' title='bbox 758 2277 874 2340; x_wconf 83' lang='lat' dir='ltr'><strong>&#39;ssidet</strong></span> <span class='ocrx_word' id='word_1_196' title='bbox 903 2276 1137 2360; x_wconf 74' lang='lat' dir='ltr'><strong>ascriptum?</strong></span> <span class='ocrx_word' id='word_1_197' title='bbox 1233 2278 1266 2340; x_wconf 96' lang='lat' dir='ltr'><strong>in</strong></span> <span class='ocrx_word' id='word_1_198' title='bbox 1288 2257 1398 2360; x_wconf 84' lang='lat' dir='ltr'><strong>potius¹</strong></span> <span class='ocrx_word' id='word_1_199' title='bbox 1420 2265 1556 2359; x_wconf 84' lang='lat' dir='ltr'><strong>spiritus</strong></span> <span class='ocrx_word' id='word_1_200' title='bbox 1591 2241 1881 2342; x_wconf 64' lang='lat' dir='ltr'><strong>·l¹⁸b⁰⁸t.⁵⁰¹¹¹it¹¹⁵</strong></span> <span class='ocrx_word' id='word_1_201' title='bbox 1907 2235 2139 2342; x_wconf 54' lang='lat' dir='ltr'><strong>⁰⁰¹¹s³¹l¹9f¹¹m&#39;</strong></span> <span class='ocrx_word' id='word_1_202' title='bbox 2166 2259 2279 2304; x_wconf 62' lang='lat' dir='ltr'><strong>“me</strong></span> <span class='ocrx_word' id='word_1_203' title='bbox 2308 2252 2419 2306; x_wconf 53' lang='lat'><strong>”¹³⁰⁰</strong></span> 
     </span>
     <span class='ocr_line' id='line_1_20' title="bbox 691 2321 2414 2446; baseline -0.003 -53"><span class='ocrx_word' id='word_1_204' title='bbox 691 2390 693 2394; x_wconf 87' lang='grc'>,</span> <span class='ocrx_word' id='word_1_205' title='bbox 735 2361 875 2426; x_wconf 60' lang='lat' dir='ltr'><strong>mendax</strong></span> <span class='ocrx_word' id='word_1_206' title='bbox 897 2371 966 2439; x_wconf 53' lang='lat' dir='ltr'><strong>est,</strong></span> <span class='ocrx_word' id='word_1_207' title='bbox 995 2365 1050 2446; x_wconf 58' lang='lat' dir='ltr'><strong>qui</strong></span> <span class='ocrx_word' id='word_1_208' title='bbox 1072 2363 1259 2444; x_wconf 58' lang='lat' dir='ltr'><strong>pronuntiat</strong></span> <span class='ocrx_word' id='word_1_209' title='bbox 1281 2363 1443 2428; x_wconf 51' lang='lat' dir='ltr'>adversus</span> <span class='ocrx_word' id='word_1_210' title='bbox 1473 2360 1556 2424; x_wconf 51' lang='lat' dir='ltr'><strong>vesp·</strong></span> <span class='ocrx_word' id='word_1_211' title='bbox 1602 2345 1704 2412; x_wconf 88' lang='lat' dir='ltr'><strong>posse</strong></span> <span class='ocrx_word' id='word_1_212' title='bbox 1732 2345 1764 2387; x_wconf 92' lang='lat' dir='ltr'><strong>1n</strong></span> <span class='ocrx_word' id='word_1_213' title='bbox 1777 2331 1782 2385; x_wconf 89' lang='grc' dir='ltr'>Ι</span> <span class='ocrx_word' id='word_1_214' title='bbox 1796 2325 1883 2402; x_wconf 87' lang='lat' dir='ltr'><strong>drcat</strong></span> <span class='ocrx_word' id='word_1_215' title='bbox 1911 2335 2073 2406; x_wconf 75' lang='lat' dir='ltr'><strong>scriptura</strong></span> <span class='ocrx_word' id='word_1_216' title='bbox 2090 2321 2209 2426; x_wconf 59' lang='lat' dir='ltr'><strong>urach.</strong></span> <span class='ocrx_word' id='word_1_217' title='bbox 2230 2324 2328 2388; x_wconf 86' lang='lat' dir='ltr'><strong>Xllil.</strong></span> <span class='ocrx_word' id='word_1_218' title='bbox 2349 2329 2414 2404; x_wconf 88' lang='lat' dir='ltr'><strong>[vs.</strong></span> 
     </span>
     <span class='ocr_line' id='line_1_21' title="bbox 734 2406 2418 2530; baseline 0.002 -58"><span class='ocrx_word' id='word_1_219' title='bbox 734 2457 845 2510; x_wconf 44' lang='lat' dir='ltr'><strong>mem·</strong></span> <span class='ocrx_word' id='word_1_220' title='bbox 888 2444 1407 2530; x_wconf 73' lang='lat' dir='ltr'><strong>Etad&#39;fimotheum.11,epist.</strong></span> <span class='ocrx_word' id='word_1_221' title='bbox 1442 2445 1475 2524; x_wconf 55' lang='grc'><strong>6,</strong></span> <span class='ocrx_word' id='word_1_222' title='bbox 1497 2444 1555 2525; x_wconf 57' lang='lat'><strong>33]</strong></span> <span class='ocrx_word' id='word_1_223' title='bbox 1600 2410 1660 2492; x_wconf 67' lang='lat' dir='ltr'><strong>aa]</strong></span> <span class='ocrx_word' id='word_1_224' title='bbox 1678 2407 1848 2493; x_wconf 86' lang='lat' dir='ltr'><strong>Propheta</strong></span> <span class='ocrx_word' id='word_1_225' title='bbox 1872 2430 1945 2473; x_wconf 92' lang='lat' dir='ltr'><strong>cmn</strong></span> <span class='ocrx_word' id='word_1_226' title='bbox 1969 2415 2129 2473; x_wconf 80' lang='lat' dir='ltr'><strong>errarent</strong></span> <span class='ocrx_word' id='word_1_227' title='bbox 2149 2420 2182 2473; x_wconf 92' lang='lat' dir='ltr'><strong>et</strong></span> <span class='ocrx_word' id='word_1_228' title='bbox 2198 2406 2329 2474; x_wconf 90' lang='lat' dir='ltr'><strong>locutus</strong></span> <span class='ocrx_word' id='word_1_229' title='bbox 2347 2409 2418 2475; x_wconf 92' lang='lat' dir='ltr'><strong>fue·</strong></span> 
     </span>
    </p>
   </div>
   <div class='ocr_carea' id='block_1_7' title="bbox 735 2487 2419 2615">
    <p class='ocr_par' dir='ltr' id='par_1_7' title="bbox 735 2487 2419 2615">
     <span class='ocr_line' id='line_1_22' title="bbox 735 2487 2419 2615; baseline -0.007 -44"><span class='ocrx_word' id='word_1_230' title='bbox 735 2529 772 2594; x_wconf 62' lang='lat' dir='ltr'><strong>Si</strong></span> <span class='ocrx_word' id='word_1_231' title='bbox 799 2531 873 2614; x_wconf 63' lang='lat' dir='ltr'><strong>quis</strong></span> <span class='ocrx_word' id='word_1_232' title='bbox 902 2527 998 2594; x_wconf 55' lang='lat' dir='ltr'><strong>,pter</strong></span> <span class='ocrx_word' id='word_1_233' title='bbox 1019 2532 1137 2609; x_wconf 53' lang='lat' dir='ltr'><strong>docet,</strong></span> <span class='ocrx_word' id='word_1_234' title='bbox 1160 2543 1193 2596; x_wconf 63' lang='lat' dir='ltr'><strong>et</strong></span> <span class='ocrx_word' id='word_1_235' title='bbox 1213 2551 1283 2596; x_wconf 64' lang='lat' dir='ltr'><strong>„on</strong></span> <span class='ocrx_word' id='word_1_236' title='bbox 1301 2531 1485 2615; x_wconf 61' lang='lat' dir='ltr'><strong>acquiescit</strong></span> <span class='ocrx_word' id='word_1_237' title='bbox 1505 2549 1557 2594; x_wconf 60' lang='lat' dir='ltr'><strong>sa„</strong></span> <span class='ocrx_word' id='word_1_238' title='bbox 1600 2498 1642 2561; x_wconf 90' lang='lat' dir='ltr'><strong>rit</strong></span> <span class='ocrx_word' id='word_1_239' title='bbox 1659 2497 1807 2573; x_wconf 90' lang='lat' dir='ltr'><strong>verbum,</strong></span> <span class='ocrx_word' id='word_1_240' title='bbox 1870 2515 1889 2556; x_wconf 90' lang='grc' dir='ltr'>ο</span> <span class='ocrx_word' id='word_1_241' title='bbox 1909 2493 2059 2558; x_wconf 89' lang='lat' dir='ltr'><strong>dominus</strong></span> <span class='ocrx_word' id='word_1_242' title='bbox 2078 2487 2132 2578; x_wconf 76' lang='lat' dir='ltr'><strong>qu&#39;i</strong></span> <span class='ocrx_word' id='word_1_243' title='bbox 2149 2493 2264 2576; x_wconf 90' lang='lat' dir='ltr'><strong>decepi</strong></span> <span class='ocrx_word' id='word_1_244' title='bbox 2275 2494 2419 2577; x_wconf 88' lang='lat' dir='ltr'><strong>propbe-</strong></span> 
     </span>
    </p>
   </div>
   <div class='ocr_carea' id='block_1_8' title="bbox 734 2575 2418 2699">
    <p class='ocr_par' dir='ltr' id='par_1_8' title="bbox 734 2575 2418 2699">
     <span class='ocr_line' id='line_1_23' title="bbox 734 2575 2418 2699; baseline 0.004 -22"><span class='ocrx_word' id='word_1_245' title='bbox 734 2615 787 2677; x_wconf 90' lang='lat' dir='ltr'><strong>nis</strong></span> <span class='ocrx_word' id='word_1_246' title='bbox 809 2616 1042 2683; x_wconf 83' lang='lat' dir='ltr'><strong>sertmonibus</strong></span> <span class='ocrx_word' id='word_1_247' title='bbox 1064 2615 1142 2680; x_wconf 85' lang='lat' dir='ltr'><strong>lesu</strong></span> <span class='ocrx_word' id='word_1_248' title='bbox 1151 2614 1471 2699; x_wconf 82' lang='lat' dir='ltr'><strong>Christi,.superbus</strong></span> <span class='ocrx_word' id='word_1_249' title='bbox 1494 2626 1555 2678; x_wconf 86' lang='lat' dir='ltr'><strong>est</strong></span> <span class='ocrx_word' id='word_1_250' title='bbox 1599 2593 1666 2645; x_wconf 58' lang='lat'><strong>”¹¹¹¹</strong></span> <span class='ocrx_word' id='word_1_251' title='bbox 1689 2578 1787 2643; x_wconf 68' lang='lat' dir='ltr'><strong>mum·</strong></span> <span class='ocrx_word' id='word_1_252' title='bbox 1820 2641 1822 2646; x_wconf 95' lang='lat'>·</span> <span class='ocrx_word' id='word_1_253' title='bbox 1865 2580 1928 2641; x_wconf 55' lang='grc' dir='ltr'><strong>ΗΠ</strong></span> <span class='ocrx_word' id='word_1_254' title='bbox 1950 2577 2003 2641; x_wconf 76' lang='lat' dir='ltr'><strong>ffl&#39;</strong></span> <span class='ocrx_word' id='word_1_255' title='bbox 2021 2575 2268 2663; x_wconf 59' lang='lat' dir='ltr'><strong>Regumffll&#39;lte</strong></span> <span class='ocrx_word' id='word_1_256' title='bbox 2293 2577 2418 2644; x_wconf 63' lang='lat' dir='ltr'><strong>”him</strong></span> 
     </span>
    </p>
   </div>
   <div class='ocr_carea' id='block_1_9' title="bbox 735 2697 1557 2868">
    <p class='ocr_par' dir='ltr' id='par_1_9' title="bbox 735 2697 1557 2868">
     <span class='ocr_line' id='line_1_24' title="bbox 735 2697 1557 2785; baseline 0.004 -25"><span class='ocrx_word' id='word_1_257' title='bbox 735 2697 841 2761; x_wconf 88' lang='lat' dir='ltr'><strong>Porro</strong></span> <span class='ocrx_word' id='word_1_258' title='bbox 876 2711 991 2762; x_wconf 92' lang='lat' dir='ltr'><strong>contra</strong></span> <span class='ocrx_word' id='word_1_259' title='bbox 1018 2701 1215 2782; x_wconf 89' lang='lat' dir='ltr'><strong>scripturam</strong></span> <span class='ocrx_word' id='word_1_260' title='bbox 1242 2702 1342 2785; x_wconf 89' lang='lat' dir='ltr'><strong>impie</strong></span> <span class='ocrx_word' id='word_1_261' title='bbox 1369 2697 1473 2766; x_wconf 88' lang='lat' dir='ltr'><strong>multa</strong></span> <span class='ocrx_word' id='word_1_262' title='bbox 1501 2701 1557 2763; x_wconf 89' lang='lat' dir='ltr'><strong>de·</strong></span> 
     </span>
     <span class='ocr_line' id='line_1_25' title="bbox 736 2782 1373 2868; baseline 0.005 -23"><span class='ocrx_word' id='word_1_263' title='bbox 736 2793 828 2846; x_wconf 88' lang='lat' dir='ltr'><strong>creta</strong></span> <span class='ocrx_word' id='word_1_264' title='bbox 851 2795 939 2861; x_wconf 82' lang='lat' dir='ltr'><strong>sunt,</strong></span> <span class='ocrx_word' id='word_1_265' title='bbox 961 2785 1003 2847; x_wconf 91' lang='lat' dir='ltr'><strong>de</strong></span> <span class='ocrx_word' id='word_1_266' title='bbox 1025 2786 1147 2867; x_wconf 84' lang='lat' dir='ltr'><strong>quibus</strong></span> <span class='ocrx_word' id='word_1_267' title='bbox 1165 2782 1265 2868; x_wconf 93' lang='lat' dir='ltr'><strong>paulo</strong></span> <span class='ocrx_word' id='word_1_268' title='bbox 1287 2797 1373 2868; x_wconf 83' lang='lat' dir='ltr'><strong>post</strong></span> 
     </span>
    </p>
   </div>
   <div class='ocr_carea' id='block_1_10' title="bbox 740 1337 1557 1512">
    <p class='ocr_par' dir='ltr' id='par_1_10' title="bbox 740 1337 1557 1512">
     <span class='ocr_line' id='line_1_26' title="bbox 783 1337 1520 1427; baseline -0.007 -19"><span class='ocrx_word' id='word_1_269' title='bbox 783 1344 836 1409; x_wconf 90' lang='lat' dir='ltr'><strong>De</strong></span> <span class='ocrx_word' id='word_1_270' title='bbox 864 1343 929 1407; x_wconf 88' lang='lat' dir='ltr'><strong>lide</strong></span> <span class='ocrx_word' id='word_1_271' title='bbox 966 1365 1032 1407; x_wconf 94' lang='lat' dir='ltr'><strong>non</strong></span> <span class='ocrx_word' id='word_1_272' title='bbox 1060 1340 1185 1406; x_wconf 91' lang='lat' dir='ltr'><strong>habent</strong></span> <span class='ocrx_word' id='word_1_273' title='bbox 1219 1337 1270 1406; x_wconf 86' lang='lat' dir='ltr'><strong>iu&#39;s</strong></span> <span class='ocrx_word' id='word_1_274' title='bbox 1298 1362 1407 1427; x_wconf 90' lang='lat' dir='ltr'><strong>neque</strong></span> <span class='ocrx_word' id='word_1_275' title='bbox 1429 1342 1520 1424; x_wconf 90' lang='lat' dir='ltr'><strong>ponti</strong></span> 
     </span>
     <span class='ocr_line' id='line_1_27' title="bbox 740 1424 1557 1512; baseline -0.01 -18"><span class='ocrx_word' id='word_1_276' title='bbox 740 1449 798 1494; x_wconf 88' lang='lat' dir='ltr'><strong>ces</strong></span> <span class='ocrx_word' id='word_1_277' title='bbox 808 1475 819 1507; x_wconf 96' lang='lat'><strong>,</strong></span> <span class='ocrx_word' id='word_1_278' title='bbox 850 1449 959 1511; x_wconf 90' lang='lat' dir='ltr'><strong>neque</strong></span> <span class='ocrx_word' id='word_1_279' title='bbox 980 1426 1132 1505; x_wconf 91' lang='lat' dir='ltr'><strong>concilia,</strong></span> <span class='ocrx_word' id='word_1_280' title='bbox 1151 1449 1260 1512; x_wconf 89' lang='lat' dir='ltr'><strong>neque</strong></span> <span class='ocrx_word' id='word_1_281' title='bbox 1277 1429 1434 1494; x_wconf 88' lang='lat' dir='ltr'><strong>universa</strong></span> <span class='ocrx_word' id='word_1_282' title='bbox 1452 1424 1557 1489; x_wconf 89' lang='lat' dir='ltr'><strong>eccle-</strong></span> 
     </span>
    </p>
   </div>
   <div class='ocr_carea' id='block_1_11' title="bbox 640 2661 2420 3150">
    <p class='ocr_par' dir='ltr' id='par_1_11' title="bbox 640 2661 2420 3003">
     <span class='ocr_line' id='line_1_28' title="bbox 1601 2661 2420 2750; baseline 0 -22"><span class='ocrx_word' id='word_1_283' title='bbox 1601 2666 1644 2746; x_wconf 93' lang='grc'><strong>[1.</strong></span> <span class='ocrx_word' id='word_1_284' title='bbox 1654 2663 1799 2750; x_wconf 68' lang='lat' dir='ltr'><strong>Regae,</strong></span> <span class='ocrx_word' id='word_1_285' title='bbox 1810 2661 1891 2743; x_wconf 67' lang='lat' dir='ltr'><strong>tta]</strong></span> <span class='ocrx_word' id='word_1_286' title='bbox 1903 2662 2065 2748; x_wconf 78' lang='lat' dir='ltr'><strong>Egrediar</strong></span> <span class='ocrx_word' id='word_1_287' title='bbox 2073 2674 2107 2725; x_wconf 90' lang='lat' dir='ltr'><strong>et</strong></span> <span class='ocrx_word' id='word_1_288' title='bbox 2118 2683 2176 2725; x_wconf 94' lang='lat' dir='ltr'><strong>ero</strong></span> <span class='ocrx_word' id='word_1_289' title='bbox 2188 2666 2322 2746; x_wconf 83' lang='lat' dir='ltr'><strong>spiritus</strong></span> <span class='ocrx_word' id='word_1_290' title='bbox 2330 2686 2420 2729; x_wconf 91' lang='lat' dir='ltr'><strong>men·</strong></span> 
     </span>
     <span class='ocr_line' id='line_1_29' title="bbox 1600 2744 2419 2830; baseline -0.002 -16"><span class='ocrx_word' id='word_1_291' title='bbox 1600 2751 1665 2814; x_wconf 81' lang='lat' dir='ltr'><strong>dax</strong></span> <span class='ocrx_word' id='word_1_292' title='bbox 1681 2749 1716 2812; x_wconf 88' lang='lat' dir='ltr'><strong>in</strong></span> <span class='ocrx_word' id='word_1_293' title='bbox 1734 2769 1792 2812; x_wconf 93' lang='lat' dir='ltr'><strong>ore</strong></span> <span class='ocrx_word' id='word_1_294' title='bbox 1811 2750 1952 2812; x_wconf 89' lang='lat' dir='ltr'><strong>onmium</strong></span> <span class='ocrx_word' id='word_1_295' title='bbox 1969 2744 2240 2830; x_wconf 84' lang='lat' dir='ltr'><strong>prophetarum·</strong></span> <span class='ocrx_word' id='word_1_296' title='bbox 2281 2748 2325 2812; x_wconf 86' lang='lat' dir='ltr'><strong>Et</strong></span> <span class='ocrx_word' id='word_1_297' title='bbox 2364 2750 2419 2813; x_wconf 94' lang='lat' dir='ltr'><strong>uid</strong></span> 
     </span>
     <span class='ocr_line' id='line_1_30' title="bbox 1599 2829 2418 2918; baseline -0.001 -21"><span class='ocrx_word' id='word_1_298' title='bbox 1599 2836 1715 2898; x_wconf 89' lang='lat' dir='ltr'><strong>attinet</strong></span> <span class='ocrx_word' id='word_1_299' title='bbox 1742 2829 1851 2898; x_wconf 89' lang='lat' dir='ltr'><strong>multis</strong></span> <span class='ocrx_word' id='word_1_300' title='bbox 1880 2854 1950 2898; x_wconf 90' lang='lat' dir='ltr'><strong>rern</strong></span> <span class='ocrx_word' id='word_1_301' title='bbox 1973 2852 2090 2918; x_wconf 81' lang='lat' dir='ltr'><strong>agere,</strong></span> <span class='ocrx_word' id='word_1_302' title='bbox 2118 2829 2242 2896; x_wconf 89' lang='lat' dir='ltr'><strong>Paulus</strong></span> <span class='ocrx_word' id='word_1_303' title='bbox 2279 2832 2324 2912; x_wconf 90' lang='lat' dir='ltr'><strong>[G</strong></span> <span class='ocrx_word' id='word_1_304' title='bbox 2388 2833 2418 2911; x_wconf 89' lang='lat'><strong>1,</strong></span> 
     </span>
     <span class='ocr_line' id='line_1_31' title="bbox 640 2916 2417 3003; baseline 0.001 -23"><span class='ocrx_word' id='word_1_305' title='bbox 640 2981 644 2988; x_wconf 86' lang='grc'>,</span> <span class='ocrx_word' id='word_1_306' title='bbox 778 2916 908 2980; x_wconf 90' lang='lat' dir='ltr'><strong>Deinde</strong></span> <span class='ocrx_word' id='word_1_307' title='bbox 945 2939 1013 2981; x_wconf 94' lang='lat' dir='ltr'><strong>non</strong></span> <span class='ocrx_word' id='word_1_308' title='bbox 1037 2917 1132 2982; x_wconf 77' lang='lat' dir='ltr'><strong>&#39;esse</strong></span> <span class='ocrx_word' id='word_1_309' title='bbox 1164 2917 1352 2984; x_wconf 91' lang='lat' dir='ltr'><strong>habendum</strong></span> <span class='ocrx_word' id='word_1_310' title='bbox 1384 2939 1451 3003; x_wconf 89' lang='lat' dir='ltr'><strong>pro</strong></span> <span class='ocrx_word' id='word_1_311' title='bbox 1480 2917 1556 2984; x_wconf 86' lang='lat' dir='ltr'><strong>fidei</strong></span> <span class='ocrx_word' id='word_1_312' title='bbox 1601 2917 1665 2998; x_wconf 74' lang='lat' dir='ltr'><strong>lu]</strong></span> <span class='ocrx_word' id='word_1_313' title='bbox 1684 2919 1729 2982; x_wconf 92' lang='lat' dir='ltr'><strong>ait</strong></span> <span class='ocrx_word' id='word_1_314' title='bbox 1745 2939 1784 2983; x_wconf 87' lang='lat' dir='ltr'><strong>se</strong></span> <span class='ocrx_word' id='word_1_315' title='bbox 1802 2939 1870 2980; x_wconf 93' lang='lat' dir='ltr'><strong>non</strong></span> <span class='ocrx_word' id='word_1_316' title='bbox 1887 2917 2099 3001; x_wconf 86' lang='lat' dir='ltr'><strong>adquievisse</strong></span> <span class='ocrx_word' id='word_1_317' title='bbox 2123 2918 2214 2980; x_wconf 84' lang='lat' dir='ltr'><strong>carni</strong></span> <span class='ocrx_word' id='word_1_318' title='bbox 2233 2928 2267 2981; x_wconf 99' lang='lat' dir='ltr'><strong>et</strong></span> <span class='ocrx_word' id='word_1_319' title='bbox 2284 2919 2417 3003; x_wconf 80' lang='lat' dir='ltr'><strong>sangui-</strong></span> 
     </span>
    </p>

    <p class='ocr_par' dir='ltr' id='par_1_12' title="bbox 735 2999 2417 3150">
     <span class='ocr_line' id='line_1_32' title="bbox 735 2999 2417 3150; baseline -0.001 -85"><span class='ocrx_word' id='word_1_320' title='bbox 735 2999 893 3079; x_wconf 81' lang='lat' dir='ltr'><strong>ar&#39;ticulo,</strong></span> <span class='ocrx_word' id='word_1_321' title='bbox 943 3004 1032 3150; x_wconf 78' lang='lat' dir='ltr'><strong>puod</strong></span> <span class='ocrx_word' id='word_1_322' title='bbox 1076 3001 1243 3081; x_wconf 88' lang='lat' dir='ltr'><strong>homines,</strong></span> <span class='ocrx_word' id='word_1_323' title='bbox 1292 3024 1354 3069; x_wconf 90' lang='lat' dir='ltr'><strong>seu</strong></span> <span class='ocrx_word' id='word_1_324' title='bbox 1400 3001 1555 3081; x_wconf 89' lang='lat' dir='ltr'><strong>ecclesia,</strong></span> <span class='ocrx_word' id='word_1_325' title='bbox 1598 3005 1631 3066; x_wconf 97' lang='lat' dir='ltr'><strong>ni</strong></span> <span class='ocrx_word' id='word_1_326' title='bbox 1648 3023 1712 3065; x_wconf 90' lang='lat' dir='ltr'><strong>nos</strong></span> <span class='ocrx_word' id='word_1_327' title='bbox 1731 3003 1824 3066; x_wconf 90' lang='lat' dir='ltr'><strong>carni</strong></span> <span class='ocrx_word' id='word_1_328' title='bbox 1841 3013 1874 3065; x_wconf 92' lang='lat' dir='ltr'><strong>et</strong></span> <span class='ocrx_word' id='word_1_329' title='bbox 1891 2999 2041 3086; x_wconf 81' lang='lat' dir='ltr'><strong>sanguini</strong></span> <span class='ocrx_word' id='word_1_330' title='bbox 2068 3001 2260 3065; x_wconf 76' lang='lat' dir='ltr'><strong>credamus?</strong></span> <span class='ocrx_word' id='word_1_331' title='bbox 2281 3001 2417 3073; x_wconf 85' lang='lat' dir='ltr'><strong>Quaeso</strong></span> 
     </span>
    </p>
   </div>
   <div class='ocr_carea' id='block_1_12' title="bbox 602 3085 2552 5592">
    <p class='ocr_par' dir='ltr' id='par_1_13' title="bbox 723 3085 2416 3511">
     <span class='ocr_line' id='line_1_33' title="bbox 736 3085 2415 3172; baseline -0.001 -22"><span class='ocrx_word' id='word_1_332' title='bbox 736 3105 797 3151; x_wconf 91' lang='lat' dir='ltr'><strong>seu</strong></span> <span class='ocrx_word' id='word_1_333' title='bbox 825 3106 891 3170; x_wconf 87' lang='lat' dir='ltr'><strong>pon</strong></span> <span class='ocrx_word' id='word_1_334' title='bbox 906 3088 945 3156; x_wconf 86' lang='lat' dir='ltr'><strong>iti</strong></span> <span class='ocrx_word' id='word_1_335' title='bbox 961 3108 1003 3151; x_wconf 87' lang='lat' dir='ltr'><strong>ex</strong></span> <span class='ocrx_word' id='word_1_336' title='bbox 1031 3090 1161 3165; x_wconf 85' lang='lat' dir='ltr'><strong>statuit,</strong></span> <span class='ocrx_word' id='word_1_337' title='bbox 1189 3099 1323 3172; x_wconf 92' lang='lat' dir='ltr'><strong>praeter</strong></span> <span class='ocrx_word' id='word_1_338' title='bbox 1349 3090 1555 3172; x_wconf 85' lang='lat' dir='ltr'><strong>scripturam,</strong></span> <span class='ocrx_word' id='word_1_339' title='bbox 1598 3098 1632 3152; x_wconf 93' lang='lat' dir='ltr'><strong>te</strong></span> <span class='ocrx_word' id='word_1_340' title='bbox 1650 3108 1710 3150; x_wconf 93' lang='lat' dir='ltr'><strong>cur</strong></span> <span class='ocrx_word' id='word_1_341' title='bbox 1726 3088 1873 3172; x_wconf 85' lang='lat' dir='ltr'><strong>Nicenae</strong></span> <span class='ocrx_word' id='word_1_342' title='bbox 1891 3086 2028 3171; x_wconf 90' lang='lat' dir='ltr'><strong>Synodo</strong></span> <span class='ocrx_word' id='word_1_343' title='bbox 2053 3087 2162 3168; x_wconf 88' lang='lat' dir='ltr'><strong>potius</strong></span> <span class='ocrx_word' id='word_1_344' title='bbox 2204 3106 2279 3148; x_wconf 89' lang='lat' dir='ltr'><strong>uam</strong></span> <span class='ocrx_word' id='word_1_345' title='bbox 2296 3085 2415 3150; x_wconf 85' lang='lat' dir='ltr'><strong>Arimi·</strong></span> 
     </span>
     <span class='ocr_line' id='line_1_34' title="bbox 736 3107 2415 3255; baseline -0.001 -19"><span class='ocrx_word' id='word_1_346' title='bbox 736 3181 877 3236; x_wconf 90' lang='lat' dir='ltr'><strong>testatur</strong></span> <span class='ocrx_word' id='word_1_347' title='bbox 894 3170 1019 3236; x_wconf 88' lang='lat' dir='ltr'><strong>Paulus</strong></span> <span class='ocrx_word' id='word_1_348' title='bbox 1041 3173 1085 3236; x_wconf 83' lang='lat' dir='ltr'><strong>ad</strong></span> <span class='ocrx_word' id='word_1_349' title='bbox 1106 3169 1321 3237; x_wconf 81' lang='lat' dir='ltr'><strong>Timotheum.</strong></span> <span class='ocrx_word' id='word_1_350' title='bbox 1345 3173 1389 3250; x_wconf 67' lang='grc'><strong>[1.</strong></span> <span class='ocrx_word' id='word_1_351' title='bbox 1413 3174 1509 3255; x_wconf 89' lang='lat' dir='ltr'><strong>epist.</strong></span> <span class='ocrx_word' id='word_1_352' title='bbox 1523 3170 1555 3249; x_wconf 86' lang='lat'><strong>3,</strong></span> <span class='ocrx_word' id='word_1_353' title='bbox 1597 3173 1693 3237; x_wconf 90' lang='lat' dir='ltr'><strong>nensi</strong></span> <span class='ocrx_word' id='word_1_354' title='bbox 1712 3171 1841 3236; x_wconf 75' lang='lat' dir='ltr'><strong>credis?</strong></span> <span class='ocrx_word' id='word_1_355' title='bbox 1875 3170 1961 3236; x_wconf 91' lang='lat' dir='ltr'><strong>Num</strong></span> <span class='ocrx_word' id='word_1_356' title='bbox 1984 3171 2061 3255; x_wconf 87' lang='lat' dir='ltr'><strong>quia</strong></span> <span class='ocrx_word' id='word_1_357' title='bbox 2082 3191 2155 3235; x_wconf 91' lang='lat' dir='ltr'><strong>earn</strong></span> <span class='ocrx_word' id='word_1_358' title='bbox 2171 3107 2309 3234; x_wconf 50' lang='lat' dir='ltr'><strong>Comani</strong></span> <span class='ocrx_word' id='word_1_359' title='bbox 2327 3169 2415 3234; x_wconf 90' lang='lat' dir='ltr'><strong>Pon·</strong></span> 
     </span>
     <span class='ocr_line' id='line_1_35' title="bbox 737 3251 2416 3342; baseline -0.001 -22"><span class='ocrx_word' id='word_1_360' title='bbox 737 3257 788 3320; x_wconf 80' lang='lat'><strong>14.</strong></span> <span class='ocrx_word' id='word_1_361' title='bbox 797 3263 818 3337; x_wconf 77' lang='lat' dir='ltr'><strong>z]</strong></span> <span class='ocrx_word' id='word_1_362' title='bbox 863 3255 914 3319; x_wconf 71' lang='lat' dir='ltr'><strong>&#39;l&#39;u</strong></span> <span class='ocrx_word' id='word_1_363' title='bbox 944 3263 1100 3340; x_wconf 76' lang='lat' dir='ltr'><strong>permane</strong></span> <span class='ocrx_word' id='word_1_364' title='bbox 1132 3258 1166 3320; x_wconf 92' lang='lat' dir='ltr'><strong>in</strong></span> <span class='ocrx_word' id='word_1_365' title='bbox 1198 3257 1251 3320; x_wconf 91' lang='lat' dir='ltr'><strong>his</strong></span> <span class='ocrx_word' id='word_1_366' title='bbox 1285 3277 1370 3342; x_wconf 88' lang='lat' dir='ltr'><strong>quae</strong></span> <span class='ocrx_word' id='word_1_367' title='bbox 1403 3256 1554 3333; x_wconf 85' lang='lat' dir='ltr'><strong>didicisti,</strong></span> <span class='ocrx_word' id='word_1_368' title='bbox 1599 3255 1663 3336; x_wconf 79' lang='lat' dir='ltr'><strong>tilii</strong></span> <span class='ocrx_word' id='word_1_369' title='bbox 1678 3258 1726 3321; x_wconf 90' lang='lat' dir='ltr'><strong>cis</strong></span> <span class='ocrx_word' id='word_1_370' title='bbox 1745 3278 1817 3320; x_wconf 90' lang='lat' dir='ltr'><strong>corn</strong></span> <span class='ocrx_word' id='word_1_371' title='bbox 1842 3258 1971 3320; x_wconf 88' lang='lat' dir='ltr'><strong>robavit</strong></span> <span class='ocrx_word' id='word_1_372' title='bbox 1987 3255 2187 3319; x_wconf 76' lang='lat' dir='ltr'><strong>auctoritas?</strong></span> <span class='ocrx_word' id='word_1_373' title='bbox 2219 3255 2266 3330; x_wconf 77' lang='lat' dir='ltr'><strong>At</strong></span> <span class='ocrx_word' id='word_1_374' title='bbox 2281 3251 2346 3317; x_wconf 91' lang='lat' dir='ltr'><strong>hac</strong></span> <span class='ocrx_word' id='word_1_375' title='bbox 2362 3277 2416 3319; x_wconf 91' lang='lat' dir='ltr'><strong>ra·</strong></span> 
     </span>
     <span class='ocr_line' id='line_1_36' title="bbox 736 3337 2416 3425; baseline 0 -21"><span class='ocrx_word' id='word_1_376' title='bbox 736 3343 846 3406; x_wconf 83' lang='lat' dir='ltr'><strong>sciens</strong></span> <span class='ocrx_word' id='word_1_377' title='bbox 879 3361 900 3404; x_wconf 89' lang='lat' dir='ltr'><strong>a</strong></span> <span class='ocrx_word' id='word_1_378' title='bbox 932 3361 1009 3425; x_wconf 83' lang='lat' dir='ltr'><strong>quo¹</strong></span> <span class='ocrx_word' id='word_1_379' title='bbox 1031 3341 1196 3406; x_wconf 89' lang='lat' dir='ltr'><strong>didiceris.</strong></span> <span class='ocrx_word' id='word_1_380' title='bbox 1259 3340 1400 3406; x_wconf 84' lang='lat' dir='ltr'><strong>Referre</strong></span> <span class='ocrx_word' id='word_1_381' title='bbox 1428 3352 1555 3418; x_wconf 88' lang='lat' dir='ltr'><strong>censet,</strong></span> <span class='ocrx_word' id='word_1_382' title='bbox 1598 3343 1687 3406; x_wconf 89' lang='lat' dir='ltr'><strong>tione</strong></span> <span class='ocrx_word' id='word_1_383' title='bbox 1716 3343 1807 3425; x_wconf 80' lang='lat' dir='ltr'><strong>pont‘</strong></span> <span class='ocrx_word' id='word_1_384' title='bbox 1833 3342 1880 3403; x_wconf 93' lang='lat' dir='ltr'><strong>cis</strong></span> <span class='ocrx_word' id='word_1_385' title='bbox 1908 3342 2135 3404; x_wconf 84' lang='lat' dir='ltr'><strong>auctoritatem</strong></span> <span class='ocrx_word' id='word_1_386' title='bbox 2163 3351 2196 3403; x_wconf 93' lang='lat' dir='ltr'><strong>et</strong></span> <span class='ocrx_word' id='word_1_387' title='bbox 2218 3337 2358 3404; x_wconf 90' lang='lat' dir='ltr'><strong>concilio</strong></span> <span class='ocrx_word' id='word_1_388' title='bbox 2383 3351 2416 3404; x_wconf 91' lang='lat' dir='ltr'><strong>et</strong></span> 
     </span>
     <span class='ocr_line' id='line_1_37' title="bbox 723 3423 2415 3511; baseline -0.001 -22"><span class='ocrx_word' id='word_1_389' title='bbox 723 3429 824 3489; x_wconf 89' lang='lat' dir='ltr'><strong>&#39;scire</strong></span> <span class='ocrx_word' id='word_1_390' title='bbox 844 3425 932 3488; x_wconf 89' lang='lat' dir='ltr'><strong>unde</strong></span> <span class='ocrx_word' id='word_1_391' title='bbox 954 3427 1172 3490; x_wconf 86' lang='lat' dir='ltr'><strong>didicerimus.</strong></span> <span class='ocrx_word' id='word_1_392' title='bbox 1207 3427 1274 3491; x_wconf 87' lang='lat' dir='ltr'><strong>lam</strong></span> <span class='ocrx_word' id='word_1_393' title='bbox 1296 3429 1383 3511; x_wconf 90' lang='lat' dir='ltr'><strong>quod</strong></span> <span class='ocrx_word' id='word_1_394' title='bbox 1405 3425 1555 3490; x_wconf 88' lang='lat' dir='ltr'><strong>homines</strong></span> <span class='ocrx_word' id='word_1_395' title='bbox 1598 3427 1782 3510; x_wconf 87' lang='lat' dir='ltr'><strong>scripturae</strong></span> <span class='ocrx_word' id='word_1_396' title='bbox 1799 3423 1960 3508; x_wconf 83' lang='lat' dir='ltr'><strong>praefers,</strong></span> <span class='ocrx_word' id='word_1_397' title='bbox 2000 3426 2067 3489; x_wconf 91' lang='lat' dir='ltr'><strong>uod</strong></span> <span class='ocrx_word' id='word_1_398' title='bbox 2084 3444 2151 3491; x_wconf 88' lang='lat' dir='ltr'><strong>non</strong></span> <span class='ocrx_word' id='word_1_399' title='bbox 2160 3425 2259 3490; x_wconf 89' lang='lat' dir='ltr'><strong>modo</strong></span> <span class='ocrx_word' id='word_1_400' title='bbox 2272 3426 2415 3507; x_wconf 91' lang='lat' dir='ltr'><strong>impium,</strong></span> 
     </span>
    </p>

    <p class='ocr_par' dir='ltr' id='par_1_14' title="bbox 654 3507 2417 4033">
     <span class='ocr_line' id='line_1_38' title="bbox 654 3507 2417 3596; baseline 0.003 -27"><span class='ocrx_word' id='word_1_401' title='bbox 654 3530 681 3570; x_wconf 79' lang='lat' dir='ltr'><strong>rs</strong></span> <span class='ocrx_word' id='word_1_402' title='bbox 737 3511 930 3587; x_wconf 87' lang='lat' dir='ltr'><strong>decernunt,</strong></span> <span class='ocrx_word' id='word_1_403' title='bbox 952 3511 1007 3594; x_wconf 91' lang='lat' dir='ltr'><strong>qui</strong></span> <span class='ocrx_word' id='word_1_404' title='bbox 1030 3513 1171 3574; x_wconf 80' lang='lat' dir='ltr'><strong>sciemus</strong></span> <span class='ocrx_word' id='word_1_405' title='bbox 1192 3507 1281 3576; x_wconf 89' lang='lat' dir='ltr'><strong>unde</strong></span> <span class='ocrx_word' id='word_1_406' title='bbox 1304 3513 1346 3575; x_wconf 86' lang='lat' dir='ltr'><strong>sit</strong></span> <span class='ocrx_word' id='word_1_407' title='bbox 1361 3508 1555 3596; x_wconf 77' lang='lat' dir='ltr'><strong>profectum</strong></span> <span class='ocrx_word' id='word_1_408' title='bbox 1598 3514 1659 3576; x_wconf 91' lang='lat' dir='ltr'><strong>sed</strong></span> <span class='ocrx_word' id='word_1_409' title='bbox 1677 3523 1710 3576; x_wconf 92' lang='lat' dir='ltr'><strong>et</strong></span> <span class='ocrx_word' id='word_1_410' title='bbox 1727 3508 1862 3576; x_wconf 89' lang='lat' dir='ltr'><strong>stultum</strong></span> <span class='ocrx_word' id='word_1_411' title='bbox 1879 3520 1941 3574; x_wconf 86' lang='lat' dir='ltr'><strong>est</strong></span> <span class='ocrx_word' id='word_1_412' title='bbox 2014 3530 2054 3572; x_wconf 91' lang='lat' dir='ltr'><strong>ur</strong></span> <span class='ocrx_word' id='word_1_413' title='bbox 2070 3509 2156 3574; x_wconf 88' lang='lat' dir='ltr'><strong>enim</strong></span> <span class='ocrx_word' id='word_1_414' title='bbox 2173 3507 2417 3574; x_wconf 82' lang='lat' dir='ltr'><strong>Antiochenam</strong></span> 
     </span>
     <span class='ocr_line' id='line_1_39' title="bbox 736 3589 2416 3681; baseline 0.001 -23"><span class='ocrx_word' id='word_1_415' title='bbox 736 3595 766 3658; x_wconf 87' lang='lat' dir='ltr'><strong>&#39;si</strong></span> <span class='ocrx_word' id='word_1_416' title='bbox 799 3595 843 3657; x_wconf 92' lang='lat' dir='ltr'><strong>ad</strong></span> <span class='ocrx_word' id='word_1_417' title='bbox 871 3596 1066 3679; x_wconf 86' lang='lat' dir='ltr'><strong>scripturam</strong></span> <span class='ocrx_word' id='word_1_418' title='bbox 1093 3597 1181 3679; x_wconf 81' lang='lat' dir='ltr'><strong>exigi</strong></span> <span class='ocrx_word' id='word_1_419' title='bbox 1208 3617 1275 3660; x_wconf 91' lang='lat' dir='ltr'><strong>non</strong></span> <span class='ocrx_word' id='word_1_420' title='bbox 1304 3595 1436 3680; x_wconf 81' lang='lat' dir='ltr'><strong>potest‘l</strong></span> <span class='ocrx_word' id='word_1_421' title='bbox 1478 3615 1555 3659; x_wconf 89' lang='lat' dir='ltr'><strong>nam</strong></span> <span class='ocrx_word' id='word_1_422' title='bbox 1598 3595 1769 3681; x_wconf 87' lang='lat' dir='ltr'><strong>Synodum</strong></span> <span class='ocrx_word' id='word_1_423' title='bbox 1786 3597 2032 3679; x_wconf 37' lang='lat' dir='ltr'><strong>probas‚„quae</strong></span> <span class='ocrx_word' id='word_1_424' title='bbox 2050 3589 2187 3658; x_wconf 89' lang='lat' dir='ltr'><strong>Paulum</strong></span> <span class='ocrx_word' id='word_1_425' title='bbox 2205 3595 2416 3659; x_wconf 63' lang='lat' dir='ltr'><strong>samosate-</strong></span> 
     </span>
     <span class='ocr_line' id='line_1_40' title="bbox 727 3677 2416 3765; baseline 0.001 -24"><span class='ocrx_word' id='word_1_426' title='bbox 727 3677 800 3742; x_wconf 85' lang='lat' dir='ltr'><strong>&#39;hoc</strong></span> <span class='ocrx_word' id='word_1_427' title='bbox 832 3681 962 3744; x_wconf 90' lang='lat' dir='ltr'><strong>demum</strong></span> <span class='ocrx_word' id='word_1_428' title='bbox 990 3691 1121 3744; x_wconf 89' lang='lat' dir='ltr'><strong>constat</strong></span> <span class='ocrx_word' id='word_1_429' title='bbox 1147 3699 1168 3742; x_wconf 95' lang='lat' dir='ltr'><strong>a</strong></span> <span class='ocrx_word' id='word_1_430' title='bbox 1196 3682 1312 3765; x_wconf 89' lang='lat' dir='ltr'><strong>spiritu</strong></span> <span class='ocrx_word' id='word_1_431' title='bbox 1340 3693 1457 3744; x_wconf 89' lang='lat' dir='ltr'><strong>sancto</strong></span> <span class='ocrx_word' id='word_1_432' title='bbox 1480 3697 1554 3763; x_wconf 93' lang='lat' dir='ltr'><strong>pro·</strong></span> <span class='ocrx_word' id='word_1_433' title='bbox 1597 3702 1675 3745; x_wconf 90' lang='lat' dir='ltr'><strong>uum</strong></span> <span class='ocrx_word' id='word_1_434' title='bbox 1692 3691 1866 3764; x_wconf 79' lang='lat' dir='ltr'><strong>negantem</strong></span> <span class='ocrx_word' id='word_1_435' title='bbox 1884 3679 2006 3743; x_wconf 86' lang='lat' dir='ltr'><strong>Christi</strong></span> <span class='ocrx_word' id='word_1_436' title='bbox 2024 3679 2222 3744; x_wconf 89' lang='lat' dir='ltr'><strong>divinitatem</strong></span> <span class='ocrx_word' id='word_1_437' title='bbox 2240 3679 2416 3758; x_wconf 71' lang='lat' dir='ltr'><strong>damnarit,</strong></span> 
     </span>
     <span class='ocr_line' id='line_1_41' title="bbox 736 3760 2415 3848; baseline 0.002 -23"><span class='ocrx_word' id='word_1_438' title='bbox 736 3760 859 3829; x_wconf 84' lang='lat' dir='ltr'><strong>fectum</strong></span> <span class='ocrx_word' id='word_1_439' title='bbox 891 3785 968 3827; x_wconf 89' lang='lat' dir='ltr'><strong>esse</strong></span> <span class='ocrx_word' id='word_1_440' title='bbox 1001 3765 1089 3848; x_wconf 88' lang='lat' dir='ltr'><strong>quod</strong></span> <span class='ocrx_word' id='word_1_441' title='bbox 1128 3765 1311 3847; x_wconf 81' lang='lat' dir='ltr'><strong>scripturae</strong></span> <span class='ocrx_word' id='word_1_442' title='bbox 1351 3762 1554 3826; x_wconf 82' lang='lat' dir='ltr'><strong>coniinnant.</strong></span> <span class='ocrx_word' id='word_1_443' title='bbox 1599 3785 1672 3828; x_wconf 87' lang='lat' dir='ltr'><strong>curn</strong></span> <span class='ocrx_word' id='word_1_444' title='bbox 1691 3784 1747 3828; x_wconf 88' lang='lat' dir='ltr'><strong>res</strong></span> <span class='ocrx_word' id='word_1_445' title='bbox 1768 3767 1873 3828; x_wconf 84' lang='lat' dir='ltr'><strong>omnis</strong></span> <span class='ocrx_word' id='word_1_446' title='bbox 1898 3766 1981 3828; x_wconf 88' lang='lat' dir='ltr'><strong>citra</strong></span> <span class='ocrx_word' id='word_1_447' title='bbox 1997 3762 2138 3828; x_wconf 84' lang='lat' dir='ltr'><strong>Romani</strong></span> <span class='ocrx_word' id='word_1_448' title='bbox 2165 3762 2329 3845; x_wconf 86' lang='lat' dir='ltr'><strong>pontificis</strong></span> <span class='ocrx_word' id='word_1_449' title='bbox 2359 3786 2415 3828; x_wconf 90' lang='lat' dir='ltr'><strong>au·</strong></span> 
     </span>
     <span class='ocr_line' id='line_1_42' title="bbox 728 3844 2415 3932; baseline 0.002 -22"><span class='ocrx_word' id='word_1_450' title='bbox 728 3847 978 3930; x_wconf 70' lang='lat' dir='ltr'><strong>Quodpraeter</strong></span> <span class='ocrx_word' id='word_1_451' title='bbox 993 3848 1175 3927; x_wconf 85' lang='lat' dir='ltr'><strong>scripturas</strong></span> <span class='ocrx_word' id='word_1_452' title='bbox 1191 3849 1350 3930; x_wconf 87' lang='lat' dir='ltr'><strong>proditur,</strong></span> <span class='ocrx_word' id='word_1_453' title='bbox 1368 3849 1556 3930; x_wconf 81' lang='lat' dir='ltr'><strong>ambiguum</strong></span> <span class='ocrx_word' id='word_1_454' title='bbox 1599 3850 1783 3912; x_wconf 89' lang='lat' dir='ltr'><strong>ctoritatem</strong></span> <span class='ocrx_word' id='word_1_455' title='bbox 1806 3860 1901 3932; x_wconf 76' lang='lat' dir='ltr'><strong>gesta</strong></span> <span class='ocrx_word' id='word_1_456' title='bbox 1918 3849 1981 3912; x_wconf 78' lang='lat' dir='ltr'><strong>siti</strong></span> <span class='ocrx_word' id='word_1_457' title='bbox 2004 3849 2041 3914; x_wconf 93' lang='lat' dir='ltr'><strong>ln</strong></span> <span class='ocrx_word' id='word_1_458' title='bbox 2059 3844 2286 3914; x_wconf 80' lang='lat' dir='ltr'><strong>Alexandrino</strong></span> <span class='ocrx_word' id='word_1_459' title='bbox 2306 3849 2415 3913; x_wconf 91' lang='lat' dir='ltr'><strong>conci-</strong></span> 
     </span>
     <span class='ocr_line' id='line_1_43' title="bbox 740 3929 2414 4033; baseline 0.001 -39"><span class='ocrx_word' id='word_1_460' title='bbox 740 3941 803 4009; x_wconf 90' lang='lat' dir='ltr'><strong>est,</strong></span> <span class='ocrx_word' id='word_1_461' title='bbox 815 3941 925 3994; x_wconf 89' lang='lat' dir='ltr'><strong>utrum</strong></span> <span class='ocrx_word' id='word_1_462' title='bbox 947 3951 968 3993; x_wconf 92' lang='lat' dir='ltr'><strong>a</strong></span> <span class='ocrx_word' id='word_1_463' title='bbox 989 3932 1106 4012; x_wconf 85' lang='lat' dir='ltr'><strong>spiritu</strong></span> <span class='ocrx_word' id='word_1_464' title='bbox 1128 3929 1180 3993; x_wconf 90' lang='lat' dir='ltr'><strong>dei</strong></span> <span class='ocrx_word' id='word_1_465' title='bbox 1203 3932 1403 4014; x_wconf 84' lang='lat' dir='ltr'><strong>anaspiritu</strong></span> <span class='ocrx_word' id='word_1_466' title='bbox 1414 3931 1546 3994; x_wconf 86' lang='lat' dir='ltr'><strong>menda·</strong></span> <span class='ocrx_word' id='word_1_467' title='bbox 1597 3930 1642 3995; x_wconf 93' lang='lat' dir='ltr'><strong>lio</strong></span> <span class='ocrx_word' id='word_1_468' title='bbox 1660 3933 1718 3996; x_wconf 90' lang='lat' dir='ltr'><strong>ubi</strong></span> <span class='ocrx_word' id='word_1_469' title='bbox 1735 3932 1776 3997; x_wconf 87' lang='lat' dir='ltr'><strong>de</strong></span> <span class='ocrx_word' id='word_1_470' title='bbox 1794 3933 1898 3996; x_wconf 85' lang='lat' dir='ltr'><strong>tribus</strong></span> <span class='ocrx_word' id='word_1_471' title='bbox 1915 3932 2154 4033; x_wconf 62' lang='lat' dir='ltr'><strong>hypostasibus</strong></span> <span class='ocrx_word' id='word_1_472' title='bbox 2173 3933 2288 3997; x_wconf 89' lang='lat' dir='ltr'><strong>divinis</strong></span> <span class='ocrx_word' id='word_1_473' title='bbox 2301 3935 2414 3996; x_wconf 90' lang='lat' dir='ltr'><strong>decre·</strong></span> 
     </span>
    </p>

    <p class='ocr_par' dir='ltr' id='par_1_15' title="bbox 651 4012 2552 4438">
     <span class='ocr_line' id='line_1_44' title="bbox 651 4012 2535 4099; baseline 0.003 -24"><span class='ocrx_word' id='word_1_474' title='bbox 651 4035 682 4075; x_wconf 80' lang='lat' dir='ltr'><strong>ro</strong></span> <span class='ocrx_word' id='word_1_475' title='bbox 737 4016 769 4077; x_wconf 93' lang='lat' dir='ltr'><strong>ci</strong></span> <span class='ocrx_word' id='word_1_476' title='bbox 814 4013 1052 4098; x_wconf 87' lang='lat' dir='ltr'><strong>proficiscatur.</strong></span> <span class='ocrx_word' id='word_1_477' title='bbox 1118 4012 1471 4078; x_wconf 81' lang='lat' dir='ltr'><strong>Thessalonicensibus</strong></span> <span class='ocrx_word' id='word_1_478' title='bbox 1511 4015 1555 4091; x_wconf 92' lang='grc'><strong>[1.</strong></span> <span class='ocrx_word' id='word_1_479' title='bbox 1598 4029 1666 4082; x_wconf 88' lang='lat' dir='ltr'><strong>tmn</strong></span> <span class='ocrx_word' id='word_1_480' title='bbox 1684 4027 1735 4084; x_wconf 87' lang='lat' dir='ltr'><strong>est</strong></span> <span class='ocrx_word' id='word_1_481' title='bbox 1752 4018 1913 4082; x_wconf 83' lang='lat' dir='ltr'><strong>adversus</strong></span> <span class='ocrx_word' id='word_1_482' title='bbox 1932 4013 2123 4095; x_wconf 72' lang='lat' dir='ltr'><strong>babellimn,</strong></span> <span class='ocrx_word' id='word_1_483' title='bbox 2141 4013 2308 4097; x_wconf 73' lang='lat' dir='ltr'><strong>nullafuit</strong></span> <span class='ocrx_word' id='word_1_484' title='bbox 2324 4037 2414 4080; x_wconf 91' lang='lat' dir='ltr'><strong>men·</strong></span> <span class='ocrx_word' id='word_1_485' title='bbox 2450 4037 2493 4099; x_wconf 81' lang='lat' dir='ltr'><strong>ta,</strong></span> <span class='ocrx_word' id='word_1_486' title='bbox 2511 4049 2535 4089; x_wconf 60' lang='grc' dir='ltr'>ι</span> 
     </span>
     <span class='ocr_line' id='line_1_45' title="bbox 738 4098 2414 4184; baseline 0.002 -22"><span class='ocrx_word' id='word_1_487' title='bbox 738 4101 834 4181; x_wconf 87' lang='lat' dir='ltr'><strong>epist.</strong></span> <span class='ocrx_word' id='word_1_488' title='bbox 867 4098 900 4175; x_wconf 82' lang='lat'><strong>5,</strong></span> <span class='ocrx_word' id='word_1_489' title='bbox 931 4098 997 4180; x_wconf 69' lang='lat' dir='ltr'><strong>ab]</strong></span> <span class='ocrx_word' id='word_1_490' title='bbox 1026 4099 1184 4184; x_wconf 83' lang='lat' dir='ltr'><strong>praecipit</strong></span> <span class='ocrx_word' id='word_1_491' title='bbox 1212 4098 1354 4176; x_wconf 88' lang='lat' dir='ltr'><strong>Paulus,</strong></span> <span class='ocrx_word' id='word_1_492' title='bbox 1383 4112 1419 4162; x_wconf 70' lang='lat' dir='ltr'><strong>rt</strong></span> <span class='ocrx_word' id='word_1_493' title='bbox 1448 4101 1556 4164; x_wconf 91' lang='lat' dir='ltr'><strong>omnia</strong></span> <span class='ocrx_word' id='word_1_494' title='bbox 1599 4105 1643 4165; x_wconf 92' lang='lat' dir='ltr'><strong>tio</strong></span> <span class='ocrx_word' id='word_1_495' title='bbox 1667 4099 1806 4182; x_wconf 84' lang='lat' dir='ltr'><strong>Romani</strong></span> <span class='ocrx_word' id='word_1_496' title='bbox 1825 4101 2006 4166; x_wconf 87' lang='lat' dir='ltr'><strong>Pontificis.</strong></span> <span class='ocrx_word' id='word_1_497' title='bbox 2064 4102 2101 4166; x_wconf 91' lang='lat' dir='ltr'><strong>ln</strong></span> <span class='ocrx_word' id='word_1_498' title='bbox 2125 4098 2264 4164; x_wconf 89' lang='lat' dir='ltr'><strong>concilio</strong></span> <span class='ocrx_word' id='word_1_499' title='bbox 2287 4101 2414 4165; x_wconf 91' lang='lat' dir='ltr'><strong>Niceno</strong></span> 
     </span>
     <span class='ocr_line' id='line_1_46' title="bbox 738 4181 2415 4271; baseline 0.001 -25"><span class='ocrx_word' id='word_1_500' title='bbox 738 4185 889 4266; x_wconf 86' lang='lat' dir='ltr'><strong>probent,</strong></span> <span class='ocrx_word' id='word_1_501' title='bbox 912 4181 999 4266; x_wconf 91' lang='lat' dir='ltr'><strong>quod</strong></span> <span class='ocrx_word' id='word_1_502' title='bbox 1022 4185 1144 4248; x_wconf 90' lang='lat' dir='ltr'><strong>bonum</strong></span> <span class='ocrx_word' id='word_1_503' title='bbox 1166 4195 1218 4248; x_wconf 90' lang='lat' dir='ltr'><strong>est</strong></span> <span class='ocrx_word' id='word_1_504' title='bbox 1239 4195 1381 4256; x_wconf 76' lang='lat' dir='ltr'><strong>teneant</strong></span> <span class='ocrx_word' id='word_1_505' title='bbox 1408 4182 1451 4247; x_wconf 86' lang='lat' dir='ltr'><strong>Et</strong></span> <span class='ocrx_word' id='word_1_506' title='bbox 1473 4181 1555 4248; x_wconf 87' lang='lat' dir='ltr'><strong>alias</strong></span> <span class='ocrx_word' id='word_1_507' title='bbox 1598 4185 1738 4250; x_wconf 89' lang='lat' dir='ltr'><strong>Romani</strong></span> <span class='ocrx_word' id='word_1_508' title='bbox 1770 4186 1942 4267; x_wconf 85' lang='lat' dir='ltr'><strong>pontifices</strong></span> <span class='ocrx_word' id='word_1_509' title='bbox 1976 4206 2139 4271; x_wconf 85' lang='lat' dir='ltr'><strong>nusquam</strong></span> <span class='ocrx_word' id='word_1_510' title='bbox 2167 4183 2272 4248; x_wconf 84' lang='lat' dir='ltr'><strong>fuisse</strong></span> <span class='ocrx_word' id='word_1_511' title='bbox 2299 4182 2415 4270; x_wconf 83' lang='lat' dir='ltr'><strong>legun·</strong></span> 
     </span>
     <span class='ocr_line' id='line_1_47' title="bbox 727 4253 2552 4355; baseline 0.001 -23"><span class='ocrx_word' id='word_1_512' title='bbox 727 4253 833 4348; x_wconf 84' lang='lat' dir='ltr'><strong>iubet</strong></span> <span class='ocrx_word' id='word_1_513' title='bbox 860 4267 995 4349; x_wconf 86' lang='lat' dir='ltr'><strong>probari</strong></span> <span class='ocrx_word' id='word_1_514' title='bbox 1023 4268 1157 4351; x_wconf 85' lang='lat' dir='ltr'><strong>spiritus</strong></span> <span class='ocrx_word' id='word_1_515' title='bbox 1180 4279 1287 4332; x_wconf 89' lang='lat' dir='ltr'><strong>utrum</strong></span> <span class='ocrx_word' id='word_1_516' title='bbox 1318 4289 1360 4332; x_wconf 84' lang='lat' dir='ltr'><strong>ex</strong></span> <span class='ocrx_word' id='word_1_517' title='bbox 1388 4267 1450 4332; x_wconf 91' lang='lat' dir='ltr'><strong>deo</strong></span> <span class='ocrx_word' id='word_1_518' title='bbox 1480 4270 1555 4332; x_wconf 89' lang='lat' dir='ltr'><strong>sint.</strong></span> <span class='ocrx_word' id='word_1_519' title='bbox 1599 4282 1652 4334; x_wconf 89' lang='lat' dir='ltr'><strong>tur</strong></span> <span class='ocrx_word' id='word_1_520' title='bbox 1670 4267 2054 4355; x_wconf 86' lang='lat' dir='ltr'><strong>Constantinopolitanae</strong></span> <span class='ocrx_word' id='word_1_521' title='bbox 2073 4269 2198 4355; x_wconf 82' lang='lat' dir='ltr'><strong>Synodi</strong></span> <span class='ocrx_word' id='word_1_522' title='bbox 2216 4272 2408 4352; x_wconf 88' lang='lat' dir='ltr'><strong>scriptores</strong></span> <span class='ocrx_word' id='word_1_523' title='bbox 2426 4291 2481 4351; x_wconf 73' lang='lat' dir='ltr'><strong>(aa,</strong></span> <span class='ocrx_word' id='word_1_524' title='bbox 2513 4288 2552 4353; x_wconf 89' lang='lat' dir='ltr'><strong>b.)</strong></span> 
     </span>
     <span class='ocr_line' id='line_1_48' title="bbox 737 4349 2413 4438; baseline 0.001 -22"><span class='ocrx_word' id='word_1_525' title='bbox 737 4349 872 4426; x_wconf 85' lang='lat' dir='ltr'><strong>Quaeso</strong></span> <span class='ocrx_word' id='word_1_526' title='bbox 906 4363 939 4418; x_wconf 88' lang='lat' dir='ltr'><strong>te</strong></span> <span class='ocrx_word' id='word_1_527' title='bbox 972 4351 1135 4434; x_wconf 86' lang='lat' dir='ltr'><strong>quomodo</strong></span> <span class='ocrx_word' id='word_1_528' title='bbox 1167 4353 1378 4435; x_wconf 90' lang='lat' dir='ltr'><strong>probabimus</strong></span> <span class='ocrx_word' id='word_1_529' title='bbox 1411 4354 1556 4436; x_wconf 87' lang='lat' dir='ltr'><strong>spiritus,</strong></span> <span class='ocrx_word' id='word_1_530' title='bbox 1624 4355 1730 4433; x_wconf 91' lang='lat' dir='ltr'><strong>raeci,</strong></span> <span class='ocrx_word' id='word_1_531' title='bbox 1758 4356 1837 4422; x_wconf 91' lang='lat' dir='ltr'><strong>item</strong></span> <span class='ocrx_word' id='word_1_532' title='bbox 1859 4355 2064 4438; x_wconf 87' lang='lat' dir='ltr'><strong>Ephesinae,</strong></span> <span class='ocrx_word' id='word_1_533' title='bbox 2091 4351 2214 4432; x_wconf 87' lang='lat' dir='ltr'><strong>nullam</strong></span> <span class='ocrx_word' id='word_1_534' title='bbox 2236 4351 2413 4428; x_wconf 76' lang='lat' dir='ltr'><strong>fecerunt!</strong></span> 
     </span>
    </p>

    <p class='ocr_par' dir='ltr' id='par_1_16' title="bbox 611 4375 2501 4522">
     <span class='ocr_line' id='line_1_49' title="bbox 611 4375 2501 4522; baseline -0.004 -16"><span class='ocrx_word' id='word_1_535' title='bbox 611 4454 688 4518; x_wconf 72' lang='lat'><strong>⁴⁷2¹·</strong></span> <span class='ocrx_word' id='word_1_536' title='bbox 735 4439 799 4502; x_wconf 84' lang='lat' dir='ltr'><strong>uisi</strong></span> <span class='ocrx_word' id='word_1_537' title='bbox 827 4437 870 4500; x_wconf 93' lang='lat' dir='ltr'><strong>ad</strong></span> <span class='ocrx_word' id='word_1_538' title='bbox 899 4446 1023 4500; x_wconf 89' lang='lat' dir='ltr'><strong>certam</strong></span> <span class='ocrx_word' id='word_1_539' title='bbox 1043 4431 1184 4519; x_wconf 86' lang='lat' dir='ltr'><strong>aliquam</strong></span> <span class='ocrx_word' id='word_1_540' title='bbox 1206 4457 1243 4500; x_wconf 91' lang='lat' dir='ltr'><strong>re</strong></span> <span class='ocrx_word' id='word_1_541' title='bbox 1256 4446 1262 4515; x_wconf 82' lang='grc' dir='ltr'>Ι</span> <span class='ocrx_word' id='word_1_542' title='bbox 1275 4433 1385 4521; x_wconf 78' lang='lat' dir='ltr'><strong>gulam</strong></span> <span class='ocrx_word' id='word_1_543' title='bbox 1407 4440 1556 4522; x_wconf 87' lang='lat' dir='ltr'><strong>adeoque</strong></span> <span class='ocrx_word' id='word_1_544' title='bbox 1599 4375 1739 4502; x_wconf 67' lang='lat' dir='ltr'><strong>llomani</strong></span> <span class='ocrx_word' id='word_1_545' title='bbox 1760 4438 1922 4521; x_wconf 88' lang='lat' dir='ltr'><strong>pontilicis</strong></span> <span class='ocrx_word' id='word_1_546' title='bbox 1945 4439 2157 4517; x_wconf 90' lang='lat' dir='ltr'><strong>mentionem,</strong></span> <span class='ocrx_word' id='word_1_547' title='bbox 2178 4451 2215 4502; x_wconf 90' lang='lat' dir='ltr'><strong>ut</strong></span> <span class='ocrx_word' id='word_1_548' title='bbox 2236 4435 2412 4504; x_wconf 83' lang='lat' dir='ltr'><strong>verisimile</strong></span> <span class='ocrx_word' id='word_1_549' title='bbox 2485 4459 2501 4498; x_wconf 80' lang='lat' dir='ltr'><strong>s</strong></span> 
     </span>
    </p>

    <p class='ocr_par' dir='ltr' id='par_1_17' title="bbox 736 4518 2414 4778">
     <span class='ocr_line' id='line_1_50' title="bbox 736 4518 2413 4608; baseline 0.001 -23"><span class='ocrx_word' id='word_1_550' title='bbox 736 4522 780 4585; x_wconf 82' lang='lat' dir='ltr'><strong>ad</strong></span> <span class='ocrx_word' id='word_1_551' title='bbox 801 4521 998 4603; x_wconf 83' lang='lat' dir='ltr'><strong>scripturam</strong></span> <span class='ocrx_word' id='word_1_552' title='bbox 1016 4519 1209 4603; x_wconf 73' lang='lat' dir='ltr'><strong>exigantur?</strong></span> <span class='ocrx_word' id='word_1_553' title='bbox 1226 4541 1323 4605; x_wconf 88' lang='lat' dir='ltr'><strong>quam</strong></span> <span class='ocrx_word' id='word_1_554' title='bbox 1341 4518 1445 4586; x_wconf 87' lang='lat' dir='ltr'><strong>solam</strong></span> <span class='ocrx_word' id='word_1_555' title='bbox 1465 4533 1555 4585; x_wconf 91' lang='lat' dir='ltr'><strong>certo</strong></span> <span class='ocrx_word' id='word_1_556' title='bbox 1598 4526 1652 4600; x_wconf 92' lang='lat' dir='ltr'><strong>sit,</strong></span> <span class='ocrx_word' id='word_1_557' title='bbox 1681 4534 1736 4586; x_wconf 91' lang='lat' dir='ltr'><strong>aut</strong></span> <span class='ocrx_word' id='word_1_558' title='bbox 1763 4544 1829 4586; x_wconf 94' lang='lat' dir='ltr'><strong>non</strong></span> <span class='ocrx_word' id='word_1_559' title='bbox 1857 4524 2045 4587; x_wconf 84' lang='lat' dir='ltr'><strong>interfuisse</strong></span> <span class='ocrx_word' id='word_1_560' title='bbox 2074 4523 2217 4608; x_wconf 84' lang='lat' dir='ltr'><strong>Synodis</strong></span> <span class='ocrx_word' id='word_1_561' title='bbox 2246 4521 2326 4601; x_wconf 91' lang='lat' dir='ltr'><strong>illis,</strong></span> <span class='ocrx_word' id='word_1_562' title='bbox 2355 4534 2413 4586; x_wconf 93' lang='lat' dir='ltr'><strong>aut</strong></span> 
     </span>
     <span class='ocr_line' id='line_1_51' title="bbox 738 4603 2413 4694; baseline 0.003 -28"><span class='ocrx_word' id='word_1_563' title='bbox 738 4615 869 4668; x_wconf 87' lang='lat' dir='ltr'><strong>constat</strong></span> <span class='ocrx_word' id='word_1_564' title='bbox 889 4605 1005 4688; x_wconf 88' lang='lat' dir='ltr'><strong>spiritu</strong></span> <span class='ocrx_word' id='word_1_565' title='bbox 1028 4605 1080 4668; x_wconf 89' lang='lat' dir='ltr'><strong>dei</strong></span> <span class='ocrx_word' id='word_1_566' title='bbox 1101 4605 1212 4670; x_wconf 90' lang='lat' dir='ltr'><strong>condit</strong></span> <span class='ocrx_word' id='word_1_567' title='bbox 1232 4628 1264 4670; x_wconf 92' lang='lat' dir='ltr'><strong>1n</strong></span> <span class='ocrx_word' id='word_1_568' title='bbox 1287 4625 1374 4670; x_wconf 85' lang='lat' dir='ltr'><strong>esse.</strong></span> <span class='ocrx_word' id='word_1_569' title='bbox 1417 4603 1556 4668; x_wconf 81' lang='lat' dir='ltr'><strong>Temere</strong></span> <span class='ocrx_word' id='word_1_570' title='bbox 1600 4619 1689 4671; x_wconf 92' lang='lat' dir='ltr'><strong>certe</strong></span> <span class='ocrx_word' id='word_1_571' title='bbox 1712 4628 1776 4671; x_wconf 91' lang='lat' dir='ltr'><strong>non</strong></span> <span class='ocrx_word' id='word_1_572' title='bbox 1794 4606 1988 4689; x_wconf 84' lang='lat' dir='ltr'><strong>praefuisse.</strong></span> <span class='ocrx_word' id='word_1_573' title='bbox 2032 4608 2148 4692; x_wconf 89' lang='lat' dir='ltr'><strong>Neque</strong></span> <span class='ocrx_word' id='word_1_574' title='bbox 2166 4627 2247 4672; x_wconf 88' lang='lat' dir='ltr'><strong>vero</strong></span> <span class='ocrx_word' id='word_1_575' title='bbox 2265 4625 2341 4672; x_wconf 90' lang='lat' dir='ltr'><strong>raro</strong></span> <span class='ocrx_word' id='word_1_576' title='bbox 2361 4628 2413 4694; x_wconf 84' lang='lat' dir='ltr'><strong>er·</strong></span> 
     </span>
     <span class='ocr_line' id='line_1_52' title="bbox 737 4687 2414 4778; baseline 0.004 -29"><span class='ocrx_word' id='word_1_577' title='bbox 737 4688 888 4751; x_wconf 86' lang='lat' dir='ltr'><strong>tribuitur</strong></span> <span class='ocrx_word' id='word_1_578' title='bbox 910 4687 1066 4754; x_wconf 89' lang='lat' dir='ltr'><strong>Conciliis</strong></span> <span class='ocrx_word' id='word_1_579' title='bbox 1093 4691 1271 4753; x_wconf 90' lang='lat' dir='ltr'><strong>auctoritas</strong></span> <span class='ocrx_word' id='word_1_580' title='bbox 1295 4690 1459 4754; x_wconf 89' lang='lat' dir='ltr'><strong>condendi</strong></span> <span class='ocrx_word' id='word_1_581' title='bbox 1480 4691 1556 4752; x_wconf 86' lang='lat' dir='ltr'><strong>arti·</strong></span> <span class='ocrx_word' id='word_1_582' title='bbox 1598 4703 1702 4756; x_wconf 91' lang='lat' dir='ltr'><strong>ratmn</strong></span> <span class='ocrx_word' id='word_1_583' title='bbox 1722 4702 1773 4754; x_wconf 88' lang='lat' dir='ltr'><strong>est</strong></span> <span class='ocrx_word' id='word_1_584' title='bbox 1790 4705 1823 4755; x_wconf 91' lang='lat' dir='ltr'><strong>et</strong></span> <span class='ocrx_word' id='word_1_585' title='bbox 1839 4695 1872 4754; x_wconf 95' lang='lat' dir='ltr'><strong>in</strong></span> <span class='ocrx_word' id='word_1_586' title='bbox 1890 4695 1929 4755; x_wconf 91' lang='lat' dir='ltr'><strong>iis</strong></span> <span class='ocrx_word' id='word_1_587' title='bbox 1952 4694 2108 4778; x_wconf 87' lang='lat' dir='ltr'><strong>Synodis,</strong></span> <span class='ocrx_word' id='word_1_588' title='bbox 2127 4694 2245 4776; x_wconf 87' lang='lat' dir='ltr'><strong>quibus</strong></span> <span class='ocrx_word' id='word_1_589' title='bbox 2323 4691 2414 4756; x_wconf 79' lang='lat' dir='ltr'><strong>elue·</strong></span> 
     </span>
    </p>

    <p class='ocr_par' dir='ltr' id='par_1_18' title="bbox 650 4768 2509 4941">
     <span class='ocr_line' id='line_1_53' title="bbox 650 4768 2414 4920; baseline 0.005 -89"><span class='ocrx_word' id='word_1_590' title='bbox 650 4792 666 4831; x_wconf 80' lang='lat' dir='ltr'><strong>s</strong></span> <span class='ocrx_word' id='word_1_591' title='bbox 738 4768 833 4834; x_wconf 87' lang='lat' dir='ltr'><strong>culos</strong></span> <span class='ocrx_word' id='word_1_592' title='bbox 866 4770 952 4850; x_wconf 90' lang='lat' dir='ltr'><strong>iidei,</strong></span> <span class='ocrx_word' id='word_1_593' title='bbox 985 4771 1041 4837; x_wconf 89' lang='lat' dir='ltr'><strong>vel</strong></span> <span class='ocrx_word' id='word_1_594' title='bbox 1073 4771 1138 4836; x_wconf 92' lang='lat' dir='ltr'><strong>hoc</strong></span> <span class='ocrx_word' id='word_1_595' title='bbox 1169 4776 1300 4838; x_wconf 90' lang='lat' dir='ltr'><strong>nornine</strong></span> <span class='ocrx_word' id='word_1_596' title='bbox 1331 4775 1420 4920; x_wconf 69' lang='lat' dir='ltr'><strong>(puod</strong></span> <span class='ocrx_word' id='word_1_597' title='bbox 1452 4773 1495 4838; x_wconf 87' lang='lat' dir='ltr'><strong>lie</strong></span> <span class='ocrx_word' id='word_1_598' title='bbox 1509 4771 1557 4840; x_wconf 86' lang='lat' dir='ltr'><strong>iri</strong></span> <span class='ocrx_word' id='word_1_599' title='bbox 1598 4797 1635 4839; x_wconf 91' lang='lat' dir='ltr'><strong>re</strong></span> <span class='ocrx_word' id='word_1_600' title='bbox 1654 4776 1793 4839; x_wconf 91' lang='lat' dir='ltr'><strong>Romani</strong></span> <span class='ocrx_word' id='word_1_601' title='bbox 1812 4775 2000 4841; x_wconf 87' lang='lat' dir='ltr'><strong>Pontifices.</strong></span> <span class='ocrx_word' id='word_1_602' title='bbox 2045 4777 2234 4859; x_wconf 87' lang='lat' dir='ltr'><strong>Stephanus</strong></span> <span class='ocrx_word' id='word_1_603' title='bbox 2303 4775 2414 4840; x_wconf 82' lang='lat' dir='ltr'><strong>.For·</strong></span> 
     </span>
     <span class='ocr_line' id='line_1_54' title="bbox 736 4858 2509 4941; baseline 0.005 -24"><span class='ocrx_word' id='word_1_604' title='bbox 736 4866 867 4938; x_wconf 86' lang='lat' dir='ltr'><strong>potest,</strong></span> <span class='ocrx_word' id='word_1_605' title='bbox 894 4866 931 4918; x_wconf 93' lang='lat' dir='ltr'><strong>ut</strong></span> <span class='ocrx_word' id='word_1_606' title='bbox 958 4859 991 4919; x_wconf 91' lang='lat' dir='ltr'><strong>in</strong></span> <span class='ocrx_word' id='word_1_607' title='bbox 1013 4867 1082 4920; x_wconf 93' lang='lat' dir='ltr'><strong>toto</strong></span> <span class='ocrx_word' id='word_1_608' title='bbox 1103 4869 1222 4922; x_wconf 92' lang='lat' dir='ltr'><strong>senatu</strong></span> <span class='ocrx_word' id='word_1_609' title='bbox 1242 4861 1337 4922; x_wconf 89' lang='lat' dir='ltr'><strong>conci</strong></span> <span class='ocrx_word' id='word_1_610' title='bbox 1352 4860 1372 4922; x_wconf 92' lang='lat' dir='ltr'><strong>ii</strong></span> <span class='ocrx_word' id='word_1_611' title='bbox 1394 4880 1491 4922; x_wconf 90' lang='lat' dir='ltr'><strong>nemo</strong></span> <span class='ocrx_word' id='word_1_612' title='bbox 1514 4858 1557 4921; x_wconf 92' lang='lat' dir='ltr'><strong>sit</strong></span> <span class='ocrx_word' id='word_1_613' title='bbox 1597 4882 1650 4925; x_wconf 92' lang='lat' dir='ltr'><strong>mo</strong></span> <span class='ocrx_word' id='word_1_614' title='bbox 1676 4863 1703 4922; x_wconf 87' lang='lat' dir='ltr'><strong>si</strong></span> <span class='ocrx_word' id='word_1_615' title='bbox 1732 4860 1895 4941; x_wconf 87' lang='lat' dir='ltr'><strong>pontilicis</strong></span> <span class='ocrx_word' id='word_1_616' title='bbox 1929 4873 2005 4926; x_wconf 88' lang='lat' dir='ltr'><strong>acta</strong></span> <span class='ocrx_word' id='word_1_617' title='bbox 2044 4863 2180 4925; x_wconf 88' lang='lat' dir='ltr'><strong>rescidit</strong></span> <span class='ocrx_word' id='word_1_618' title='bbox 2217 4864 2415 4926; x_wconf 88' lang='lat' dir='ltr'><strong>auctoritate</strong></span> <span class='ocrx_word' id='word_1_619' title='bbox 2481 4866 2509 4904; x_wconf 85' lang='lat'><strong>¹⁰</strong></span> 
     </span>
    </p>

    <p class='ocr_par' dir='ltr' id='par_1_19' title="bbox 602 4939 2412 5085">
     <span class='ocr_line' id='line_1_55' title="bbox 602 4939 2412 5085; baseline 0.004 -83"><span class='ocrx_word' id='word_1_620' title='bbox 602 4958 714 5022; x_wconf 50' lang='grc' dir='ltr'>(ιαμ.)</span> <span class='ocrx_word' id='word_1_621' title='bbox 739 4941 793 5085; x_wconf 68' lang='lat' dir='ltr'><strong>qpi</strong></span> <span class='ocrx_word' id='word_1_622' title='bbox 819 4953 824 5008; x_wconf 84' lang='grc' dir='ltr'>ι</span> <span class='ocrx_word' id='word_1_623' title='bbox 847 4939 995 5021; x_wconf 86' lang='lat' dir='ltr'><strong>spiritum</strong></span> <span class='ocrx_word' id='word_1_624' title='bbox 1017 4943 1070 5005; x_wconf 86' lang='lat' dir='ltr'><strong>dei</strong></span> <span class='ocrx_word' id='word_1_625' title='bbox 1090 4940 1220 5007; x_wconf 63' lang='lat' dir='ltr'><strong>habeat⁴</strong></span> <span class='ocrx_word' id='word_1_626' title='bbox 1253 4944 1289 5007; x_wconf 90' lang='lat' dir='ltr'><strong>ln</strong></span> <span class='ocrx_word' id='word_1_627' title='bbox 1312 4942 1459 5007; x_wconf 87' lang='lat' dir='ltr'><strong>Samaria</strong></span> <span class='ocrx_word' id='word_1_628' title='bbox 1481 4963 1556 5026; x_wconf 93' lang='lat' dir='ltr'><strong>pro·</strong></span> <span class='ocrx_word' id='word_1_629' title='bbox 1599 4942 1738 5009; x_wconf 87' lang='lat' dir='ltr'><strong>concilii.</strong></span> <span class='ocrx_word' id='word_1_630' title='bbox 1763 4943 1865 5008; x_wconf 89' lang='lat' dir='ltr'><strong>Huius</strong></span> <span class='ocrx_word' id='word_1_631' title='bbox 1883 4947 2078 5010; x_wconf 88' lang='lat' dir='ltr'><strong>sententiam</strong></span> <span class='ocrx_word' id='word_1_632' title='bbox 2095 4944 2259 5011; x_wconf 88' lang='lat' dir='ltr'><strong>lohannes</strong></span> <span class='ocrx_word' id='word_1_633' title='bbox 2281 4945 2322 5009; x_wconf 82' lang='lat' dir='ltr'><strong>X.</strong></span> <span class='ocrx_word' id='word_1_634' title='bbox 2342 4967 2412 5009; x_wconf 88' lang='lat' dir='ltr'><strong>rur-</strong></span> 
     </span>
    </p>

    <p class='ocr_par' dir='ltr' id='par_1_20' title="bbox 738 5025 2412 5286">
     <span class='ocr_line' id='line_1_56' title="bbox 738 5025 2412 5107; baseline 0.004 -21"><span class='ocrx_word' id='word_1_635' title='bbox 738 5046 760 5107; x_wconf 94' lang='lat' dir='ltr'><strong>p</strong></span> <span class='ocrx_word' id='word_1_636' title='bbox 786 5025 918 5087; x_wconf 86' lang='lat' dir='ltr'><strong>etabant</strong></span> <span class='ocrx_word' id='word_1_637' title='bbox 950 5026 1142 5091; x_wconf 87' lang='lat' dir='ltr'><strong>sacerdotes</strong></span> <span class='ocrx_word' id='word_1_638' title='bbox 1173 5026 1268 5106; x_wconf 90' lang='lat' dir='ltr'><strong>Baal,</strong></span> <span class='ocrx_word' id='word_1_639' title='bbox 1302 5038 1335 5090; x_wconf 93' lang='lat' dir='ltr'><strong>et</strong></span> <span class='ocrx_word' id='word_1_640' title='bbox 1368 5048 1409 5091; x_wconf 83' lang='lat' dir='ltr'><strong>ex</strong></span> <span class='ocrx_word' id='word_1_641' title='bbox 1442 5048 1555 5091; x_wconf 89' lang='lat' dir='ltr'><strong>eorum</strong></span> <span class='ocrx_word' id='word_1_642' title='bbox 1597 5051 1656 5093; x_wconf 90' lang='lat' dir='ltr'><strong>sus</strong></span> <span class='ocrx_word' id='word_1_643' title='bbox 1675 5031 1838 5093; x_wconf 89' lang='lat' dir='ltr'><strong>damnavit</strong></span> <span class='ocrx_word' id='word_1_644' title='bbox 1854 5029 2033 5094; x_wconf 87' lang='lat' dir='ltr'><strong>Ravennae</strong></span> <span class='ocrx_word' id='word_1_645' title='bbox 2058 5032 2210 5094; x_wconf 90' lang='lat' dir='ltr'><strong>comitiis.</strong></span> <span class='ocrx_word' id='word_1_646' title='bbox 2259 5031 2321 5096; x_wconf 91' lang='lat' dir='ltr'><strong>llic</strong></span> <span class='ocrx_word' id='word_1_647' title='bbox 2336 5050 2412 5093; x_wconf 90' lang='lat' dir='ltr'><strong>cum</strong></span> 
     </span>
     <span class='ocr_line' id='line_1_57' title="bbox 740 5107 2410 5212; baseline 0.002 -41"><span class='ocrx_word' id='word_1_648' title='bbox 740 5107 883 5173; x_wconf 91' lang='lat' dir='ltr'><strong>oraculis</strong></span> <span class='ocrx_word' id='word_1_649' title='bbox 905 5109 1013 5172; x_wconf 91' lang='lat' dir='ltr'><strong>omnia</strong></span> <span class='ocrx_word' id='word_1_650' title='bbox 1034 5113 1233 5212; x_wconf 65' lang='lat' dir='ltr'><strong>gerebantur</strong></span> <span class='ocrx_word' id='word_1_651' title='bbox 1254 5133 1275 5176; x_wconf 89' lang='lat' dir='ltr'><strong>a</strong></span> <span class='ocrx_word' id='word_1_652' title='bbox 1296 5114 1428 5196; x_wconf 80' lang='lat' dir='ltr'><strong>regibus</strong></span> <span class='ocrx_word' id='word_1_653' title='bbox 1440 5109 1553 5175; x_wconf 90' lang='lat' dir='ltr'><strong>lsrael.</strong></span> <span class='ocrx_word' id='word_1_654' title='bbox 1596 5124 1743 5198; x_wconf 84' lang='lat' dir='ltr'><strong>pugnent</strong></span> <span class='ocrx_word' id='word_1_655' title='bbox 1761 5116 1843 5178; x_wconf 94' lang='lat' dir='ltr'><strong>inter</strong></span> <span class='ocrx_word' id='word_1_656' title='bbox 1861 5136 1898 5178; x_wconf 91' lang='lat' dir='ltr'><strong>se</strong></span> <span class='ocrx_word' id='word_1_657' title='bbox 1921 5116 2058 5200; x_wconf 89' lang='lat' dir='ltr'><strong>Synodi,</strong></span> <span class='ocrx_word' id='word_1_658' title='bbox 2087 5135 2230 5179; x_wconf 91' lang='lat' dir='ltr'><strong>necesse</strong></span> <span class='ocrx_word' id='word_1_659' title='bbox 2256 5125 2308 5180; x_wconf 88' lang='lat' dir='ltr'><strong>est</strong></span> <span class='ocrx_word' id='word_1_660' title='bbox 2328 5111 2410 5178; x_wconf 86' lang='lat' dir='ltr'><strong>alte-</strong></span> 
     </span>
     <span class='ocr_line' id='line_1_58' title="bbox 740 5191 2410 5286; baseline 0.005 -32"><span class='ocrx_word' id='word_1_661' title='bbox 740 5191 826 5263; x_wconf 87' lang='lat' dir='ltr'><strong>Quid</strong></span> <span class='ocrx_word' id='word_1_662' title='bbox 864 5193 981 5256; x_wconf 89' lang='lat' dir='ltr'><strong>mirum</strong></span> <span class='ocrx_word' id='word_1_663' title='bbox 1018 5213 1047 5256; x_wconf 87' lang='lat' dir='ltr'><strong>sr</strong></span> <span class='ocrx_word' id='word_1_664' title='bbox 1080 5216 1167 5260; x_wconf 93' lang='lat' dir='ltr'><strong>nunc</strong></span> <span class='ocrx_word' id='word_1_665' title='bbox 1198 5216 1327 5281; x_wconf 90' lang='lat' dir='ltr'><strong>quoque</strong></span> <span class='ocrx_word' id='word_1_666' title='bbox 1360 5195 1556 5278; x_wconf 89' lang='lat' dir='ltr'><strong>prophetent</strong></span> <span class='ocrx_word' id='word_1_667' title='bbox 1596 5219 1666 5262; x_wconf 91' lang='lat' dir='ltr'><strong>ram</strong></span> <span class='ocrx_word' id='word_1_668' title='bbox 1685 5219 1826 5265; x_wconf 85' lang='lat' dir='ltr'><strong>errasse.</strong></span> <span class='ocrx_word' id='word_1_669' title='bbox 1850 5200 2074 5286; x_wconf 82' lang='lat' dir='ltr'><strong>Lugdunense</strong></span> <span class='ocrx_word' id='word_1_670' title='bbox 2094 5197 2268 5264; x_wconf 90' lang='lat' dir='ltr'><strong>concilium</strong></span> <span class='ocrx_word' id='word_1_671' title='bbox 2285 5195 2410 5286; x_wconf 74' lang='lat' dir='ltr'><strong>quitali-</strong></span> 
     </span>
    </p>

    <p class='ocr_par' dir='ltr' id='par_1_21' title="bbox 655 5277 1641 5592">
     <span class='ocr_line' id='line_1_59' title="bbox 655 5277 1555 5363; baseline 0.008 -28"><span class='ocrx_word' id='word_1_672' title='bbox 655 5298 683 5336; x_wconf 83' lang='grc' dir='ltr'><strong>ιο</strong></span> <span class='ocrx_word' id='word_1_673' title='bbox 739 5277 826 5358; x_wconf 91' lang='lat' dir='ltr'><strong>impii</strong></span> <span class='ocrx_word' id='word_1_674' title='bbox 849 5290 881 5340; x_wconf 89' lang='lat' dir='ltr'><strong>et</strong></span> <span class='ocrx_word' id='word_1_675' title='bbox 894 5305 899 5356; x_wconf 57' lang='grc' dir='ltr'><strong>ι</strong></span> <span class='ocrx_word' id='word_1_676' title='bbox 913 5289 1067 5361; x_wconf 87' lang='lat' dir='ltr'><strong>expertes</strong></span> <span class='ocrx_word' id='word_1_677' title='bbox 1089 5282 1221 5361; x_wconf 87' lang='lat' dir='ltr'><strong>spiritus</strong></span> <span class='ocrx_word' id='word_1_678' title='bbox 1244 5282 1295 5344; x_wconf 90' lang='lat' dir='ltr'><strong>dei</strong></span> <span class='ocrx_word' id='word_1_679' title='bbox 1303 5281 1319 5342; x_wconf 80' lang='lat' dir='ltr'><strong>‘l</strong></span> <span class='ocrx_word' id='word_1_680' title='bbox 1339 5279 1555 5363; x_wconf 81' lang='lat' dir='ltr'><strong>Adrogabant</strong></span> 
     </span>
     <span class='ocr_line' id='line_1_60' title="bbox 740 5361 1552 5446; baseline 0.007 -24"><span class='ocrx_word' id='word_1_681' title='bbox 740 5361 825 5422; x_wconf 89' lang='lat' dir='ltr'><strong>idern</strong></span> <span class='ocrx_word' id='word_1_682' title='bbox 848 5363 908 5424; x_wconf 90' lang='lat' dir='ltr'><strong>sibi</strong></span> <span class='ocrx_word' id='word_1_683' title='bbox 932 5365 1125 5426; x_wconf 88' lang='lat' dir='ltr'><strong>sacerdotes</strong></span> <span class='ocrx_word' id='word_1_684' title='bbox 1147 5366 1178 5425; x_wconf 91' lang='lat' dir='ltr'><strong>in</strong></span> <span class='ocrx_word' id='word_1_685' title='bbox 1201 5363 1297 5439; x_wconf 86' lang='lat' dir='ltr'><strong>luda,</strong></span> <span class='ocrx_word' id='word_1_686' title='bbox 1321 5365 1375 5446; x_wconf 92' lang='lat' dir='ltr'><strong>qui</strong></span> <span class='ocrx_word' id='word_1_687' title='bbox 1397 5366 1552 5428; x_wconf 87' lang='lat' dir='ltr'><strong>adversa-</strong></span> 
     </span>
     <span class='ocr_line' id='line_1_61' title="bbox 738 5446 1641 5592; baseline 0.006 -85"><span class='ocrx_word' id='word_1_688' title='bbox 738 5446 858 5508; x_wconf 90' lang='lat' dir='ltr'><strong>bantur</strong></span> <span class='ocrx_word' id='word_1_689' title='bbox 875 5446 1058 5521; x_wconf 83' lang='lat' dir='ltr'><strong>Hieremiae</strong></span> <span class='ocrx_word' id='word_1_690' title='bbox 1081 5457 1115 5509; x_wconf 91' lang='lat' dir='ltr'><strong>et</strong></span> <span class='ocrx_word' id='word_1_691' title='bbox 1135 5448 1260 5592; x_wconf 66' lang='lat' dir='ltr'><strong>spiritui</strong></span> <span class='ocrx_word' id='word_1_692' title='bbox 1284 5449 1346 5523; x_wconf 91' lang='lat' dir='ltr'><strong>dei,</strong></span> <span class='ocrx_word' id='word_1_693' title='bbox 1370 5468 1443 5510; x_wconf 88' lang='lat' dir='ltr'><strong>cunr</strong></span> <span class='ocrx_word' id='word_1_694' title='bbox 1466 5450 1551 5512; x_wconf 91' lang='lat' dir='ltr'><strong>dice·</strong></span> <span class='ocrx_word' id='word_1_695' title='bbox 1593 5488 1641 5548; x_wconf 72' lang='lat'><strong>44)</strong></span> 
     </span>
    </p>
   </div>
   <div class='ocr_carea' id='block_1_13' title="bbox 739 5486 2571 5612">
    <p class='ocr_par' dir='ltr' id='par_1_22' title="bbox 739 5486 2571 5612">
     <span class='ocr_line' id='line_1_62' title="bbox 1661 5486 2571 5550; baseline 0.003 -13"><span class='ocrx_word' id='word_1_696' title='bbox 1661 5487 1688 5537; x_wconf 90' lang='lat' dir='ltr'><strong>ln</strong></span> <span class='ocrx_word' id='word_1_697' title='bbox 1706 5497 1786 5548; x_wconf 73' lang='lat' dir='ltr'><strong>marg.</strong></span> <span class='ocrx_word' id='word_1_698' title='bbox 1804 5488 1847 5540; x_wconf 69' lang='lat' dir='ltr'><strong>ild.</strong></span> <span class='ocrx_word' id='word_1_699' title='bbox 1866 5489 1904 5537; x_wconf 68' lang='lat' dir='ltr'><strong>u:</strong></span> <span class='ocrx_word' id='word_1_700' title='bbox 1923 5488 2032 5539; x_wconf 79' lang='lat' dir='ltr'><strong>concilia</strong></span> <span class='ocrx_word' id='word_1_701' title='bbox 2050 5493 2157 5550; x_wconf 83' lang='lat' dir='ltr'><strong>possunt</strong></span> <span class='ocrx_word' id='word_1_702' title='bbox 2175 5499 2271 5540; x_wconf 84' lang='lat' dir='ltr'><strong>errare.</strong></span> <span class='ocrx_word' id='word_1_703' title='bbox 2291 5486 2333 5537; x_wconf 80' lang='lat' dir='ltr'><strong>Ed.</strong></span> <span class='ocrx_word' id='word_1_704' title='bbox 2346 5489 2379 5536; x_wconf 77' lang='lat' dir='ltr'><strong>t:</strong></span> <span class='ocrx_word' id='word_1_705' title='bbox 2398 5486 2510 5539; x_wconf 79' lang='lat' dir='ltr'><strong>consuia</strong></span> <span class='ocrx_word' id='word_1_706' title='bbox 2529 5500 2571 5540; x_wconf 85' lang='lat' dir='ltr'><strong>er·</strong></span> 
     </span>
     <span class='ocr_line' id='line_1_63' title="bbox 739 5529 1120 5612; baseline 0.005 -22"><span class='ocrx_word' id='word_1_707' title='bbox 739 5541 822 5594; x_wconf 91' lang='lat' dir='ltr'><strong>rent.</strong></span> <span class='ocrx_word' id='word_1_708' title='bbox 846 5530 920 5607; x_wconf 86' lang='lat' dir='ltr'><strong>[ier.</strong></span> <span class='ocrx_word' id='word_1_709' title='bbox 957 5529 1006 5608; x_wconf 86' lang='grc'><strong>18,</strong></span> <span class='ocrx_word' id='word_1_710' title='bbox 1041 5530 1090 5593; x_wconf 85' lang='lat'><strong>18.</strong></span> <span class='ocrx_word' id='word_1_711' title='bbox 1098 5537 1120 5612; x_wconf 74' lang='lat' dir='ltr'><strong>z]</strong></span> 
     </span>
    </p>
   </div>
   <div class='ocr_carea' id='block_1_14' title="bbox 1186 5532 2037 5618">
    <p class='ocr_par' dir='ltr' id='par_1_23' title="bbox 1186 5532 2037 5618">
     <span class='ocr_line' id='line_1_64' title="bbox 1186 5532 2037 5618; baseline 0.009 -24"><span class='ocrx_word' id='word_1_712' title='bbox 1186 5532 1272 5594; x_wconf 85' lang='lat' dir='ltr'><strong>enite</strong></span> <span class='ocrx_word' id='word_1_713' title='bbox 1305 5541 1339 5593; x_wconf 84' lang='lat' dir='ltr'><strong>et</strong></span> <span class='ocrx_word' id='word_1_714' title='bbox 1370 5534 1551 5616; x_wconf 74' lang='lat' dir='ltr'><strong>cogitemus</strong></span> <span class='ocrx_word' id='word_1_715' title='bbox 1661 5566 1719 5606; x_wconf 84' lang='lat' dir='ltr'><strong>rare</strong></span> <span class='ocrx_word' id='word_1_716' title='bbox 1736 5559 1855 5618; x_wconf 79' lang='lat' dir='ltr'><strong>possunt3</strong></span> <span class='ocrx_word' id='word_1_717' title='bbox 1872 5554 1915 5606; x_wconf 78' lang='lat' dir='ltr'><strong>Ed.</strong></span> <span class='ocrx_word' id='word_1_718' title='bbox 1935 5557 1959 5605; x_wconf 89' lang='grc'><strong>7.</strong></span> <span class='ocrx_word' id='word_1_719' title='bbox 1978 5569 2037 5604; x_wconf 90' lang='lat' dir='ltr'><strong>om.</strong></span> 
     </span>
    </p>
   </div>
   <div class='ocr_carea' id='block_1_15' title="bbox 0 0 2934 6725">
    <p class='ocr_par' dir='ltr' id='par_1_24' title="bbox 0 0 2934 6725">
     <span class='ocr_line' id='line_1_65' title="bbox 0 0 2934 6725; baseline 0 0"><span class='ocrx_word' id='word_1_720' title='bbox 0 0 2934 6725; x_wconf 95' lang='lat' dir='ltr'><strong> </strong></span> 
     </span>
    </p>
   </div>
  </div>
 </body>
</html>
