5859 6734
475 681 541 746 tte
1105 682 1215 746 Prtti..
1238 682 1340 748 MEL.
1363 680 1549 749 SCRIPTA
1570 681 1845 747 DOGMATICA.
2402 688 2468 754 fiii

474 864 606 930 humani
627 866 741 942 animi,
763 877 799 928 ut
821 865 909 929 hanc
930 867 1186 949 magnitudinem
1201 867 1446 950 misericordiae
1491 865 1706 932 destinatione
1740 868 1870 931 minime
1901 866 2008 930 utiles.
2065 867 2135 931 Nos
2165 888 2245 932 vero
2281 882 2465 937 statuamus

474 969 543 1013 non
571 952 678 1033 possit
699 969 830 1032 capere.
864 950 914 1014 lta
936 951 1087 1033 oppressi
1109 949 1397 1034 sumusopipione
1414 960 1447 1013 et
1489 945 1664 1038 Evangelii
1694 952 1945 1033 promissionem
1977 949 2195 1014 universalem
2228 973 2315 1018 esse.
2370 955 2466 1022 Siout

474 1035 594 1099 iudicio
615 1031 711 1118 legis,
732 1046 769 1097 ut
791 1054 857 1097 non
878 1038 1045 1117 possimus
1060 1031 1256 1181 persuaderi
1276 1035 1318 1100 de
1338 1033 1446 1098 Evan-
1491 1038 1575 1100 enim
1593 1033 1792 1116 praedicatio
1814 1035 2033 1117 poenitentiae
2054 1035 2254 1099 universalis
2279 1049 2341 1116 est,
2363 1041 2410 1104 ita
2432 1054 2466 1105 et

475 1117 579 1275 fflip,
606 1129 639 1180 et
668 1119 819 1182 omnihus
851 1130 884 1181 et
910 1122 1012 1204 gratis
1039 1138 1059 1181 o
1084 1120 1150 1182 erri
1178 1118 1446 1182 misericordiam.
1490 1120 1690 1203 praedicatio
1712 1119 1914 1182 remissionis
1941 1128 2152 1200 peccatorum
2174 1121 2373 1186 universalis
2401 1137 2463 1188 est.

507 1213 510 1218 '
567 1201 690 1264 efides
711 1213 965 1286 perpetuorum
980 1200 1046 1266 hac
1066 1213 1182 1266 nostra
1197 1201 1383 1267 infinnitate
1400 1201 1447 1265 lu·
1492 1204 1565 1268 Huc
1595 1201 1792 1288 colligantur
1818 1205 1999 1265 sententiae
2020 1201 2225 1268 universales
2247 1208 2289 1270 de
2310 1204 2464 1293 Evange-

475 1290 558 1351 ctari
580 1287 689 1362 debet,
710 1298 747 1350 ut
768 1307 830 1350 nos
852 1287 1028 1370 erigamus,
1050 1297 1083 1350 et
1102 1285 1356 1350 discamusDeo
1370 1306 1447 1350 con·
1490 1287 1553 1366 lio,
1595 1308 1656 1352 uae
1701 1289 1801 1351 assim
1819 1288 1850 1349 in
1874 1287 2043 1370 scripturis
2061 1297 2184 1350 extant.
2228 1287 2273 1353 Ut
2295 1289 2408 1355 lohan.
2431 1292 2464 1356 3.

477 1370 590 1447 fidere,
612 1382 645 1433 et
666 1390 741 1434 eum
762 1389 840 1434 vere
856 1371 1012 1434 invocare
1034 1380 1068 1433 et
1091 1369 1213 1435 colere.
1493 1375 1557 1453 [vs.
1572 1309 1652 1452 ἴδη]
1676 1309 1733 1434 gio
1754 1370 1848 1434 Deus
1867 1369 1977 1435 dilexit
1999 1372 2165 1448 mundum,
2188 1383 2223 1435 ut
2243 1371 2344 1438 filium
2366 1395 2466 1440 saum

559 1454 658 1537 Apud
668 1453 799 1517 Esaiam
819 1451 941 1517 multae
957 1466 1035 1518 sunt
1051 1458 1232 1520 conciones
1251 1455 1293 1518 de
1303 1451 1447 1531 Christo,
1492 1457 1691 1542 unigenitum
1713 1458 1817 1533 daret,
1839 1468 1874 1519 ut
1892 1458 2013 1532 omnis,
2064 1458 2096 1519 ui
2119 1457 2221 1520 credit
2241 1460 2371 1537 insum,
2392 1481 2465 1525 non

477 1538 519 1602 dc
535 1539 729 1601 remissione
746 1552 970 1621 peccatorum,
992 1540 1034 1602 de
1051 1550 1187 1603 aeterna
1203 1540 1285 1602 vita:
1308 1537 1446 1620 capse.
1491 1551 1615 1622 pereat.
1660 1539 1739 1603 item
1761 1541 1846 1621 apud
1869 1537 2008 1603 Paulum
2031 1477 2261 1623 [habimus
2288 1540 2465 1608 Conclusit

476 1619 565 1685 clare
586 1632 727 1685 testatur
753 1625 895 1705 promitti
918 1624 1145 1688 remissionem
1162 1635 1393 1706 peccatorum,
1415 1633 1448 1686 et
1493 1644 1607 1688 omnes
1625 1627 1687 1687 sub
1709 1637 1891 1707 peccatum,
1914 1635 1949 1687 ut
1971 1624 2113 1687 onmium
2134 1625 2335 1690 misereatur.
2368 1627 2465 1694 Haec

475 1705 605 1788 quidem
625 1725 686 1787 pro
709 1717 760 1770 ter
781 1704 958 1783 Christum,
980 1727 1047 1772 non
1071 1717 1205 1790 propter
1225 1718 1374 1771 nostram
1401 1707 1447 1771 di·
1492 1729 1580 1773 nunc
1597 1709 1765 1772 monuisse
1787 1710 1869 1772 satis
1891 1719 1959 1783 est3
1980 1728 2055 1771 nam
2077 1709 2118 1770 de
2139 1707 2203 1771 hac
2215 1708 2393 1774 universali
2403 1713 2463 1775 ite-

474 1791 673 1875 gnitatem‚1
719 1791 803 1868 ,6.1ε
826 1789 941 1856 Posuit
958 1790 1120 1857 Dominus
1141 1793 1174 1855 in
1197 1811 1238 1855 eo
1259 1791 1446 1874 iniquitates
1492 1815 1562 1857 rum
1586 1795 1757 1858 dicendum
1779 1795 1840 1857 erit
1860 1790 1944 1856 insra
1966 1793 2006 1856 de
2027 1792 2335 1874 praedestinatione.
2366 1794 2465 1867 Quod

473 1877 616 1939 onmium
637 1887 795 1938 nostrum.
838 1875 882 1939 Et
898 1895 941 1938 ne
962 1875 1073 1939 ludaei
1094 1888 1248 1959 putarent
1269 1895 1308 1939 se
1329 1877 1447 1938 mereri
1491 1890 1597 1942 autem
1620 1898 1686 1942 non
1704 1897 1817 1941 omnes
1839 1886 2084 1960 consequuntur
2093 1875 2267 1962 Evangelii
2287 1882 2463 1960 promissa,

474 1959 697 2022 remissionem
725 1971 939 2040 peccatorum
967 1957 1085 2024 hostiis
1108 1959 1279 2038 Levitiois,
1307 1971 1447 2024 testatur
1491 1983 1532 2027 eo
1554 1961 1602 2039 fit,
1625 1962 1701 2047 quia
1721 1983 1787 2025 non
1809 1981 1923 2026 onmes
1952 1965 2098 2027 credunt.
2140 1960 2225 2026 Nam
2246 1961 2463 2047 Evangelium

472 2038 570 2105 aliern
587 2041 728 2105 hostiam
749 2053 888 2120 restare,
913 2064 997 2127 quae
1020 2065 1100 2109 vere
1121 2046 1164 2108 sit
1185 2042 1348 2109 abolitura
1368 2065 1445 2126 pec·
1490 2048 1552 2111 etsi
1574 2048 1678 2132 gratis
1699 2049 1868 2131 promittit,
1898 2058 2006 2111 tamen
2030 2047 2164 2131 requirit
2193 2044 2310 2124 fidem,
2332 2058 2464 2129 oportet

472 2136 582 2190 catum
604 2127 692 2203 [ibid.
710 2126 855 2205 vs.10.]:
883 2126 988 2193 Ponet
1016 2130 1156 2193 animem
1182 2148 1276 2194 suam
1304 2128 1445 2193 hostiam
1490 2133 1574 2195 enim
1596 2134 1847 2215 promissionem
1868 2130 1932 2195 fide
1954 2132 2068 2216 accipi.
2112 2131 2164 2196 Ac
2192 2128 2357 2216 particula
2384 2153 2461 2220 gra·

471 2228 532 2291 pro
552 2212 710 2291 peccatis.
754 2211 834 2275 ltem
856 2213 1053 2277 condenmat
1075 2233 1205 2277 omnes:
1228 2211 1369 2291 Omnes,
1396 2214 1443 2276 in·
1489 2219 1531 2280 tis
1563 2235 1630 2282 non
1662 2214 1807 2281 excludit
1836 2216 1950 2293 fidem,
1983 2216 2044 2280 sed
2071 2213 2215 2281 excludit
2243 2220 2463 2286 conditionem

471 2293 551 2374 quit,
573 2296 771 2370 erravimus3
793 2308 829 2361 ut
850 2299 996 2362 sciamus
1019 2317 1083 2362 nos
1103 2309 1238 2381 propter
1260 2298 1443 2361 miscricor-
1488 2313 1622 2365 nostrae
1640 2301 1814 2386 dignitatis
1836 2313 1990 2382 utsupra
2011 2301 2130 2365 dictum
2152 2312 2220 2378 est,
2248 2313 2280 2365 et
2301 2302 2463 2387 postulat,

470 2377 567 2452 diam,
584 2397 651 2440 non
695 2391 807 2462 ropter
828 2381 1018 2466 dignitatem
1038 2395 1198 2460 nostram,
1217 2383 1376 2465 consequi
1387 2384 1443 2446 be·
1486 2397 1523 2447 ut
1543 2386 1795 2469 promissionem
1817 2385 2026 2466 accipiamus,
2048 2386 2080 2448 id
2102 2405 2169 2448 non
2191 2396 2303 2468 potest
2317 2385 2462 2452 fictiali-

469 2457 633 2525 neiiciaC
685 2464 738 2526 sti.
761 2463 934 2529 Postremo
952 2467 1043 2530 addit
1065 2465 1281 2531 clarissimum
1298 2468 1442 2530 testimo·
1487 2481 1537 2532 ter
1558 2469 1621 2533 nisi
1642 2468 1717 2533 fide.

468 2544 559 2607 nium
580 2546 670 2626 [ibid.
693 2567 744 2610 vs.
758 2548 838 2628 ll.]:
860 2550 982 2614 Notitia
1003 2551 1075 2614 eius
1097 2551 1286 2616 iustificabit
1303 2548 1441 2625 multos3

469 2628 557 2709 quod
580 2631 609 2692 si
617 2633 663 2712 ⁷⁸)
686 2643 779 2695 certo
800 2637 1010 2699 statuendum
1034 2647 1086 2698 est
1101 2640 1165 2710 ⁷⁹),
1183 2654 1246 2698 nos
1268 2637 1315 2699 ita
1335 2635 1441 2699 iustos
1583 2652 1643 2717 DE
1662 2651 1828 2717 (fflgffl
1848 2653 1905 2718 ΕΤ
1922 2654 1984 2718 DE
2003 2653 2360 2720 fflsqffpcfflolqg,

467 2714 687 2792 pronuntiari,
715 2718 745 2779 si
774 2737 996 2802 agnoscamus
1019 2717 1201 2796 Christum,
1223 2720 1288 2783 hoc
1310 2730 1379 2795 est,
1413 2720 1442 2783 si

535 2815 691 2862 oscamus
713 2798 821 2866 Deum
841 2804 998 2886 nobis⁸⁰)
1021 2805 1198 2886 propitium
1219 2823 1295 2868 esse
1307 2814 1443 2884 propter
1571 2803 1633 2867 Hic
1654 2801 1748 2868 locus
1767 2806 1910 2868 continet
1931 2824 2091 2869 summam
2101 2803 2286 2892 Evangelii,
2298 2820 2460 2873 monstrat

468 2877 496 2943 C
566 2891 645 2945 tum.
688 2883 780 2969 Ergo
804 2905 872 2949 non
900 2887 961 2950 erit
988 2889 1200 2953 dubitandum
1227 2897 1362 2970 propter
1383 2906 1441 2949 no·
1488 2889 1573 2952 enim
1594 2889 1761 2971 proprium
1780 2885 1900 2952 Christi
1922 2887 2133 2965 beneficium,
2166 2910 2206 2953 ac
2229 2892 2383 2974 proponit
2404 2889 2457 2955 fir·

467 2974 569 3030 stram
590 2966 833 3053 indignitatem,
862 2990 930 3033 non
959 2973 1020 3034 erit
1042 2974 1246 3036 sentiendum
1273 2990 1335 3035 nos
1364 2989 1442 3033 esse
1486 2992 1570 3035 mam
1594 2967 1854 3037 consolationem
1881 2974 1943 3056 piis
1976 2973 2158 3048 mentibus,
2191 2983 2224 3035 et
2255 2974 2370 3052 docet,
2402 2977 2458 3058 qui

464 3047 568 3112 iustos
593 3065 730 3136 propter
753 3049 872 3140 legem.
921 3054 990 3119 Sed
1022 3058 1138 3120 desino
1175 3060 1314 3121 recitare
1345 3053 1441 3137 plura
1486 3056 1552 3120 sint
1573 3058 1643 3120 veri
1665 3052 1772 3120 cultus
1790 3054 1863 3120 Dei.
1908 3056 2054 3128 Quarum
2075 3075 2184 3119 rerum
2223 3069 2325 3119 uanta
2341 3059 2393 3120 vis
2403 3059 2460 3135 sit,

463 3134 666 3210 testimonia3
694 3136 779 3201 haec
804 3140 890 3203 enim
911 3140 1051 3223 exempli
1073 3159 1194 3205 caussa
1215 3141 1382 3214 recensui,
1404 3149 1441 3200 ut
1486 3161 1584 3224 quam
1605 3141 1797 3205 necessaria
1818 3141 1962 3224 cognitio
1988 3137 2175 3214 Ecclesiae,
2232 3137 2296 3201 cile
2318 3150 2371 3202 est
2392 3143 2460 3222 piis

463 3221 722 3288 animadvertant
743 3218 886 3288 lectores
908 3225 1028 3288 inseri
1051 3226 1144 3301 tuuis,
1189 3244 1253 3288 uae
1269 3221 1346 3287 loca
1362 3241 1439 3306 pro·
1484 3225 1640 3289 iudicare.
1684 3223 1797 3307 itaque
1818 3224 1995 3306 optandum
2016 3233 2098 3299 erat,
2119 3233 2154 3285 ιιι
2173 3218 2227 3284 hic
2248 3219 2344 3285 locus
2360 3243 2460 3306 prae·

463 3309 534 3390 prie
555 3308 598 3369 de
619 3302 706 3391 lege,
729 3327 814 3390 quae
831 3309 965 3392 proprie
983 3310 1025 3373 de
1065 3245 1218 3394 vangelio
1238 3308 1439 3372 concionen-
1485 3309 1580 3392 cipue
1601 3318 1728 3372 extaret
1749 3309 1781 3370 in
1803 3304 1959 3371 Ecclesia
1975 3306 2074 3390 plane
2096 3317 2129 3370 et
2150 3303 2289 3369 dilucide
2310 3304 2461 3388 explica·

463 3403 535 3468 tur,
558 3401 591 3454 et
612 3391 788 3454 discrimen
811 3395 992 3457 observent
1012 3395 1097 3458 inter
1113 3389 1224 3479 legem
1246 3405 1279 3456 et
1299 3391 1438 3476 promis·
1483 3406 1546 3457 tus
1591 3392 1658 3458 Sed
1679 3411 1800 3476 magna
1821 3390 1853 3453 in
1876 3388 2041 3455 hocloco
2063 3401 2156 3453 esto
2181 3388 2322 3453 inionum
2344 3410 2386 3454 ac
2409 3394 2459 3456 iu·

464 3476 590 3540 sionem
606 3472 789 3560 Evangelii.
832 3477 917 3540 Nam
937 3475 971 3540 hi
994 3480 1058 3543 duo
1081 3489 1158 3541 sunt
1181 3478 1347 3559 praecipui
1369 3474 1438 3540 loci
1483 3479 1641 3543 diciorum
1662 3477 1815 3540 varietas.
1861 3472 1928 3538 Alii
1948 3491 2086 3558 prorsus
2108 3410 2220 3537 uehat
2240 3493 2312 3536 eam
2334 3473 2458 3538 doctri-

370 3617 372 3627 ,
465 3572 496 3626 et
518 3561 626 3642 capita
645 3562 825 3646 praecipua
844 3563 1041 3643 scripturae,
1064 3563 1106 3625 ad
1129 3581 1214 3645 quae
1231 3581 1347 3626 omnes
1364 3580 1439 3644 par·
1482 3583 1569 3640 nam,
1631 3580 1693 3624 uae
1737 3560 1880 3623 continet
1918 3559 2140 3622 necessariam
2184 3555 2457 3622 consolationem.

463 3661 515 3715 tes
535 3647 715 3734 prudenter
735 3641 930 3716 wferhrtdae
953 3657 1041 3710 sunt.
1483 3646 1550 3711 Alii
1578 3668 1598 3709 o
1668 3646 1749 3707 dunt
1780 3641 1954 3728 caliginem
1980 3641 2150 3705 accersitis
2224 3643 2363 3726 regrinis
2390 3643 2456 3705 dis·

548 3733 715 3798 Hactenus
733 3729 939 3796 deiinivimus
960 3728 1188 3814 Evangelium,
1210 3743 1243 3793 et
1264 3729 1439 3793 discrimen
1482 3730 1703 3813 putationibus
1726 3727 1767 3790 de
1788 3727 2084 3808 praedestinatione
2105 3735 2138 3788 et
2198 3727 2238 3788 'is
2283 3725 2456 3789 uibusdam

463 3821 717 3883 monstravimus
738 3815 825 3902 legis
851 3827 884 3878 ct
907 3813 1090 3900 Evangelii.
1135 3813 1204 3876 Sed
1224 3812 1309 3876 haec
1332 3812 1439 3875 omnia
1483 3811 1698 3878 incommodis
1719 3811 1874 3887 materiis,
1896 3809 2052 3893 fiuntque,
2074 3820 2111 3872 ut
2131 3810 2243 3872 verbis
2316 3806 2455 3873 ‘stotelis

464 3917 559 3972 erunt
586 3901 782 3976 illustriora,
811 3920 887 3964 cum
909 3900 950 3963 de
970 3897 1219 3973 iustificatione,
1246 3898 1288 3959 de
1316 3893 1382 3958 fide
1406 3907 1439 3958 et
1482 3909 1567 3972 utar,
1590 3900 1686 3957 πλείω
1709 3893 1745 3955 τὰ
1767 3894 1899 3978 πάρεργα
1909 3896 1969 3956 τῶν
1980 3897 2082 3978 ἔργων,
2106 3893 2246 3975 denique
2262 3889 2371 3956 multis
2385 3913 2454 3956 am-

466 3991 621 4076 operibus
642 3987 800 4050 dicemus.
829 3983 926 4047 Nunc
948 3991 1073 4047 tantum
1094 3999 1162 4045 una
1183 3979 1344 4063 quaedam
1365 3999 1439 4061 par·
1482 3981 1623 4065 bagibns
1653 3981 1836 4043 obruuntur
1862 3997 1916 4041 res
1948 3977 2169 4041 necessariae.
2212 3974 2302 4074 Haec
2330 3974 2453 4059 Sophi-

466 4072 569 4143 ticula
589 4071 740 4137 addenda
757 4080 820 4145 est,
839 4065 1008 4131 videlicet:
1030 4067 1118 4130 siout
1133 4083 1274 4128 neeesse
1289 4064 1438 4126 estscire
1483 4066 1568 4128 stica
1599 4075 1632 4126 et
1664 4064 1882 4126 conscientias
1911 4061 2044 4125 adducit
2075 4063 2108 4124 in
2139 4057 2383 4134 dubitationem,
2418 4071 2454 4123 et

464 4155 680 4246 Evangelium
706 4173 783 4217 esse
812 4153 987 4237 gratuitam
1013 4149 1281 4233 promissionem,
1312 4150 1358 4212 ita
1383 4166 1438 4210 ne·
1482 4149 1651 4232 perturbat
1679 4144 1874 4212 Ecclesiam.
1919 4145 2030 4218 Quare
2055 4141 2222 4208 Paulinam
2253 4141 2453 4206 sententiam

468 4263 565 4309 cesse
586 4254 638 4306 est
660 4239 746 4303 ¹sciro
762 4237 856 4301 Evan
882 4237 979 4301 elium
995 4234 1247 4319 promissionem
1269 4232 1437 4296 universa·
1482 4231 1672 4316 simpliciter
1692 4241 1726 4295 et
1754 4233 1841 4294 bona
1864 4229 1929 4294 fide
1950 4230 2113 4305 recitabo,
2140 4246 2202 4291 nec
2223 4225 2357 4290 rixabor
2382 4225 2454 4290 hoc

466 4329 532 4394 lem
548 4345 636 4405 csse,
658 4323 723 4389 hoc
741 4334 804 4401 est,
821 4342 842 4385 o
867 4323 932 4386 erri
953 4333 985 4385 et
1007 4320 1150 4404 promitti
1168 4319 1318 4383 omnibus
1334 4316 1437 4380 homi·
1481 4316 1559 4383 loco
1593 4335 1667 4379 cum
1696 4313 1784 4378 uilis.
1838 4314 1921 4378 Nam
1955 4314 2010 4376 ubi
2042 4309 2231 4393 simpliciter
2264 4329 2453 4393 exposuero

467 4415 564 4479 nibus
592 4406 903 4476 reconciliationem.
952 4405 1047 4470 Hane
1074 4399 1294 4468 universalem
1326 4413 1437 4465 tenera
1481 4402 1567 4465 hanc
1588 4400 1798 4474 sententiam,
1825 4398 2003 4479 prudentes
2025 4409 2099 4460 eta
2164 4415 2205 4458 os
2226 4392 2384 4470 lectores,
2416 4407 2454 4458 ut

467 4517 607 4562 necasse
636 4507 689 4559 est
716 4494 878 4557 adversus
899 4491 1162 4574 pemiciosasffl)
1188 4487 1436 4572 imaginationes
1481 4505 1591 4570 spero,
1615 4485 1769 4548 dimittam
1781 4479 1992 4563 placatiores,
2011 4482 2127 4544 cumvi
2150 4480 2244 4556 erint,
2255 4476 2350 4552 haec,
2363 4497 2454 4560 qnae

469 4583 510 4645 de
535 4579 848 4663 praedestinatione,
882 4595 925 4639 ne
953 4576 1154 4657 disputemus
1182 4570 1269 4635 hanc
1300 4569 1436 4654 promis·
1482 4571 1603 4645 dicam,
1625 4565 1704 4631 nihil
1726 4567 1851 4629 habere
1868 4565 2018 4641 absurdi,
2041 4562 2120 4627 nihil
2141 4559 2303 4648 perplexi3
2332 4560 2453 4626 deinde

469 4667 596 4728 sionem
624 4665 667 4727 ad
693 4653 820 4746 pancos
877 4659 1015 4724 uosdam
1042 4655 1127 4722 alios
1159 4658 1338 4738 pertinere,
1369 4671 1435 4715 non
1481 4655 1602 4719 diserte
1637 4663 1669 4714 et
1700 4646 1798 4732 plane
1826 4651 1858 4712 in
1887 4651 1993 4713 sacris
2026 4645 2128 4711 literis
2156 4649 2323 4730 proposita
2356 4665 2455 4720 esse;

467 4749 630 4832 pertinere
658 4749 701 4810 ad
733 4765 806 4809 nos.
893 4765 937 4808 on
970 4744 1057 4807 enim
1090 4742 1221 4804 dubium
1250 4749 1319 4816 est,
1358 4739 1436 4821 quin
1479 4750 1646 4820 postremo
1674 4754 1740 4798 non
1769 4752 1845 4795 esse
1871 4735 1998 4798 otiosas
2027 4743 2061 4795 et
2087 4729 2217 4795 inutiles
2245 4730 2453 4814 imaginatio·

469 4832 611 4896 omnium
625 4833 750 4895 anbnos
771 4829 854 4894 haec
878 4829 1035 4915 cogitatio
1058 4835 1220 4890 exerceat.
1242 4822 1285 4887 Et
1294 4821 1371 4886 hinc
1383 4840 1435 4884 or·
1480 4843 1552 4898 nes,
1571 4819 1630 4882 sed
1653 4817 1880 4904 gravissimam
1899 4818 2097 4893 doctrinam,
2126 4835 2209 4899 quae
2231 4813 2329 4879 habet
2351 4832 2451 4877 usum

467 4928 522 4979 tae
543 4927 620 4980 sunt
641 4912 762 4978 multae
790 4916 1025 4996 disputationes
1053 4911 1251 4994 scriptorum
1274 4908 1316 4970 de
1343 4925 1436 4989 prae·
1479 4906 1655 5051 qnmvitauet
1680 4901 1845 5048 exertceistiis
1870 4903 2014 4985 piorum,
2037 4919 2121 4984 quae
2147 4899 2252 4963 erudit
2275 4910 2308 4962 et
2330 4915 2453 4961 conso-

1493 5010 1512 5053 a
1549 5004 1657 5068 rpras
1680 5005 1752 5048 men
1806 5027 1815 5046 .

1564 5070 1677 5154 ltaque
1703 5089 1768 5133 non
1792 5066 1896 5133 solum
1920 5067 2153 5151 Apostolorum
2183 5079 2213 5130 et
2236 5066 2369 5130 Petrum
2391 5087 2452 5129 au·

469 5155 515 5218 ⁷⁸)
532 5153 556 5205 ⁸1
573 5151 715 5202 omittunt
731 5151 803 5203 Edit.
821 5151 846 5198 2·
865 5149 940 5198 6-8·
962 5149 1067 5196 11-14·
1086 5153 1111 5199 θῑ
1130 5148 1191 5209 θΡΡ·
1480 5156 1594 5220 toritas
1630 5156 1727 5217 nobis
1762 5155 2002 5238 patrocinatur,
2040 5154 2099 5217 sed
2131 5152 2226 5215 etiam
2256 5151 2452 5230 comprobat

469 5254 515 5318 ra)
534 5253 585 5314 est]
602 5252 674 5304 Edttt.
695 5253 718 5299 ι.
738 5254 761 5301 s.
783 5251 889 5298 11-14.
909 5252 935 5299 et
953 5250 1031 5312 opp:
1048 5249 1082 5299 sit
1479 5239 1566 5303 hanc
1594 5242 1787 5302 sententiam
1813 5239 1968 5301 universa
1994 5235 2143 5300 Ecclesia
2171 5230 2345 5298 cuiuslibet
2367 5244 2449 5295 tem·

470 5357 515 5415 ιιι)
534 5364 704 5414 ιειιοειιηιιιι
721 5354 799 5404 Deum
818 5350 902 5411 nobis]
919 5348 962 5399 sd.
983 5350 1004 5396 1.
1024 5360 1110 5399 errore
1129 5351 1243 5409 typam:
1267 5355 1437 5406 agnoscamus
1479 5324 1584 5406 poris3
1611 5321 1675 5387 ll⁰0
1698 5333 1764 5397 θὸῑ,
1793 5322 1993 5421 expellenda
2022 5321 2146 5401 piosstm
2168 5328 2306 5381 testatur
2327 5317 2360 5379 ln
2382 5315 2449 5380 hac

537 5423 703 5473 nobtsbeum
720 5420 793 5471 nobis
1481 5408 1641 5470 sententia
1667 5405 1806 5489 proponi
1833 5424 1898 5467 non
1927 5415 2051 5466 otiosas
2078 5411 2272 5483 κενοφωνίας,
2302 5402 2362 5465 sed
2391 5421 2450 5464 ne·

472 5520 703 5585 superaremus]
725 5517 842 5574 ιιιιιι.
864 5513 1284 5579 11-13.et0pp.:perimiosar
1481 5492 1672 5567 cessariam,
1706 5509 1816 5553 veram
1844 5499 1876 5551 et
1904 5486 2028 5550 firnram
2057 5484 2327 5563 consolationem,
2361 5506 2449 5571 quae

477 5069 671 5079 ——·--——-
