5859 6734
1076 711 1207 778 4¹79

1080 915 1207 960 nec
1240 905 1477 958 auctor
1530 911 1655 956 nec
1700 901 1997 954 assertor
2038 887 2241 952 ullius
2296 888 2451 951 novi
2496 885 2819 970 dogmatis
2864 903 3020 948 esse
3056 900 3066 961 μ

1078 977 1257 1055 volo,
1298 979 1477 1062 quod
1518 996 1655 1040 non
1696 975 1895 1040 habet
1936 970 2281 1038 Ecclesiae
2322 971 2570 1035 veteris
2610 971 2895 1056 probata
2924 979 3020 1032 te-

1078 1065 1401 1126 stimonia.
1466 1060 1618 1124 Non
1660 1061 1833 1124 enim
1878 1069 2223 1122 contemno
2258 1053 2609 1120 Ecclesiae
2651 1051 3026 1120 catholicae

1078 1145 1385 1210 iudicium
1448 1154 1513 1208 et
1576 1145 2048 1210 auctoritatem.
2140 1139 2309 1213 Quid
2375 1150 2593 1204 autem
2657 1141 2741 1202 de
2794 1138 3020 1202 verbis

1082 1227 1347 1294 Coenae
1388 1229 1719 1294 senserint
1754 1223 2210 1292 Ecclesiastici
2252 1225 2653 1307 scriptoreS,
2711 1243 2793 1286 ex
2826 1221 3020 1286 dictis

1081 1333 1309 1377 eorum
1348 1323 1641 1396 apparet.

1248 1411 1501 1477 Paulus
1544 1411 1751 1495 inquit
1794 1409 1883 1487 [1.
1916 1407 2070 1474 Cor.
2113 1408 2215 1486 10,
2256 1407 2409 1486 164,
2450 1406 2652 1471 Panis
2697 1418 2802 1472 est
2846 1427 3022 1470 com-

1082 1495 1432 1562 municatio
1477 1496 1779 1596 corporis
1837 1491 2117 1570 Christi,
2174 1491 2487 1574 poculum
2544 1503 2611 1556 et
2668 1491 3022 1556 communi-

1084 1581 1257 1644 catio
1320 1579 1659 1662 sanguinis
1725 1576 1990 1643 Christi.
2099 1576 2325 1661 ltaque
2390 1577 2559 1641 datis
2624 1575 2730 1638 his
2796 1577 3022 1651 rebus,

1080 1681 1251 1748 pane
1310 1673 1377 1725 et
1431 1663 1587 1725 vino
1641 1664 1708 1725 in
1764 1680 1980 1726 coena
2032 1662 2305 1738 domini,
2372 1659 2763 1725 exhibentur
2824 1659 3022 1723 nobis

1082 1763 1325 1829 corpus
1368 1755 1435 1808 et
1478 1747 1753 1832 sanguis
1797 1744 2063 1809 Christi.
2150 1744 2239 1810 Et
2280 1743 2586 1810 Christus
2626 1763 2787 1808 vere
2831 1744 3024 1806 adest

1083 1840 1499 1894 sacramento
1557 1849 1716 1906 suo,
1779 1841 1845 1893 et
1888 1826 2127 1892 efficax
2170 1839 2276 1892 est
2314 1829 2384 1891 in
2424 1829 2653 1906 nobis,
2696 1829 2869 1892 sicut
2912 1827 3025 1890 Hi-

1082 1913 1289 1977 larius
1332 1914 1571 1996 inquit,
1636 1912 1825 1984 Quae
1880 1924 2141 1996 sumpta
2192 1923 2259 1976 et
2314 1909 2555 1975 hausta
2604 1909 2854 1978 faciunt
2870 1956 2891 1988 ,
2955 1920 3028 1973 ut

1086 1995 1389 2062 Christus
1440 1998 1529 2059 sit
1590 1998 1657 2060 in
1708 1997 1903 2060 nobis
1920 2041 1941 2073 ,
2006 2007 2073 2060 et
2122 2015 2247 2060 nos
2302 1997 2369 2058 in
2416 1995 2701 2060 Christo.
2788 1995 3028 2058 Mirum

1082 2077 1385 2164 profecto
1428 2092 1493 2143 et
1544 2081 1785 2165 ingens
1827 2080 2067 2164 pignus
2112 2079 2344 2142 summi
2388 2098 2551 2164 erga
2590 2099 2715 2144 nos
2759 2081 3027 2155 amoris,

1082 2182 1377 2230 sununae
1418 2163 1937 2240 misericordiae,
1994 2163 2171 2246 quod
2214 2161 2343 2228 hac
2384 2165 2533 2245 ipsa
2576 2183 2785 2228 coena
2828 2161 3028 2228 testa'-

1083 2259 1219 2312 tum
1262 2244 1425 2324 vult,
1469 2247 1647 2331 quod
1689 2265 1767 2311 se
1807 2249 2019 2331 ipsum
2062 2249 2253 2311 nobis
2297 2249 2645 2330 impertiat,
2687 2250 2867 2332 quod
2900 2265 3026 2311 nos

1084 2331 1213 2394 sibi
1252 2331 1567 2416 adiungat
1606 2341 1919 2414 tanquam
1962 2334 2275 2408 membra,
2318 2345 2391 2396 ut
2433 2332 2748 2410 sciamus,
2792 2351 2919 2394 nos
2940 2332 3026 2395 ab

1084 2434 1167 2478 eo
1212 2411 1419 2500 diligi,
1462 2416 1729 2498 respici,
1770 2415 2043 2478 servari.

1254 2521 1520 2588 Utinam
1548 2521 1743 2588 huius
1774 2525 1935 2588 tanti
1957 2525 2247 2588 muneris
2276 2524 2785 2608 magnitudinem
2808 2525 3024 2588 animo

1086 2605 1297 2672 metiri
1340 2619 1409 2672 et
1446 2603 1875 2690 contemplari
1916 2608 2343 2685 disceremus,
2384 2620 2459 2672 ut
2497 2610 2667 2694 grati
2704 2625 3026 2686 essemus,
3074 2651 3075 2656 κ

1086 2703 1155 2756 et
1197 2709 1347 2760 cum
1402 2689 1601 2756 fidem
1656 2711 1695 2756 e
1873 2711 2093 2770 emus,
2146 2701 2285 2756 tum
2335 2711 2496 2756 vero
2554 2711 3028 2776 expavescere-

1084 2793 1231 2838 mus
1274 2776 1469 2840 etiam
1520 2783 1587 2840 et
1628 2795 1711 2840 co
1848 2793 2105 2854 remus,
2202 2787 2469 2840 uantum
2516 2775 2756 2840 habeat
2810 2778 3027 2862 ingra-
3074 2816 3075 2821 κ

1086 2860 1293 2922 titudo
1336 2857 1641 2938 scelerIs,
1728 2879 1879 2924 uam
1920 2857 2169 2924 horribi
2201 2879 2276 2922 es
2318 2877 2579 2942 poenae
2602 2862 2849 2924 abusus
2893 2880 3027 2923 ma-

1084 2939 1365 3008 nifestos
1426 2953 1494 3006 et
1554 2963 1723 3026 prop
1898 2945 2141 3008 tionem
2210 2955 2557 3008 secuturae
2622 2946 2775 3008 sint.
2883 2943 3029 3007 Nec

1085 3025 1581 3092 existimandum
1624 3029 1961 3129 estminas
2000 3023 2153 3094 illas
2244 3105 2249 3117 Ι
2310 3027 2639 3106 vissimaS,
2682 3049 2853 3130 quae
2876 3039 3032 3126 sunt

1082 3103 1633 3282 mavffnmgnm
1632 3113 1779 3262 12¹¹*
1750 3123 1985 3262 ..amm
1928 3112 3030 3280 Ἓὶηθῗῧνῑῗῗὲἓιέιῖἒωΐ

1084 3277 1307 3354 Quare
1346 3279 1636 3344 arbitror
1675 3281 2019 3346 maximam
2060 3291 2317 3366 partem
2358 3279 2775 3384 publicorum
2816 3279 3029 3346 malo-

1082 3385 1229 3432 rum
1280 3363 1407 3430 his.
1460 3367 1809 3452 postremis
1884 3365 2293 3468 temporibus
2368 3367 2808 3448 imputandam
2875 3385 3029 3430 esse

1080 3449 1277 3516 huius
1334 3451 1737 3514 sanctissimi
1793 3469 2083 3514 muneris
2135 3447 2659 3534 prophanationi.
2761 3448 2899 3514 Sed
2963 3452 3029 3514 in
3078 3497 3079 3506 κ

1082 3545 1379 3604 extremo
1418 3533 1683 3614 iudicio,
1726 3555 1873 3600 cum
1916 3535 2217 3616 impietas
2258 3535 2481 3600 mundi
2524 3545 2776 3598 retecta
2809 3531 3030 3617 palam

1082 3622 1545 3708 conspicietur,
1586 3619 1999 3703 praebebunt
2040 3617 2109 3682 hi
2149 3619 2398 3684 abusus
2442 3618 2843 3684 horrendum
2878 3637 3028 3700 spe-
3067 3661 3068 3666 κ

1086 3703 1413 3776 ctaculum
1478 3716 1545 3769 et
1602 3703 1953 3788 punientur
2005 3700 2207 3786 longe
2269 3704 2707 3767 atrocioribus
2770 3704 3028 3784 poenis,

1085 3811 1253 3877 quas
1293 3787 1477 3856 nulla
1517 3809 1651 3854 vox
1704 3786 1989 3850 humana
2044 3785 2264 3870 eloqui
2310 3797 2555 3868 potest.
2642 3787 2809 3870 Legi
2864 3788 3027 3849 scri-

1084 3887 1263 3959 ptam
1302 3886 1457 3938 ante
1498 3891 1709 3936 annos
1756 3872 2077 3934 ducentos
2116 3872 2207 3952 pii
2250 3871 2589 3934 cuiusdam
2628 3869 2911 3933 hominis
2932 3872 3028 3934 vi-

1086 3961 1371 4034 sionem,
1428 3956 1533 4020 cui
1589 3954 1891 4037 apparuit
1932 3952 2243 4018 Christus
2286 3950 2471 4018 velut
2520 3951 2853 4018 laceratus
2906 3953 3026 4016 ssa-

1086 4038 1302 4128 genis,
1344 4037 1581 4122 plenus
1624 4034 1968 4104 vulnerum
2012 4049 2079 4102 et
2120 4039 2377 4102 cruoris
2398 4041 2720 4102 manantis
2763 4059 2884 4120 per
2926 4051 3025 4102 to-

1084 4138 1223 4192 tum
1267 4141 1531 4206 corpus·
1618 4121 1761 4186 Hac
1804 4122 2028 4203 specie
2079 4119 2593 4205 perterrefactus
2645 4121 2842 4186 homo
2893 4125 3024 4206 pri-

1084 4229 1257 4274 mum
1300 4217 1366 4270 et
1406 4207 1835 4282 exanimatuS,
1877 4219 2227 4290 postquam
2250 4207 2479 4269 iterum
2524 4226 2600 4270 se
2649 4204 2939 4292 collegit,
2970 4213 3022 4285 ⁶)

1088 4292 1393 4380 agnoscit
1456 4291 1819 4374 significari
1883 4288 2225 4376 singulare
2288 4309 2499 4376 genus
2566 4289 3021 4371 contumeliae,

1084 4397 1216 4462 quo
1285 4375 1587 4442 Christus
1650 4371 1992 4438 afficiatur.
2086 4371 2381 4460 Cumque
2424 4375 2819 4460 interrogat,
2910 4378 3023 4440 uid

1084 4461 1251 4526 haec
1294 4457 1569 4524 vulnera
1614 4459 1975 4542 praecipue
2008 4457 2411 4544 significent3
2454 4461 2813 4543 respondet
2835 4461 2889 4525 C
2939 4464 3021 4526 ri-

1086 4557 1263 4612 stus=
1308 4547 1408 4609 sic
1440 4541 1721 4608 lacerari
1764 4562 1842 4606 se
1883 4545 1968 4608 ab
2010 4543 2139 4622 his,
2185 4547 2293 4628 qui
2336 4541 2637 4626 polluunt
2667 4566 2855 4610 suum
2877 4567 3020 4611 cor-

1082 4650 1209 4714 pus
1250 4648 1371 4712 per
1401 4630 1681 4693 abusum
1724 4626 2131 4694 Sacramenti
2177 4640 2241 4692 et
2282 4627 2657 4694 Missarum.

1254 4737 1498 4800 Ferunt
1542 4747 1609 4800 et
1627 4733 1803 4800 Divo
1826 4735 2113 4802 Antonio
2156 4739 2475 4803 visionem
2518 4736 2809 4805 oblatam
2840 4759 3017 4817 esse,
3063 4776 3064 4780 =

1084 4821 1151 4884 in
1192 4841 1324 4903 qua
1364 4821 1524 4885 vidit
1563 4822 1811 4903 passim
1862 4841 1985 4906 per
2026 4831 2231 4886 totum
2276 4825 2503 4888 orbem

1084 4904 1173 4969 ad
1226 4923 1377 4967 aras
1428 4915 1495 4966 et
1544 4915 1830 4968 tractare
1894 4903 2409 4971 Sacramentum.

2593 4843 2792 4888 orcos
2834 4836 3017 4888 stare

2573 4927 2694 4972 aec
2756 4910 3017 4992 species

1084 4985 1479 5133 ⁸¹¹⁸¹¹1¹‘¹‘³‘'*'¹t
1519 4989 1729 5135 ‘'⁸¹⁸¹ss
1754 4991 2225 5138 ”zffizraxi
2244 5001 2401 5140 Ρῗέἒ
2436 4993 3016 5141 ἓξὲἓιιῗξωὶῖωιιῶ

1084 5069 1621 5220 ffssooesssstflffi
1657 5093 1815 5220 essg
1844 5175 2055 5241 usque
2097 5161 2181 5223 ad
2216 5158 2411 5222 finem
2456 5162 2710 5239 mundi,
2733 5099 2841 5226 put
2856 5097 3017 5225 PDg:

1084 5237 1217 5304 niel
1260 5245 1435 5320 [cap.
1458 5239 1520 5302 9.
1552 5238 1679 5316 11.1
1726 5239 2095 5326 significat,
2150 5244 2401 5306 etiamsi
2444 5242 2664 5329 aliqua
2704 5265 2787 5310 ex
2828 5257 3016 5330 parte

1114 5525 1177 5586 B)
1211 5523 1455 5589 collegit]
1494 5526 1637 5578 mitt
1672 5527 1717 5578 8.
1760 5527 1833 5578 11.
1868 5529 1923 5578 et
1954 5527 2107 5589 opp-2
2143 5525 2346 5588 colligit„

2320 699 2542 767 mm..
2586 697 2791 764 MEL.
2834 697 3208 764 SCRIPTA
3250 695 3800 762 DOGMATIGA.

4923 699 5060 766 48⁰

3104 883 3288 966 prius
3329 879 3751 946 revelabitur.
3843 879 4146 946 Christus
4188 877 4415 957 faciat,
4458 891 4530 944 ut
4565 882 4762 944 etiam
4803 879 5053 948 foelici-

3104 979 3208 1030 ter
3249 967 3650 1030 emendetur.

3275 1049 3382 1114 Ac
3425 1049 3511 1115 de
3550 1047 3762 1114 Missa
3795 1047 3926 1114 alio
3969 1047 4124 1112 loco
4169 1049 4568 1132 disputatum
4612 1061 4736 1112 est.
4801 1048 5054 1116 Reiicio

3107 1135 3502 1284 332?ssae
3557 1153 3768 1282 quii.
3779 1129 5058 1284 pffipggmfflgfiggffiffihffi

3105 1301 3318 1366 Missa
3375 1303 3566 1368 Sacri
3615 1305 3786 1366 cium
3829 1321 4016 1380 esse,
4071 1301 4250 1386 quod
4293 1299 4688 1383 applicatum
4731 1323 4854 1384 pro
4901 1301 5056 1368 aliis

3105 1385 3274 1452 vivis
3331 1397 3398 1452 et
3445 1389 3718 1452 mortuis
3773 1397 4106 1451 mereatur
4159 1386 4256 1449 eis
4309 1385 4756 1450 remissionem
4814 1385 5055 1469 culpae

3108 1481 3174 1534 et
3214 1488 3510 1552 poenae,
3563 1481 3630 1534 et
3683 1469 3948 1553 quidem
3997 1489 4082 1534 ex
4124 1488 4326 1552 opere
4383 1480 4672 1552 operato.
4758 1469 5056 1554 ideoque

3107 1553 3239 1618 hoc
3283 1553 3625 1620 Sacrificio
3671 1555 3864 1618 etiam
3905 1556 4182 1618 mortuis
4226 1549 4504 1636 polliciti
4545 1565 4698 1618 sunt
4717 1551 5053 1618 liberatio-

3107 1657 3258 1702 nem
3300 1657 3341 1701 a
3375 1643 3608 1722 poenis
3651 1639 4035 1724 purgatorii.
4125 1637 4310 1702 Haec
4353 1649 4420 1700 et
4466 1659 4508 1700 a
4551 1638 4874 1720 scriptura
4917 1641 5053 1702 dis-

3108 1724 3420 1801 sentiunt,
3461 1734 3530 1788 et
3571 1725 3804 1808 ignota
3845 1733 4002 1788 sunt
4041 1724 4252 1786 veteri
4295 1719 4664 1806 Ecclesiae,
4709 1735 4774 1786 et
4815 1725 5057 1787 obscu-

3107 1817 3256 1870 rant
3322 1808 3686 1872 doctrinam
3748 1808 3830 1871 de
3885 1805 4038 1872 fide.
4137 1803 4277 1870 Sed
4343 1807 4652 1889 quoniam
4705 1803 4836 1871 hoc
4900 1804 5058 1872 loco

3107 1891 3278 1954 hanc
3335 1891 3842 1974 disputationem
3936 1891 4530 1958 raetemittendam
4583 1891 4775 1968 duxi,
4841 1911 5062 1976 pauca

3109 1975 3434 2060 quaedam
3479 1977 3563 2040 de
3601 1979 3858 2040 ratione
4062 1974 4212 2039 ‘ficii
4253 1973 4486 2038 dicam.
4573 1973 4861 2039 Prodest
4885 1979 5059 2041 enim

3111 2071 3176 2124 et
3218 2061 3307 2122 ad
3347 2057 3524 2126 hanc
3565 2063 4092 2126 cona-oversiam
4109 2115 4116 2120 .
4132 2059 4544 2124 iudicandam
4600 2070 4666 2123 et
4721 2061 4808 2124 ad
4849 2059 5060 2126 multa

3110 2141 3270 2222 alia,
3313 2163 3520 2209 nosse
3565 2141 3890 2210 Sacrificii
3930 2157 4258 2210 naturam.
4343 2142 4488 2208 Etsi
4542 2155 4760 2208 autem
4801 2143 5058 2226 puerile

3109 2229 3368 2292 videtur
3407 2226 3734 2296 vocabula
3758 2229 4170 2293 Sacramenti
4211 2239 4276 2290 et
4299 2225 4626 2292 Sacrificii
4649 2229 5057 2308 discernere,

3109 2323 3328 2376 tamen
3371 2331 3484 2376 res
3525 2311 3840 2398 postulat,
3881 2323 3956 2376 ut
3993 2313 4064 2375 in
4109 2313 4495 2376 ceremoniis
4541 2313 4896 2376 discrimen
4941 2315 5059 2378 ob-

3111 2405 3440 2476 servetur,
3485 2407 3552 2460 et
3595 2398 3839 2461 diversi
3885 2395 4073 2460 fines.
4162 2393 4354 2460 Aliae
4397 2407 4552 2460 sunt
4593 2397 4788 2481 signa
4829 2408 4896 2461 et
4937 2418 5059 2462 no-

3109 2491 3222 2544 tae
3274 2482 3818 2564 promissionum,
3883 2483 3950 2544 in
4007 2481 4245 2564 quibus
4301 2477 4489 2544 Deus
4547 2482 4740 2544 nobis
4807 2479 5059 2565 aliquid

3110 2562 3396 2628 exhibet.
3485 2563 3680 2629 Aliae
3720 2585 3880 2630 vero
3951 2566 4368 2629 ceremoniae
4408 2584 4543 2630 non
4597 2575 4750 2628 sunt
4791 2569 5060 2651 proprie

3110 2651 3302 2796 gigna
3341 2651 3872 2732 promissionum,
3915 2651 4038 2714 sed
4078 2668 4304 2732 opera,
4347 2669 4518 2732 quae
4557 2669 4684 2714 nos
4715 2647 4863 2714 Deo
4909 2653 5060 2716 red-

3155 2753 3343 2796 imus·

3279 2815 3464 2881 Haec
3483 2817 3550 2880 in
3576 2817 3966 2881 ceremoniis
3991 2818 4368 2882 discrimina
4390 2837 4673 2884 necesse
4699 2831 4800 2882 est
4829 2821 5060 2884 obser-

3112 2919 3272 2964 vare
3287 2946 3308 2976 ,
3353 2903 3856 2985 quibuscunque
3901 2903 4164 2965 tandem
4205 2899 4553 2966 vocabulis
4596 2915 4873 2968 utamur.
4971 2903 5058 2968 Et

3113 2986 3419 3068 quoniam
3462 2985 3630 3049 haec
3671 2982 4000 3050 vocabula
4043 2985 4450 3051 Sacramenti
4505 2997 4570 3051 et
4621 2987 4945 3052 Sacrificii
4988 2991 5058 3052 in

3111 3089 3242 3135 usu
3285 3082 3471 3146 sunt,
3519 3091 3642 3134 nos
3686 3089 3952 3154 quoque
3995 3089 4076 3134 ea
4129 3072 4572 3136 retinebimus.
4657 3070 4782 3134 Est
4837 3072 5062 3156 itaque

3113 3153 3612 3218 Sacramentum
3637 3156 4028 3232 ceremonia,
4065 3174 4236 3238 quae
4259 3167 4362 3219 est
4397 3157 4654 3240 signum
4673 3155 5059 3236 promissio-

3111 3239 3240 3306 nis.
3283 3258 3404 3320 per
3488 3239 3622 3302 uod
3664 3237 3852 3302 Deus
3896 3236 4143 3322 aliquid
4184 3241 4378 3304 nobis
4435 3239 4746 3322 promittit
4786 3249 4900 3302 aut
4942 3259 5061 3304 ex·

3112 3319 3316 3386 hibet.
3406 3321 3460 3385 C
3521 3324 3838 3389 cumcisio
3896 3333 4036 3387 erat
4079 3326 4378 3410 signum,
4433 3343 4561 3410 quo
4613 3321 5062 3406 pollicebatur

3111 3405 3302 3471 Deus
3345 3425 3422 3470 se
3463 3407 3760 3491 recipere
3801 3408 4255 3474 circumcisos.
4357 3409 4735 3492 Baptismus
4791 3409 5060 3493 signum

3113 3501 3238 3568 est,
3282 3511 3414 3574 quo
3437 3490 3626 3556 Deus
3669 3493 4016 3556 nobiscum
4059 3493 4218 3578 agit,
4265 3505 4332 3556 et
4371 3493 4602 3575 recipit
4644 3511 4768 3557 nos
4811 3495 4878 3556 in
4905 3513 5059 3578 gra-

3111 3576 3299 3652 tiam,
3365 3587 3430 3638 et
3498 3578 3690 3660 quasi
3755 3577 4047 3659 baptizat
4107 3598 4233 3640 nos
4297 3579 4482 3661 ipse;
4551 3597 4702 3642 nam
4765 3580 5062 3642 minister

3113 3659 3402 3741 baptizat
3438 3661 3586 3724 vice
3609 3659 3874 3724 Christi.
3941 3660 4350 3726 Sacrificium
4395 3673 4498 3726 est
4541 3664 4920 3727 ceremonia
4951 3661 5063 3728 vel

3111 3763 3280 3890 ἓξὲξ
3318 3745 5063 3917 essm‘JusssssssssstPssffizzffssssiss”ggzz'sckz

3109 3910 3286 3974 hunc
3331 3914 3568 3994 ipsum,
3613 3915 3720 3977 cui
3755 3912 3927 3977 hanc
3963 3915 4392 3980 obedientiam
4415 3927 4854 3999 praestamuS,
4899 3937 5064 3982 vere

3113 4013 3267 4058 esse
3288 3994 3527 4075 Deum,
3573 3998 3856 4082 ideoque
3898 4018 4023 4061 nos
4071 4001 4130 4061 ei
4175 4000 4348 4064 hanc
4391 4001 4822 4080 obedientiam
4863 4020 5059 4082 prae·

3110 4089 3308 4143 stare.

3279 4163 3447 4230 Sunt
3509 4177 3728 4231 autem
3791 4169 4110 4234 Sacrificii
4175 4173 4438 4254 species
4501 4174 4796 4256 proxime
4859 4174 5057 4253 duae,

3105 4266 3229 4311 nec
3275 4263 3428 4313 sunt.
3467 4247 3714 4332 plures.
3805 4253 4152 4325 Quo'ddam
4209 4269 4310 4321 est
4367 4257 4778 4323 Sacrificium
4833 4262 5057 4343 propi-

3108 4334 3451 4412 tiatorium,
3497 4333 3802 4400 videlicet
3847 4359 4039 4420 opuS,
4083 4344 4263 4424 quod
4305 4355 4593 4407 meretur
4635 4341 4781 4408 aliis
4825 4346 5054 4408 remis-

3104 4421 3352 4485 sionem
3399 4417 3632 4500 culpae
3667 4433 3734 4484 et
3825 4441 4033 4487 oenae
4076 4438 4406 4506 aeternae,
4451 4448 4570 4493 seu
4615 4451 4656 4493 o
4703 4449 4784 4492 us
4819 4448 5055 4495 recon-

3106 4500 3334 4566 cilians
3378 4503 3592 4568 Deum
3639 4517 3700 4568 et
3744 4527 3788 4588 p
3816 4526 4020 4571 acans
4067 4512 4230 4574 iram
4271 4509 4398 4576 Dei
4440 4533 4562 4596 pro
4609 4535 4646 4577 a
4677 4515 4789 4592 'is,
4838 4525 4904 4579 et
4945 4535 5052 4579 sa-

3103 4584 3538 4690 tisfactorium
3591 4610 3713 4694 pro
3769 4589 3966 4696 culpa
4026 4607 4090 4658 et
4146 4616 4366 4678 poena
4427 4610 4713 4663 aeterna.
4817 4597 5056 4665 Altera

3103 4769 3208 4822 tur
3275 4757 3726 4822 remissionem
3779 4774 4204 4844 peccatorum
4259 4778 4372 4830 aut
4424 4767 5052 4848 reconciliationem,

3103 4843 3222 4906 sed
3267 4841 3340 4904 fit
3391 4863 3434 4905 a
3486 4843 3962 4924 reconciliatis,
4017 4859 4091 4912 ut
4142 4871 4265 4933 pro
4323 4863 4599 4934 accepta
4654 4855 5052 4919 remissione

3100 4937 3522 5009 peccatorum
3565 4939 3630 4990 et
3671 4949 3794 5010 pro
3828 4928 3974 4996 aliis
4017 4933 4359 5000 beneficiis
4397 4935 4545 5000 Deo
4591 4940 4841 5020 gratias
4888 4959 5051 5024 aga·

3099 5031 3270 5088 muS,
3315 5029 3434 5072 scu
3477 5013 3758 5096 gratiam
3799 5013 4162 5082 referamus
4207 5017 4336 5084 hac
4377 5035 4610 5085 nostra
4643 5023 5047 5087 obedientia.

3101 5093 3284 5158 Haec
3315 5095 3645 5160 distinctio
3665 5099 3828 5162 satis
3865 5097 4046 5166 clare
4085 5107 4354 5186 probari
4395 5118 4617 5186 potest
4639 5125 4718 5169 ex
4741 5106 5050 5192 Epistola

3099 5178 3544 5244 adHebraeos
3599 5187 3774 5266 [cap.
3797 5183 3842 5248 9
3863 5197 3926 5247 et
3952 5185 4106 5265 10.]‚
4149 5186 4316 5252 haec
4361 5191 4532 5254 enim
4567 5192 4762 5254 docet
4793 5203 5049 5255 tanttun

3099 5283 3298 5326 unum
3352 5265 3417 5326 in
3471 5266 3713 5328 mundo
3771 5271 4286 5350 propitiatorium
4345 5273 4753 5339 Sacrificium
4807 5274 5044 5339 fuisse.

3099 5344 3508 5430 Relinquit-ur
3550 5351 3772 5435 igitur,
3816 5365 4078 5416 caetera
4121 5357 4337 5419 omnia
4363 5377 4516 5420 esse
4541 5378 4764 5440 opera,
4811 5360 4878 5421 in
4904 5362 5044 5444 qui-

3100 5433 3226 5494 bus
3271 5432 3679 5498 reconciliati
3722 5437 4157 5499 obedientiam
4203 5438 4543 5506 declarare
4589 5446 4954 5507 debuerint.

3267 5512 3480 5580 Porro
3525 5519 3588 5580 in
3633 5516 3756 5580 has
3799 5521 3964 5583 duas
4010 5523 4292 5602 species,
4336 5545 4502 5607 quas
4541 5529 4694 5605 dixi,
4740 5529 5045 5595 distribui
