5859 6734
494 707 557 814 aar
1075 805 1078 810 Ι
1126 710 1239 774 nnn.
1259 707 1364 778 nter.
1385 705 1573 780 scarrrn
1593 708 1858 776 nonnarrcn
2426 717 2490 784 ma

497 919 656 964 summum
678 908 711 968 et
731 898 944 982 praecipuum
966 911 1027 974 est,
1051 891 1205 961 videlicet
1223 896 1264 960 de
1286 915 1367 960 vera
1389 899 1473 962 noti·
1514 896 1717 976 resuscitati,
1750 910 1783 962 et
1810 897 1876 964 fide
1904 902 2027 984 cogitet
2047 899 2141 966 Evan
2167 898 2265 964 elium
2292 901 2404 966 datum
2428 925 2488 988 per

498 983 542 1046 ti'a
562 979 639 1060 Del,
661 984 702 1045 de
724 1001 804 1047 vera
826 993 859 1048 et
904 978 1028 1046 erfectn
1049 981 1237 1044 obedientia
1261 1000 1342 1084 erga
1351 979 1472 1060 Deum,
1513 979 1601 1044 hunc
1623 978 1755 1045 Filium:
1786 981 1946 1066 Quicquid
1969 985 2125 1066 petieritis
2177 997 2280 1048 atrem
2301 988 2335 1050 in
2357 991 2487 1054 nomine

496 1063 644 1154 perfecto
676 1067 810 1146 timore,
834 1065 864 1128 'fl
888 1067 962 1130 ucia
997 1075 1030 1129 et
1059 1061 1235 1128 dilectione
1255 1062 1330 1130 Der.
1374 1065 1471 1130 (lom-
1513 1085 1605 1144 meo,
1638 1067 1727 1130 dabit
1754 1068 1861 1132 vobis.
1906 1067 2003 1132 Hunc
2030 1071 2162 1134 modurn
2191 1073 2397 1153 agnoscendi
2424 1071 2486 1138 Dei

495 1149 647 1236 plectitur
668 1164 777 1216 autem
798 1152 882 1213 duas
906 1151 1064 1214 nraxhnas
1087 1169 1158 1230 res,
1188 1147 1318 1215 scilicet
1338 1155 1471 1218 modum
1513 1169 1552 1214 sa
1596 1147 1749 1216 ePaulus
1760 1152 1856 1215 nobis
1868 1153 2083 1232 commendat,
2099 1154 2125 1218 l.
2141 1152 2286 1220 Corinth.
2301 1155 2330 1218 l.
2344 1161 2410 1236 [vs.
2421 1157 2485 1238 DL]

498 1237 722 1324 cognoscendi
742 1235 806 1298 Dei
830 1247 863 1298 et
885 1255 999 1301 verum
1022 1231 1154 1298 cultum.
1199 1233 1321 1300 Modus
1343 1247 1413 1314 est,
1433 1247 1471 1302 ut
1513 1233 1566 1308 Qu
1618 1237 1758 1300 mundns
1780 1256 1847 1300 non
1875 1239 1966 1300 novit
1987 1235 2095 1302 Deum
2116 1240 2149 1302 in
2171 1240 2331 1324 sapientia
2351 1261 2414 1325 per
2434 1263 2487 1308 sa·

496 1343 517 1387 a
540 1320 762 1408 prehendatur
782 1320 879 1384 Deus
903 1341 965 1402 per
987 1339 1084 1385 sunm
1106 1321 1246 1384 verbum
1268 1333 1301 1386 et
1322 1321 1470 1386 testimo·
1510 1319 1682 1404 pientiam,
1708 1317 1831 1402 placuit
1851 1319 1926 1385 Deo
1956 1341 2015 1405 per
2037 1319 2207 1388 stultitiam
2230 1325 2487 1408 praedicationis

497 1343 595 1473 ulum.
641 1405 725 1477 Quia
747 1405 831 1468 enim
852 1402 946 1470 Deus
969 1415 1022 1469 est
1043 1401 1229 1480 invisibilis,
1251 1425 1393 1470 neeesse
1417 1417 1470 1470 est
1511 1401 1627 1468 salvos
1649 1401 1761 1468 facere
1785 1406 1969 1470 credentes.
2002 1405 2082 1471 ltern
2100 1409 2252 1472 doctrina
2271 1407 2489 1478 dePontifice

496 1493 538 1556 de
559 1511 600 1556 eo
622 1488 755 1574 aliquod
777 1489 996 1554 testimoninm
1015 1501 1146 1568 extare,
1198 1509 1235 1554 er
1256 1491 1345 1574 quod
1365 1511 1469 1577 agno·
1512 1485 1645 1552 Christo
1676 1489 1816 1554 intrante
1843 1493 1878 1554 in
1904 1501 2020 1555 sancta
2041 1504 2247 1570 sanctorum,
2271 1494 2363 1558 docet
2384 1497 2486 1562 idem.

497 1581 611 1642 scatur
631 1587 663 1639 et
685 1573 959 1658 apprehendatur.
991 1571 1038 1638 Ut
1058 1594 1151 1638 mens
1173 1511 1317 1639 lamara
1337 1575 1469 1640 intuens
1511 1569 1641 1657 Reliqui
1666 1569 1814 1638 homines
1844 1595 1911 1638 non
1938 1588 2124 1660 agnoscunt
2143 1577 2252 1641 Deum
2279 1577 2487 1658 invisibilem,

495 1655 604 1726 mundi
628 1659 833 1744 opiliciunrc
879 1660 937 1723 itat
959 1659 1000 1722 de
1023 1669 1159 1723 anctore
1180 1659 1275 1738 Deo,
1302 1661 1363 1724 sed
1384 1657 1469 1726 haec
1511 1659 1571 1722 sed
1600 1658 1633 1720 in
1661 1655 1726 1722 hoc
1747 1679 1904 1724 arcanum
1926 1672 1959 1724 et
1981 1672 2131 1726 sanctum
2159 1673 2349 1728 sanctornm
2375 1665 2486 1750 ingre·

496 1747 610 1810 notitia
635 1745 818 1810 nondums
880 1743 942 1822 cit,
969 1765 1067 1828 quam
1089 1753 1122 1808 et
1141 1742 1271 1809 Ethnici
1298 1756 1332 1809 et
1351 1743 1467 1808 Maho-
1512 1741 1598 1806 ditur
1631 1739 1724 1806 solus
1757 1740 1844 1808 iilius
1872 1743 1946 1808 Dei.
1990 1744 2067 1808 ldeo
2100 1748 2269 1812 accessuri
2301 1749 2344 1810 ad
2376 1747 2484 1814 Deum

496 1832 646 1896 metistae
677 1841 807 1905 tenent,
840 1849 1027 1914 quanquam
1053 1828 1138 1893 haee
1160 1849 1293 1914 quoqne
1314 1825 1425 1894 multis
1446 1850 1468 1893 a
1512 1846 1734 1911 agnoscamus
1771 1827 1860 1892 hunc
1892 1827 2100 1911 Pontificem,
2141 1831 2313 1895 ducentem
2347 1851 2410 1895 nos
2444 1835 2484 1897 ad

496 1911 638 1979 Diabolo
662 1915 833 1978 excutitur.
866 1913 934 1978 Sed
954 1925 992 1978 ut
1011 1915 1150 1979 maxime
1171 1916 1268 1992 adsit,
1290 1925 1401 1978 manet
1421 1925 1468 1978 ta-
1512 1909 1645 1974 Patrem
1668 1921 1701 1975 et
1745 1907 1940 1976 erferentem
1958 1925 2091 1978 nostras
2113 1935 2240 1996 preces.
2275 1915 2368 1980 Sicut
2382 1918 2484 2002 inquit

497 2019 572 2074 men
584 1999 752 2077 dubitatio,
774 1999 828 2062 An
850 1995 907 2062 ille
930 1999 1080 2064 conditor
1090 1995 1184 2064 Deus
1206 2019 1270 2063 nos
1286 2009 1391 2078 curet,
1412 2019 1468 2062 eu·
1510 1991 1714 2060 Eistolaad
1757 1999 1897 2062 ebraeos
1909 1999 1953 2077 14,
1967 1999 2015 2060 lt.
2028 1997 2287 2078 lii.]:Hnbentes
2299 1999 2388 2064 hunc
2401 2001 2485 2065 Pon·

496 2087 616 2163 audiat,
637 2105 680 2148 an
702 2085 752 2148 sic
762 2079 842 2148 velit
853 2080 930 2162 ooli,
952 2094 984 2148 et
1007 2086 1171 2169 quomodo
1193 2082 1274 2148 velit
1296 2079 1371 2148 ooli.
1405 2083 1468 2147 llic
1510 2018 1631 2144 tilcem
1653 2081 1810 2144 adeamus
1832 2082 1874 2144 ad
1893 2079 2046 2146 thronum
2064 2085 2200 2168 gratiae.
2234 2083 2305 2148 Hae
2328 2085 2370 2149 de
2387 2087 2485 2150 modo

497 2177 581 2258 opus
600 2182 651 2233 est
674 2169 777 2232 verbo
799 2166 863 2232 Dei
885 2179 917 2233 et
939 2169 1144 2244 testimoni03
1172 2167 1248 2233 ldeo
1271 2167 1325 2232 hic
1347 2189 1468 2252 propo·
1511 2165 1713 2250 agnoscendi
1741 2162 1805 2230 Dei
1829 2168 2020 2230 necessario
2049 2169 2189 2233 docendi
2217 2183 2291 2231 sunt
2321 2169 2483 2248 homines,

496 2257 595 2322 olium
617 2263 670 2318 est
692 2265 817 2318 certum
840 2255 977 2332 verbum
998 2253 1277 2318 ettestimonium:
1299 2253 1372 2338 Ego
1394 2273 1468 2316 sum
1510 2261 1546 2314 ut
1567 2260 1657 2313 recte
1678 2248 1849 2314 invocetur
1869 2249 1974 2314 Deus.
2391 2281 2394 2288 ·

493 2341 655 2406 Dominus
676 2338 770 2404 Deus
792 2348 881 2418 tuus,
902 2337 959 2422 qui
980 2337 1131 2404 eduxite
1153 2338 1194 2402 de
1214 2337 1466 2424 terraAegypti.
1597 2331 1714 2398 Cultus
1736 2347 1862 2413 mrtem,
1885 2337 1926 2399 de
1949 2338 2067 2418 quibus
2089 2335 2144 2401 hic
2164 2339 2378 2444 praecipitur,
2408 2353 2483 2404 sunt

494 2425 623 2504 Statuat
643 2423 744 2508 igitur
763 2441 858 2488 mens
879 2419 967 2488 hunc
989 2441 1067 2488 asse
1086 2422 1213 2501 Deum,
1240 2423 1297 2506 qui
1317 2441 1357 2488 so
1375 2433 1467 2506 pate·
1509 2417 1643 2504 Agnitio
1661 2417 1736 2495 Dei,
1759 2417 1903 2484 Credere
1924 2422 2027 2484 verbo
2040 2421 2115 2498 Dei,
2138 2441 2236 2486 verns¹
2259 2421 2383 2502 limor,
2405 2445 2484 2489 vera

494 2499 572 2574 fecit
601 2508 678 2571 dato
706 2507 774 2570 hoc
801 2509 903 2572 verbo
931 2507 966 2572 in
986 2519 1097 2574 monte
1118 2505 1209 2586 Sina,
1242 2517 1276 2572 et
1306 2509 1363 2592 qui
1393 2527 1468 2590 pro·
1509 2501 1608 2567 Fides
1630 2521 1691 2566 seu
1712 2501 1857 2582 Fiducia,
1880 2515 1913 2567 et
1934 2524 2013 2569 vera
2034 2502 2186 2570 Dilecilo.
2226 2505 2376 2592 Requirit
2399 2509 2483 2574 euim

495 2589 607 2658 fessus
630 2603 682 2654 est
703 2611 742 2656 se
753 2611 830 2660 esse
840 2588 949 2656 Deum
970 2603 1072 2673 tuum,
1093 2591 1127 2656 id
1144 2603 1206 2670 est,
1228 2593 1284 2676 qui
1304 2603 1339 2658 te
1360 2602 1467 2670 curat,
1509 2587 1689 2664 Timorem,
1719 2608 1792 2652 cum
1818 2589 1864 2652 ait
1887 2587 2007 2668 [Exod.
2029 2590 2084 2666 20,
2104 2589 2166 2670 5.]:
2197 2589 2271 2675 Ego
2296 2613 2368 2656 sum
2389 2592 2483 2658 Deus

496 2678 641 2759 respicit,
662 2677 794 2753 iudicat,
816 2673 973 2754 defendit,
996 2677 1099 2758 punit.
1509 2671 1604 2736 fortis
1627 2668 1769 2750 zelotes,
1791 2673 1927 2738 visitans
1948 2674 2162 2757 iniquitatem.
2207 2673 2287 2740 ltem
2315 2676 2430 2756 [Dent.
2452 2679 2484 2754 6,

579 2760 734 2825 Additum
757 2771 862 2823 estet
885 2761 1123 2838 testhnonium,
1145 2758 1297 2824 videlicet
1319 2757 1467 2846 gloriosa
1511 2756 1591 2836 13.]=
1618 2756 1794 2821 Dominum
1815 2753 1924 2822 Deum
1945 2769 2034 2822 tuum
2056 2759 2185 2823 timebis
2208 2772 2242 2824 et
2262 2758 2309 2824 illi
2330 2759 2394 2826 soli
2414 2783 2484 2826 ser·

495 2847 643 2911 liberatio
667 2856 698 2907 et
720 2841 869 2910 defensio
890 2841 986 2908 huius
1007 2841 1143 2927 Populi,
1177 2864 1251 2909 cum
1273 2847 1468 2909 educeretur
1509 2842 1591 2905 vies.
1634 2839 1684 2906 Re
1708 2843 1783 2905 uirit
1811 2839 1961 2907 fiduciam
1988 2855 2021 2907 et
2053 2841 2279 2922 dilectionem,
2312 2865 2386 2909 cum
2419 2849 2482 2912 ait:

495 2953 537 2996 cx
557 2930 713 3016 Aegypto
748 2939 810 2993 etc.
865 2927 936 2992 Etsi
962 2928 1061 3014 igitrrr
1081 2928 1175 2992 Deus
1205 2941 1257 2992 est
1283 2926 1466 3006 invisibilis,
1507 2924 1581 3011 Ego
1604 2944 1677 2990 sum
1733 2944 1793 2990 eus
1815 2936 1890 2990 tuus
1914 2929 2135 3012 omnipotenS,
2158 2939 2192 2992 te
2209 2931 2403 3013 respiciens,
2427 2952 2482 2996 cu·

495 3017 604 3081 tamen
625 3033 718 3079 mens
740 3011 883 3077 humana
904 3011 1056 3098 agnoscit
1077 3012 1166 3077 huno
1189 3032 1265 3077 esse
1282 3011 1390 3078 Deum
1412 3031 1466 3076 ve·
1509 3029 1599 3086 rans,
1621 3007 1812 3088 defendens,
1835 3008 1981 3088 salvam,
2003 3024 2066 3079 etc.
2098 3012 2179 3077 ltem
2203 3012 2320 3092 [Exod.
2341 3013 2396 3092 20,
2419 3022 2482 3096 oq:

495 3122 584 3178 rum,
606 3101 660 3184 qui
683 3099 775 3161 sein
797 3116 860 3161 suo
881 3098 985 3161 verbo
1008 3109 1040 3160 et
1061 3097 1255 3162 testimoniis
1267 3098 1465 3163 admirandis
1508 3094 1916 3160 Faciensmisericordiam
1929 3095 2149 3181 diligentibus.
2168 3096 2482 3178 ltemlDeut.6,5.].

495 3181 650 3269 patefecit
672 3194 704 3246 et
726 3183 878 3260 ostendit,
902 3182 1068 3268 quomodo
1091 3179 1157 3246 coli
1178 3181 1269 3246 velit.
1302 3182 1359 3248 Sic
1371 3182 1466 3246 Adae
1507 3177 1638 3264 Diliges
1660 3177 1836 3246 Dominum
1862 3179 1969 3245 Deum
1996 3193 2086 3246 tuum
2114 3201 2156 3245 ex
2183 3193 2250 3246 toto
2278 3181 2379 3246 corde
2407 3195 2483 3250 tuo.

494 3269 654 3356 principio
675 3264 737 3332 fnit
758 3267 870 3332 datum
892 3267 1028 3332 verbum
1052 3267 1085 3330 in
1107 3264 1266 3331 Paradiso
1289 3279 1321 3331 et
1345 3288 1466 3351 propo·
1508 3263 1592 3328 Nam
1607 3261 1691 3329 haee
1709 3265 1806 3342 dicta,
1827 3266 2015 3350 ubicunque
2030 3264 2193 3351 leguntur,
2214 3268 2483 3332 struteuarratio-

494 3357 556 3418 sita
577 3363 649 3416 tota
671 3371 778 3426 rerum
798 3362 928 3428 natura,
949 3371 1034 3434 quae
1057 3362 1150 3416 esset
1177 3353 1396 3416 testimonium
1424 3353 1465 3416 de
1508 3369 1568 3414 nes
1589 3347 1683 3506 {¹3¹¹ss
1704 3352 1883 3433 praecepti.

495 3437 584 3510 Deo;
607 3435 673 3499 Sed
693 3446 825 3517 postea,
849 3455 923 3499 cum
943 3431 1059 3520 lapsus
1081 3447 1182 3514 esset,
1204 3433 1265 3500 fuit
1286 3457 1307 3498 o
1330 3457 1370 3500 us
1388 3457 1465 3500 con·
1648 3433 1690 3496 od
1722 3445 1830 3498 antem
1862 3436 2008 3518 requirat
2040 3433 2221 3520 perfectam
2250 3436 2480 3512 obedientiam,

494 3519 654 3588 solatione
683 3520 725 3583 de
753 3515 946 3584 remissione
965 3522 1108 3602 peccati:
1136 3520 1215 3585 Ideo
1242 3521 1387 3585 additum
1413 3531 1466 3584 est
1507 3515 1591 3581 baec
1608 3517 1712 3582 verba
1732 3529 1904 3595 testantur,
1926 3519 2027 3584 Dent
2049 3519 2081 3584 6.
2105 3527 2170 3600 [vs.
2188 3521 2233 3600 5.]
2256 3518 2387 3606 Diliges
2408 3519 2480 3584 Do-

493 3603 589 3686 aliud·
602 3604 753 3681 verbnm,
774 3601 903 3668 scilicet
924 3605 1099 3687 promissio
1161 3607 1262 3683 atiae,
1283 3605 1464 3669 etaccede·
1508 3601 1628 3665 minum
1637 3600 1745 3666 Deum
1764 3613 1853 3666 tumn
1872 3625 1914 3668 ex
1936 3614 2006 3668 toto
2029 3606 2141 3683 corde,
2158 3627 2198 3669 ex
2217 3607 2413 3682 totaanima,
2435 3627 2476 3670 ex

492 3693 573 3758 bant
593 3689 701 3792 rigna,
724 3687 964 3770 rapiebanturi
1014 3708 1117 3754 ecoe
1131 3691 1192 3754 esti
1212 3689 1373 3755 victimae.
1406 3687 1464 3754 Sic
1508 3687 1659 3752 omnibus
1675 3687 1800 3750 viribus
1816 3689 1890 3750 tuis.
1924 3687 2073 3773 Requirit
2094 3691 2194 3776 igitur
2214 3691 2375 3768 timorem,
2397 3690 2477 3755 lidu-

493 3773 528 3840 ct
559 3775 656 3844 uobrs
688 3774 775 3837 idem
802 3775 938 3836 verbum
994 3771 1137 3858 vangelii
1167 3774 1373 3859 propositum
1400 3785 1463 3851 est,
1507 3773 1590 3836 ciam
1606 3781 1639 3834 et
1655 3768 1861 3836 dilectionem
1872 3770 1936 3836 Dei
1954 3793 2055 3858 snper
2073 3775 2198 3853 onmia,
2229 3785 2262 3838 et
2284 3775 2345 3852 ita,
2362 3787 2399 3838 ut
2414 3773 2477 3838 hae

493 3869 528 3924 et
547 3867 673 3924 certrun
696 3857 922 3928 testimonium,
945 3855 1072 3922 scilicet
1094 3857 1180 3922 lilius
1201 3856 1267 3922 Dei
1288 3857 1462 3924 crucifixus
1506 3858 1643 3922 virtutes
1666 3855 1731 3917 sint
1752 3875 1864 3938 purae,
1887 3857 2068 3944 flagrantes
2086 3869 2118 3924 et
2132 3857 2311 3942 perfectae,
2333 3880 2401 3924 non
2421 3861 2474 3924 ad

494 3953 528 4010 et
546 3941 778 4008 rcamcttatusz
812 3941 874 4004 llic
908 3942 1051 4005 ostendit
1080 3941 1178 4007 nobis
1203 3953 1338 4025 patrem.
1389 3941 1463 4008 1100
1505 3941 1610 4004 mistis
1639 3939 1765 4004 vitiosis
1794 3942 2033 4024 cupiditatibus.
2085 3944 2153 4009 Sed
2185 3943 2272 4008 banc
2297 3941 2475 4027 perfectam

493 4025 561 4092 fillo
583 4027 697 4114 agnito
719 4026 912 4090 invocamus
937 4036 1105 4092 aeternnm
1126 4025 1270 4104 Patrem,
1292 4027 1347 4114 qui
1368 4047 1408 4090 se
1428 4026 1463 4090 in
1506 4024 1721 4088 obedientiam
1753 4023 1837 4090 haec
1872 4039 2028 4110 corrupta
2062 4039 2178 4092 natura
2209 4026 2376 4094 hominum
2409 4049 2475 4092 non

494 4109 562 4175 lilio
593 4108 765 4196 patefecit,
800 4122 833 4174 ut
856 4111 972 4174 dicitur
993 4109 1081 4174 loan.
1107 4111 1136 4174 l.
1160 4117 1224 4190 [vs.
1248 4111 1313 4192 ts]
1355 4108 1463 4176 Deum
1504 4119 1614 4192 potest
1641 4122 1820 4191 praestare.
1870 4111 2014 4176 llaerent
2042 4114 2075 4176 in
2103 4114 2218 4176 animis
2248 4114 2405 4178 dubitatio
2434 4114 2474 4176 de

494 4215 588 4261 nemo
607 4195 686 4258 vidit
708 4214 863 4277 unquam,
882 4191 1005 4272 Filius,
1033 4197 1089 4280 qni
1116 4207 1169 4260 est
1190 4197 1223 4259 in
1245 4196 1322 4258 sinu
1342 4193 1463 4274 Patris,
1505 4195 1553 4258 ira
1573 4190 1638 4257 Dei
1660 4205 1693 4258 et
1714 4196 1811 4278 deu)
1835 4197 2077 4261 misericordia:
2098 4198 2204 4262 Nemo
2226 4209 2351 4262 tantum
2374 4199 2473 4272 timet,

493 4284 502 4345 i
545 4279 757 4344 eenarravit.
802 4277 899 4342 ltemz
929 4279 992 4350 Qui
1016 4281 1104 4344 videt
1125 4299 1188 4357 me,
1209 4281 1298 4344 videt
1317 4277 1461 4344 Putrem.
1504 4289 1660 4362 quantum
1672 4279 1785 4352 debet3
1801 4279 1905 4344 Neruo
1917 4283 1966 4346 sic
1982 4281 2102 4366 flagrat
2113 4279 2304 4360 dilectione,
2319 4293 2355 4347 ut
2367 4283 2473 4358 debet,

492 4301 630 4429 Slsitem
660 4361 776 4428 blatth.
801 4363 851 4428 ll.
881 4367 945 4438 [vs.
967 4362 1033 4444 atq
1077 4365 1182 4428 Nemo
1208 4364 1300 4430 novit
1320 4362 1462 4443 Patrem,
1504 4375 1536 4427 et
1547 4363 1710 4426 admixtae
1722 4373 1798 4426 sunt
1809 4362 1930 4428 multae
1940 4386 2064 4449 pravae
2075 4367 2277 4450 cupiditates.
2301 4366 2379 4432 ldeo
2390 4365 2473 4432 Pau·

493 4450 556 4514 nisi
576 4445 695 4526 Pilius,
725 4460 758 4512 et
784 4449 838 4512 cui
859 4446 960 4510 Filius
981 4447 1152 4514 revelavit.
1195 4447 1261 4512 Per
1283 4449 1372 4536 hunc
1392 4446 1461 4533 pla-
1502 4445 1556 4512 lus
1568 4447 1671 4531 inquit
1681 4445 1904 4528 monam:
1917 4448 2044 4514 Sensus
2060 4453 2168 4516 carnis
2179 4452 2344 4516 inimicitia
2354 4464 2407 4518 est
2418 4452 2472 4518 ad·

494 4547 588 4602 catus
619 4545 672 4598 est
702 4531 820 4610 Pater,
852 4542 987 4615 propter
1020 4554 1094 4598 eum
1123 4533 1263 4598 exaudit.
1308 4531 1460 4598 Christus
1502 4552 1619 4596 versus
1640 4532 1764 4608 Deum;
1797 4533 1867 4597 Nec
1888 4531 1963 4599 leve
1984 4533 2104 4600 malum
2126 4535 2294 4622 intelligit,
2319 4557 2394 4602 cum
2415 4559 2472 4602 no·

493 4625 563 4685 isa
589 4619 693 4704 inquit
719 4615 809 4682 loen.
834 4617 884 4681 lii.
915 4621 978 4696 [vs.
1000 4617 1066 4696 ζ.)3.1
1111 4617 1275 4702 Quicquid
1301 4619 1460 4702 petieritis
1502 4617 1602 4694 minat
1629 4619 1824 4682 inimicitiam
1851 4619 2012 4684 adversus
2039 4620 2158 4686 Deum.
2208 4621 2348 4704 Semper
2375 4624 2471 4708 igitur

495 4645 623 4770 ἓαῑτοιη
643 4705 677 4768 tn
699 4704 830 4767 nomine
857 4722 947 4776 meo,
981 4703 1074 4767 dabit,
1097 4703 1204 4766 vobis.
1253 4701 1350 4768 llunc
1378 4722 1459 4768 ero
1502 4712 1640 4768 accusat
1662 4714 1695 4766 et
1716 4703 1848 4767 damnat
1869 4702 1953 4770 hoec
1964 4709 2006 4786 ⁷⁷)
2035 4703 2107 4769 Lex
2130 4726 2244 4770 omnes
2266 4705 2418 4772 homines
2439 4709 2469 4770 in

494 4800 676 4854 statuamus
698 4806 775 4852 esse
796 4787 923 4864 Deum,
948 4787 1004 4872 qui
1032 4805 1070 4850 se
1090 4784 1247 4872 patefecit
1267 4787 1344 4852 doto
1365 4785 1460 4866 Fiho,
1502 4784 1567 4851 hac
1595 4796 1750 4868 corrupta
1778 4797 1909 4865 notura,
1942 4791 2018 4875 quia
2046 4788 2223 4874 perfectam
2253 4793 2470 4857 obedientiam

495 4875 614 4950 misso,
635 4884 672 4938 nt
693 4873 788 4936 lieret
808 4872 956 4949 victima,
979 4882 1011 4936 et
1033 4872 1248 4950 resuscitato,
1268 4883 1305 4936 ut
1325 4873 1369 4936 slt
1390 4871 1459 4938 lile·
1502 4891 1563 4934 nec
1607 4881 1753 4934 raestant
1774 4891 1837 4934 nec
1858 4885 1998 4955 possunt
2020 4887 2201 4957 praestare.

495 4957 611 5034 diator,
631 4955 846 5033 intercessor,
868 4955 1006 5020 Adiutor
1028 4967 1061 5020 et
1082 4953 1256 5032 Salvator,
1283 4955 1381 5032 item,
1403 4958 1459 5042 qui
1584 4893 1652 5020 lam
1674 4955 1760 5020 dicat
1780 4953 1914 5041 aliquis:
1945 4957 1989 5022 At
2013 4961 2046 5023 ui
2067 4978 2208 5023 necesse
2231 4971 2281 5024 est
2302 4980 2381 5039 eos,
2417 4963 2468 5046 qui

495 5041 583 5105 dedit
607 5038 684 5104 hnic
712 5038 795 5105 Filio
815 5037 1032 5126 Evangelium
1058 5042 1100 5105 de
1128 5039 1321 5105 remissione
1342 5061 1458 5125 pecca·
1499 5037 1574 5104 Deo
1596 5037 1745 5123 placent,
1766 5037 1876 5106 facere
1897 5039 1985 5109 hanc
2035 5063 2137 5130 egem.
2160 5042 2377 5129 Respondeo:
2401 5043 2467 5108 Pri·

495 5139 600 5190 torum
621 5135 653 5187 et
675 5126 716 5188 de
736 5125 957 5189 vitaaeterna.
989 5124 1081 5190 llaec
1093 5125 1258 5190 invocatio
1270 5145 1458 5210 agnoscens
1499 5146 1585 5189 mum
1612 5143 1675 5188 nee
1696 5125 1846 5192 inchoari
1869 5138 1978 5210 potest
2006 5130 2078 5194 sine
2099 5130 2263 5213 agnitione
2289 5127 2415 5196 Christi
2435 5143 2466 5193 et

494 5210 600 5274 Deum
622 5220 801 5285 aetermam,
822 5205 1092 5291 Omnipotentem,
1114 5207 1233 5272 fiducia
1256 5207 1379 5273 Christi
1398 5231 1458 5294 per
1500 5206 1698 5294 Evangeli03
1722 5212 1796 5296 quio
1813 5212 1898 5276 enim
1913 5225 2049 5278 accusat
2059 5224 2091 5277 ct
2102 5215 2233 5278 damnat
2249 5213 2321 5278 Lex
2340 5235 2465 5280 omnes.

495 5297 605 5358 datum
625 5289 855 5377 Evangelium,
887 5295 1044 5358 discernit
1073 5295 1314 5359 invocationem
1345 5314 1457 5360 veram

494 5375 666 5442 Ecclesiae
693 5377 737 5441 db
768 5377 909 5440 omnium
937 5379 1080 5462 gentium
1106 5377 1323 5442 invocatione.
1366 5377 1457 5464 Ergo

495 5464 624 5548 quoties
643 5481 738 5527 mens
760 5457 878 5524 clamat
899 5463 941 5524 ad
963 5461 1081 5539 Deum,
1102 5463 1234 5526 invocet
1254 5461 1380 5540 Demo,
1402 5465 1458 5549 qui
1500 5465 1546 5530 ⁷⁰)
1569 5465 1600 5517 ¹¹²
1618 5467 1698 5520 abest
1714 5468 1750 5521 αθ
1767 5469 1839 5521 udttt
1860 5471 1898 5522 ¹⁰·
1914 5471 1952 5517 1⁷·
1970 5472 2011 5522 ²¹·
2031 5473 2071 5524 ²²·
2090 5474 2131 5524 ²⁴·
2149 5471 2279 5535 ²8-³⁴·‚
2298 5472 2361 5535 Out-
2384 5474 2405 5523 ¹·
2424 5474 2447 5523 ²·

496 5558 546 5612 eat
565 5545 664 5612 Pater
683 5545 815 5612 Domui
845 5547 949 5610 nosen
981 5543 1056 5610 iesu
1076 5543 1216 5622 cumn,
1247 5543 1392 5612 emeruit
1424 5557 1458 5611 et
1500 5565 1546 5631 rr)
1569 5567 1634 5621 mee
1651 5567 1730 5623 aroc
1745 5569 1782 5623 ar
1799 5569 1870 5624 rna
1889 5571 1995 5626 ta-ao.
2013 5573 2054 5626 aa.
2074 5571 2192 5632 rs-tr.
2210 5572 2283 5635 com.
2306 5575 2325 5624 ι.
2346 5575 2370 5626 a.
2388 5575 2414 5624 r.

1501 5365 1701 5378 -—-
