5859 6734
464 691 531 761 sm
751 761 761 788 -.
1089 689 1202 757 run.
1222 688 1326 758 nnn.
1347 687 1534 760 scum
1554 643 1830 759 nonnanes
2419 687 2487 754 eoo

465 900 548 948 vero
568 874 684 944 dolore
705 876 830 945 clamo:
852 876 925 944 Tibi
945 888 1074 944 tantum
1093 898 1168 943 sum
1187 890 1362 964 peccator,
1383 899 1439 945 oo·
1482 899 1549 946 vox
1571 877 1789 945 absolutionis
1811 879 2005 962 accipienda
2023 891 2084 943 ost.
2119 876 2196 943 Non
2218 876 2284 941 hic.
2300 875 2484 959 disputan

465 986 536 1032 ram
567 976 600 1028 te
631 961 795 1043 malefeci,
827 974 864 1028 ut
895 961 1082 1029 iustificeris
1114 974 1178 1028 etc.
1221 964 1312 1029 Vere
1339 961 1438 1030 doleo
1482 966 1558 1030 dum
1577 976 1640 1042 est,
1661 986 1705 1029 an
1719 963 1825 1030 forma
1835 965 1943 1029 iudicii
1956 965 2038 1028 satis
2050 974 2183 1056 servqta
2195 963 2252 1040 sit,
2264 979 2339 1025 neo
2351 962 2484 1032 nitatur

464 1051 573 1118 Deum
605 1069 627 1113 a
659 1070 713 1115 me
734 1048 894 1114 offensum
915 1067 1008 1126 esse,
1030 1058 1064 1114 ει
1084 1045 1171 1114 laedi
1192 1068 1234 1114 ac
1249 1045 1353 1133 pollui
1374 1048 1439 1114 Ec·
1481 1049 1565 1115 fides
1586 1048 1644 1114 illo
1663 1070 1764 1134 opere
1781 1050 1991 1127 Sacerdotis,
2013 1050 2073 1113 sed
2095 1051 2262 1113 intueatur
2298 1043 2481 1113 Christum

465 1134 600 1202 clesiam
621 1145 654 1198 et
676 1134 839 1220 reliquum
857 1152 964 1219 genus
975 1132 1166 1212 humanum,
1177 1142 1210 1198 et
1227 1131 1384 1220 coniugio
1395 1134 1438 1199 ad
1480 1136 1738 1220 propitiatorem,
1756 1144 1890 1217 propter
1912 1133 1999 1198 hunc
2022 1136 2107 1198 sciat
2127 1133 2212 1197 iram
2233 1131 2307 1195 Dei
2332 1152 2355 1195 a
2377 1134 2479 1197 nobis

464 1220 583 1289 Filium
604 1220 668 1284 Dei
689 1220 865 1285 Dominum
886 1227 1037 1283 nostrum
1058 1217 1166 1282 lesum
1176 1215 1342 1284 Christum
1362 1238 1438 1302 pro·
1481 1222 1596 1297 averti,
1631 1231 1663 1284 et
1684 1218 1771 1282 hanc
1788 1217 1990 1283 voluntatem
2012 1218 2076 1281 Dei
2093 1219 2178 1281 sciat
2200 1219 2234 1281 in
2257 1236 2355 1281 voce
2365 1217 2477 1282 Evan-

463 1308 659 1393 pitiatorem,
680 1317 817 1390 propter
836 1303 924 1369 hunc
948 1323 1020 1381 oro,
1040 1313 1078 1367 ut
1099 1301 1190 1368 Deus
1212 1314 1366 1368 aeternus
1376 1301 1438 1368 Pa·
1481 1304 1558 1391 gelii
1579 1307 1674 1369 nobis
1691 1304 1840 1388 patefieri
1862 1317 1895 1367 et
1916 1304 2112 1369 annuntiari.

465 1405 516 1458 ter
536 1391 669 1455 Domini
690 1391 796 1454 nostri
812 1389 889 1454 lesu
911 1386 1049 1471 Christi,
1082 1389 1201 1472 bonus,
1224 1390 1370 1473 sapiens,
1391 1390 1438 1454 iu·
1567 1389 1677 1454 David
1698 1408 1823 1473 pavore
1845 1400 1877 1453 et
1898 1408 2050 1453 moerore
2071 1389 2238 1452 extinctus
2262 1401 2369 1465 esset,
2392 1409 2470 1453 cum

466 1478 531 1543 dex
549 1486 583 1541 et
604 1471 711 1553 sortis,
732 1478 814 1538 iram
826 1493 1014 1538 snamame
1025 1484 1151 1538 avertat
1168 1473 1288 1538 etmihi
1299 1485 1438 1557 peccata
1483 1477 1715 1561 obiurgaretur
1736 1472 1909 1551 aNathan,
1932 1475 1995 1537 nisi
2016 1486 2135 1557 postea
2156 1474 2255 1537 etiam
2280 1470 2468 1538 absolutio·

466 1562 606 1628 remittat
633 1572 767 1644 propter
787 1557 905 1623 Filium
927 1570 960 1622 et
981 1577 1034 1621 me
1055 1576 1117 1622 sua
1138 1558 1298 1624 immensa
1313 1560 1438 1640 miseri·
1482 1580 1558 1624 uem
1580 1560 1765 1623 audivisset
1787 1560 1830 1636 [2.
1854 1559 1940 1623 Sam.
1957 1559 2007 1637 ln,
2032 1558 2113 1638 13.]:
2136 1556 2308 1622 Dominus
2330 1555 2468 1623 abstulit

467 1648 579 1713 cordia
600 1646 749 1729 recipiat,
782 1645 870 1710 sicut
886 1644 967 1708 dixit
986 1642 1121 1724 [Ezech.
1145 1642 1199 1722 33,
1225 1645 1308 1724 ll.]:
1354 1641 1438 1708 Vivo
1483 1656 1657 1729 peccatum
1681 1656 1781 1708 tuum.
1825 1643 1896 1707 Hac
1929 1664 2013 1708 voce
2046 1645 2157 1707 divina
2189 1644 2326 1722 audita,
2348 1661 2467 1707 rursus

466 1752 540 1818 ego,
572 1728 652 1795 nolo
685 1741 824 1794 mortem
856 1729 1055 1811 peccatoris,
1087 1729 1149 1793 sed
1168 1741 1206 1794 ut
1227 1738 1440 1816 convertatur
1483 1731 1707 1813 acquiescere,
1740 1730 1941 1794 reviviscere
1969 1741 2001 1793 et
2021 1728 2128 1793 Deum
2156 1728 2321 1792 invocare
2345 1730 2464 1813 coepit

466 1829 501 1883 ει
518 1817 621 1882 vivat.
665 1814 718 1879 Ac
738 1812 899 1899 polliceor
916 1833 968 1878 me
989 1825 1247 1899 repugnaturum
1269 1831 1347 1878 esse
1361 1833 1439 1896 pec·
1484 1812 1541 1878 Sic
1558 1826 1667 1879 autem
1689 1814 1744 1898 qui
1786 1832 1830 1878 ue
1852 1834 1939 1877 nunc
1961 1816 2102 1898 cogitat:
2141 1814 2171 1876 si
2193 1810 2363 1899 singulari
2381 1834 2465 1878 voce

467 1911 543 1969 cato
577 1911 609 1965 ct
641 1898 721 1965 nihil
742 1897 905 1964 iacturum
927 1910 1045 1965 contra
1065 1900 1303 1964 conscientiam
1325 1909 1359 1962 et
1380 1918 1440 1962 oro
1483 1897 1541 1963 tali
1563 1899 1656 1963 Dens
1684 1901 1771 1985 signi
1797 1909 1887 1962 caret
1908 1918 1946 1963 se
1975 1898 2052 1963 mihi
2074 1900 2261 1983 ignoscere,
2286 1900 2376 1963 bene
2399 1919 2464 1963 me

465 1986 587 2064 Deum,
606 1996 644 2050 ut
663 2004 717 2049 me
737 1995 833 2069 regat
854 1983 978 2068 Spiritu
999 1995 1117 2050 sancto
1140 2004 1214 2062 suo,
1247 1993 1281 2048 et
1301 2003 1322 2047 a
1342 1984 1439 2048 vobis
1485 2006 1559 2050 cum
1591 1995 1756 2068 ageretur.
1822 1984 1914 2047 Haec
1945 1985 2132 2068 hnagiuatio
2166 1984 2371 2068 corrigenda
2403 1999 2461 2058 est,

466 2083 621 2156 tanquam
642 2071 791 2134 ministro
809 2068 934 2134 Christi
955 2080 1048 2153 poto,
1074 2078 1110 2132 ut
1130 2089 1247 2134 vocem
1268 2065 1440 2154 Evangelii
1485 2070 1693 2134 considerata
1713 2089 1797 2134 voce
1818 2068 1990 2153 Evangelii
2019 2089 2079 2132 seu
2099 2067 2336 2133 absolutionis.
2392 2068 2460 2133 Hoc

465 2155 551 2228 mihi.
574 2157 794 2233 annuntietis,
828 2155 879 2220 cui
912 2154 1029 2232 credo,
1072 2164 1106 2218 et
1136 2151 1235 2219 simul
1266 2152 1440 2218 Ecclesiae
1484 2155 1493 2217 i
1536 2175 1590 2220 um
1623 2155 1679 2219 tibi
1714 2164 1748 2217 ει
1778 2152 1969 2218 unicuilibet
1999 2165 2151 2219 nostrum
2189 2155 2366 2217 annuntiat
2399 2175 2459 2217 von

465 2240 619 2327 promitto
640 2260 693 2304 me
720 2257 831 2303 mores
854 2240 1098 2304 muendaturum
1129 2258 1205 2304 esse
1227 2249 1260 2303 et
1281 2235 1441 2303 scandala
1513 2237 1657 2325 vangelii
1679 2258 1739 2304 seu
1760 2236 1997 2317 absolutionis,
2046 2240 2112 2303 uod
2135 2237 2258 2303 Davidi
2280 2240 2326 2301 de
2350 2240 2459 2303 remis

467 2327 652 2391 vitaturum.
1483 2327 1578 2389 sione
1599 2325 1718 2396 dictum
1740 2335 1812 2399 est3
1834 2324 1906 2388 Nec
1926 2325 2032 2388 minus
2072 2322 2228 2409 vangelio
2247 2326 2384 2387 sonanti
2404 2343 2458 2408 per

552 2409 605 2474 Ad
627 2408 726 2473 talem
753 2405 896 2492 aliquam
917 2406 1056 2472 formam
1077 2404 1266 2494 generalem
1287 2408 1438 2473 rudiores
1483 2411 1649 2474 ministros
1678 2409 1767 2474 credi
1796 2419 1937 2492 oportet,
1970 2430 2069 2493 quam
2101 2421 2179 2474 tunc
2201 2407 2373 2473 Davidem
2394 2428 2457 2472 cre

466 2492 709 2561 assuefaciendi
731 2505 819 2572 sunt,
840 2504 876 2557 ut
894 2496 1047 2578 cogitent,
1069 2494 1147 2577 quid
1164 2504 1275 2579 agant,
1298 2513 1439 2576 cumpe·
1484 2497 1564 2560 dere
1585 2496 1769 2578 oportebat.

466 2591 540 2647 tum
560 2576 812 2654 absolutionem,
836 2597 938 2663 seque
958 2579 1022 2661 ipsi
1034 2588 1231 2655 scrutentur,
1254 2589 1439 2663 agnoscant
1569 2579 1660 2643 Haec
1681 2591 1732 2643 est
1753 2580 1853 2664 igitur
1874 2599 1955 2644 vera
1976 2591 2008 2644 et
2029 2579 2122 2642 firma
2143 2580 2324 2662 responsio
2348 2580 2391 2642 ad
2411 2598 2458 2642 ar-

467 2684 506 2731 se
525 2683 667 2751 magnos
686 2676 718 2727 et
739 2660 935 2744 multiplices
956 2660 1073 2744 lapsus
1094 2660 1228 2741 habere,
1262 2675 1295 2727 ει
1316 2663 1439 2766 gradus
1484 2675 1691 2750 gumentum:
1714 2664 1891 2729 Absolutio
1913 2685 1978 2729 non
2001 2664 2037 2729 lit
2049 2666 2120 2727 sine
2131 2665 2337 2748 cognitione,
2349 2684 2457 2727 verum

469 2750 689 2827 considerent,
722 2749 851 2812 discant
872 2767 914 2812 ex
933 2749 1009 2831 ipsa
1030 2745 1193 2833 Decalogi
1215 2748 1300 2811 serie
1321 2745 1439 2811 intelli·
1484 2761 1536 2813 est
1565 2751 1600 2812 in
1620 2750 1753 2827 iudicio,
1786 2751 1934 2815 sednon
1958 2746 2268 2814 inhaci'unctione
2290 2749 2458 2812 ministerii

468 2855 547 2921 gere
564 2832 705 2899 latentes
727 2834 874 2911 morbos,
894 2845 932 2897 ιιι
952 2851 1137 2917 repugnare
1159 2834 1231 2897 suis
1253 2832 1339 2896 vitiis
1357 2843 1440 2896 etse
1483 2831 1686 2917 Evangelici,
1704 2854 1770 2917 quo
1791 2836 1944 2900 tribuitur
1964 2836 2061 2899 nobis
2083 2832 2290 2898 beneficium.
2326 2833 2370 2896 Et
2391 2832 2456 2897 illu·

467 2920 631 2985 moderari
650 2918 816 3003 incipiant.
1484 2927 1608 2982 stratur
1639 2919 1691 2981 vis
1713 2919 1892 2997 ministerii,
1912 2941 1986 2985 cum
2008 2918 2157 2983 homines
2179 2919 2401 2982 admonentur
2421 2920 2459 2981 de

553 3002 706 3087 Denique
738 3002 903 3087 quomodo
926 3004 1069 3067 existere
1089 2999 1186 3066 dolor
1206 3002 1239 3065 in
1257 3004 1365 3065 anhno
1382 3021 1440 3084 po-
1485 3002 1672 3068 discrimine
1704 3003 1813 3066 iudicii
1838 3015 1871 3068 ει
1900 3005 2081 3069 ministerii.
2129 3003 2213 3066 Nam
2247 3004 2458 3067 ministerium

468 3101 535 3154 test
555 3090 629 3154 sine
650 3085 761 3172 aliqua
783 3088 982 3172 cogitatione
1003 3098 1140 3151 nostrae
1160 3086 1332 3151 miseriaci
1364 3086 1439 3151 Non
1485 3091 1528 3154 ad
1561 3089 1797 3152 conscientiam
1828 3090 1967 3172 pertinet
1999 3101 2032 3154 ει
2065 3100 2117 3152 est
2136 3089 2359 3153 testimonium
2382 3088 2459 3153 divi·

467 3172 593 3239 frustra
613 3175 692 3240 dixit
709 3169 862 3237 Christus
886 3171 969 3252 [loh.
990 3171 1042 3249 16,
1051 3170 1116 3251 8.]ι
1139 3170 1281 3256 Spiritus
1303 3182 1439 3237 sanctus
1484 3192 1547 3239 nae
1575 3170 1803 3238 absolutionis.
1848 3172 1915 3238 Sed
1943 3175 2095 3241 iudicium
2122 3170 2188 3238 alia
2209 3191 2266 3238 res
2287 3185 2337 3235 est
2360 3174 2458 3235 etad

468 3262 639 3344 arguetfli)
661 3267 844 3342 peccatum.
889 3255 925 3321 ld
943 3268 1053 3322 autem
1069 3255 1108 3320 lit
1129 3276 1169 3321 co
1193 3258 1326 3321 ‘tatione
1346 3258 1440 3324 verbi
1484 3255 1658 3323 manifesta
1692 3258 1826 3322 crimina
1847 3260 1997 3342 pertinet
2051 3259 2155 3323 Nemo
2178 3260 2250 3321 sine
2269 3258 2457 3340 cognitione

470 3354 503 3408 et
522 3345 592 3408 irae
613 3343 676 3407 Dei
698 3354 732 3407 et
752 3353 889 3406 nostrae
908 3341 1139 3406 immunditiae.
1169 3278 1227 3406 qli
1248 3343 1346 3427 igitur
1367 3343 1440 3427 Spi·
1485 3342 1816 3409 excommunicandus
1849 3354 1905 3408 aut
1936 3344 2144 3428 recipiendus
2178 3354 2241 3419 est,
2273 3342 2330 3405 sed
2350 3342 2397 3404 ibi
2418 3340 2457 3405 fit

468 3430 551 3492 ritus
574 3440 710 3492 sanctus
732 3438 851 3511 arguat
873 3437 906 3490 ιε
928 3436 962 3490 ει
982 3428 1041 3491 tibi
1062 3445 1162 3491 veros
1183 3437 1329 3493 terrores
1350 3429 1440 3491 incu·
1486 3429 1632 3515 cognitio
1653 3447 1720 3492 non
1742 3430 1784 3493 de
1806 3429 2020 3507 conscientia,
2049 3428 2110 3492 sed
2132 3429 2173 3493 de
2195 3427 2340 3491 externis
2363 3428 2460 3489 mori·

469 3514 528 3577 tiat
550 3533 589 3576 ac
613 3513 760 3598 corrigat
781 3511 992 3575 securitatem
1014 3522 1047 3576 ει
1069 3512 1268 3595 superbiam,
1288 3524 1325 3577 ut
1343 3532 1440 3597 expa-
1485 3516 1549 3579 bus
1582 3525 1614 3576 et
1637 3533 1678 3578 ea
1699 3510 1864 3578 absolutio
1887 3533 1999 3578 coram
2020 3511 2173 3577 Ecclesia
2194 3510 2304 3587 valet,
2332 3512 2460 3576 etiantsi

469 3618 590 3663 vescas
620 3610 652 3662 ει
683 3608 716 3660 ιε
738 3595 812 3660 1)εο
834 3597 991 3660 subiicias
1014 3607 1047 3661 et
1068 3597 1203 3661 abiicias
1225 3609 1259 3661 te
1280 3594 1366 3661 infra
1388 3617 1441 3661 ce·
1484 3601 1525 3677 is,
1548 3599 1603 3682 qui
1623 3596 1818 3674 absolvitur,
1840 3596 1972 3663 simulat
1992 3610 2120 3663 tautum
2140 3596 2388 3681 poenitentiam.

469 3695 560 3749 teros
582 3681 742 3760 homines,
763 3681 879 3765 aspice
888 3692 1073 3766 utrumque,
1085 3679 1212 3748 scilicet
1229 3684 1366 3747 verbum
1376 3681 1441 3746 Dei
1572 3682 1670 3755 Quod
1690 3693 1797 3748 autem
1814 3681 2032 3767 Evangelium
2053 3681 2185 3766 publice
2206 3678 2319 3746 multis
2344 3693 2380 3746 et
2401 3683 2462 3766 pri

471 3781 503 3834 ει
525 3780 601 3834 tuos
623 3766 772 3846 furores,
806 3787 850 3832 ne
882 3767 1025 3833 accedas
1047 3768 1285 3851 adpetendam
1306 3764 1441 3831 absolu·
1486 3769 1587 3833 vatim
1608 3769 1658 3831 sin
1718 3770 1747 3830 is
1769 3766 1931 3850 applicari
1952 3770 2077 3851 possit,
2110 3780 2251 3833 testatur
2280 3765 2369 3831 haec
2391 3786 2461 3830 sen·

469 3857 591 3920 tionem
618 3873 757 3918 securus
791 3863 824 3916 ει
855 3854 928 3916 sine
958 3853 1091 3937 genitu,
1125 3852 1211 3916 sicut
1242 3850 1440 3916 Pharisaeus
1486 3856 1589 3919 tentia
1617 3852 1664 3930 [lo
1689 3897 1698 3914 .
1720 3851 1781 3930 ab,
1810 3852 1895 3932 234:
1928 3852 2076 3924 Quorum
2097 3852 2291 3917 remiseritis
2312 3864 2462 3936 peccata,

469 3939 550 4003 Luc.
575 3937 625 4001 18.
648 3945 713 4017 [vs.
735 3937 798 4014 ll.]
821 3939 877 4020 qui
899 3938 1017 4020 inquit:
1040 3936 1114 3999 Non
1138 3956 1212 4001 sum
1233 3938 1318 4000 sicut
1341 3938 1442 4000 ceteri
1486 3940 1691 4003 remittentur
1712 3939 1771 4002 eis.
1815 3936 1894 4002 ltem
1917 3938 2045 4015 [hlatth.
2070 3938 2121 4016 18,
2141 3939 2229 4018 21.]:
2265 3937 2413 4010 Quoties
2433 3941 2463 4002 in

469 4023 631 4087 homines.
675 4021 718 4086 Et
747 4017 829 4086 utile
860 4032 951 4084 esset
969 4017 1071 4084 talem
1091 4016 1235 4104 aliquam
1256 4018 1443 4107 gmcralem
1487 4044 1539 4087 me
1570 4022 1776 4108 peccabit⁸⁴)
1809 4022 1924 4101 frater,
1957 4034 1991 4087 et
2021 4026 2182 4088 remittam
2216 4022 2268 4087 ei?
2303 4022 2464 4109 Loquitur

472 4104 715 4172 confessionem
747 4123 850 4186 saepe
879 4106 913 4168 in
946 4105 1159 4170 concionibus
1192 4115 1249 4169 aut
1277 4104 1444 4170 catechesi
1488 4109 1574 4173 enim
1595 4109 1637 4172 de
1658 4106 1876 4185 Remissione,
1897 4128 1996 4193 quam
2017 4108 2111 4173 Deus
2132 4109 2307 4194 approbat.

470 4210 667 4277 proponere.
887 4237 890 4242 -
1520 4245 1525 4256 .
1574 4192 1670 4264 Quod
1691 4212 1772 4258 vero
1791 4193 1891 4277 aliqui
1912 4195 2079 4270 obiiciunt,
2091 4193 2247 4256 Homines
2270 4213 2341 4256 non
2364 4214 2466 4277 posse

556 4277 652 4341 Nunc
674 4277 774 4341 redeo
796 4276 839 4340 ad
861 4276 1113 4359 disputationem
1135 4277 1177 4340 de
1200 4276 1443 4358 enumeratione
1484 4279 1649 4342 remittere
1665 4291 1814 4361 peccata,
1832 4279 1866 4341 id
1883 4298 1998 4342 verum
2020 4289 2082 4356 est,
2105 4279 2165 4343 sed
2186 4281 2465 4343 annuntiarever

472 4361 690 4449 singulorum,
723 4383 821 4446 quam
843 4360 895 4425 his
913 4362 1042 4425 duobus
1064 4362 1289 4445 praetextibus
1311 4359 1443 4447 quidam
1485 4365 1561 4427 bum
1582 4361 1647 4427 Dei
1664 4377 1697 4428 et
1714 4374 1857 4446 possunt
1878 4373 1910 4426 ει
1931 4363 2068 4439 debent,
2101 4384 2167 4447 quo
2189 4362 2283 4426 Deus
2321 4376 2464 4428 testatus

473 4450 697 4515 necessariam
719 4467 797 4512 esse
819 4447 1030 4511 contendunt.
1485 4457 1538 4511 est
1570 4468 1646 4512 sese
1678 4450 1855 4512 remittere.
1900 4446 2046 4513 Remittit
2069 4450 2154 4512 enim
2175 4446 2269 4511 Deus
2289 4469 2352 4531 per
2375 4451 2464 4512 mini·

625 4535 702 4598 Nou
721 4542 833 4618 potest
854 4530 926 4596 fieri
947 4529 1111 4597 absolutio
1133 4531 1205 4596 sinc
1226 4530 1426 4618 cognitione,
1485 4534 1619 4598 sterium
1640 4531 1813 4619 Evangelii
1829 4542 1862 4596 et
1884 4530 2181 4598 sacramentorum.
2225 4531 2277 4595 Ac
2300 4533 2390 4597 satis
2411 4554 2465 4616 ap-

624 4619 686 4683 llic
706 4618 848 4702 petenda
870 4629 923 4682 est
943 4614 1121 4694 absolutio,
1489 4630 1584 4703 paret
1600 4638 1659 4684 eos
1681 4639 1748 4682 non
1765 4616 1951 4695 attendere,
1974 4619 2052 4702 quid
2070 4619 2113 4682 sit
2133 4636 2200 4682 vox
2209 4615 2391 4702 Evangelii
2412 4635 2465 4683 ant

624 4702 715 4789 Ergo
738 4702 882 4789 cognitio
905 4713 956 4767 est
977 4703 1178 4766 necessaria.
1358 4737 1361 4742 ·
1489 4704 1714 4780 ministerium,
1732 4704 1787 4787 qui
1803 4704 1927 4787 non³⁵)
1961 4701 2076 4768 volunt
2097 4721 2256 4787 expresse
2276 4706 2467 4768 minantiari

556 4787 756 4872 Respondeo
778 4789 822 4852 ad
843 4790 1008 4852 maiorem.
1052 4785 1216 4851 Diilerunt
1237 4785 1391 4851 iudicium
1412 4796 1445 4850 ει
1490 4790 1727 4853 remissionem.
1771 4788 1849 4851 ldco
1881 4799 1992 4853 autem
2022 4789 2109 4852 misit
2141 4788 2233 4852 Deus
2265 4784 2408 4866 Filium,
2434 4803 2466 4853 nt

472 4874 685 4937 ministerium
701 4871 886 4959 Evangelii.
936 4873 973 4935 ln
1000 4872 1119 4935 iudicio
1135 4890 1279 4960 necesse
1300 4883 1354 4936 est
1374 4869 1445 4934 fieri
1489 4874 1576 4938 hanc
1609 4887 1763 4938 arcanam
1796 4869 1996 4937 voluntatem
2028 4874 2070 4938 de
2090 4874 2285 4937 remissione
2306 4887 2469 4956 peccato·

475 4959 713 5045 cognitionem
745 4957 790 5022 At
817 4958 1030 5022 ministerium
1051 4954 1223 5042 Evangelii
1243 4967 1296 5020 est
1312 4956 1458 5020 manda·
1489 4981 1561 5023 rum
1588 4980 1630 5023 ex
1657 4959 1731 5021 sinu
1752 4955 1859 5021 Patris
1881 4955 2043 5041 prolatam
2063 4955 2265 5042 patefaceret
2282 4968 2318 5020 et
2339 4978 2469 5025 annun·

474 5055 541 5109 tum
573 5054 699 5108 certum
726 5043 929 5126 impertiendi
962 5040 1128 5120 beneficii,
1160 5038 1287 5106 scilicet
1320 5060 1445 5105 annum
1490 5045 1563 5108 tiari
1592 5064 1664 5107 eam
1683 5045 1717 5105 in
1734 5040 1887 5107 Ecclesia
1908 5045 2044 5108 iuberet.
2086 5042 2128 5106 Et
2151 5042 2371 5108 Sacramenta
2390 5059 2470 5111 sunt

473 5129 603 5194 tiandae
624 5127 826 5191 remissionis
841 5139 1064 5210 peccatorum,
1086 5129 1157 5193 sive
1179 5138 1259 5191 nota
1286 5127 1352 5189 sint
1373 5126 1445 5191 sive
1489 5127 1727 5212 applicationes
1759 5129 1975 5205 remissionis,
2007 5128 2040 5192 id
2068 5140 2131 5206 est,
2155 5138 2318 5191 testantur
2340 5130 2472 5197 henefi-

474 5216 598 5300 ignota.
642 5210 788 5275 Plurima
820 5213 904 5276 enim
932 5214 1153 5289 remittuntur,
1188 5231 1273 5361 quac
1295 5230 1358 5275 nec
1378 5229 1445 5275 me·
1488 5214 1576 5278 cium
1595 5210 1767 5299 Evangelii
1787 5213 1830 5278 ad
1851 5211 2001 5299 singulos
2022 5214 2194 5297 pertinere
2232 5210 2306 5298 Ego
2330 5216 2473 5300 baptizo

474 5300 565 5364 minit
586 5318 649 5363 uec
670 5293 821 5383 intelligit
848 5293 904 5361 ille
924 5298 1008 5381 ipse,
1030 5299 1086 5383 qui
1106 5299 1189 5363 abso
1203 5299 1301 5387 vitur,
1323 5307 1358 5362 ει
1378 5294 1444 5362 fide

478 5488 678 5500 -—-
1491 5468 1537 5533 84)
1554 5468 1580 5521 lu
1597 5480 1639 5521 me
1656 5470 1782 5535 peccabit]
1798 5470 1871 5523 aditi.
1893 5472 1915 5518 1.
1932 5469 1956 5518 3.
1975 5471 2089 5532 manabit
2106 5472 2131 5522 tu
2149 5482 2191 5523 nc

302 5568 522 5688 πψκχιδ)
540 5570 640 5637 arguet]
661 5572 736 5625 ndtt.
756 5573 780 5620 l.
799 5570 823 5623 3.
839 5571 924 5634 arguit
1491 5569 1537 5634 85)
1555 5570 1598 5635 qni
1613 5571 1677 5636 non]
1693 5572 1767 5625 Editt.
1787 5573 1827 5620 tt.
1847 5572 1888 5625 24.
1905 5582 1958 5623 uon
1975 5571 2017 5635 qui
