5859 6734
458 667 523 736 aaa
1083 668 1196 734 rma.
1217 668 1320 733 rna.
1351 667 1537 734 scurra
1553 641 1832 737 ‘mannaan
2425 670 2488 740 art

464 875 504 922 ac
527 856 675 920 uiescere
703 855 736 918 in
757 852 844 918 Deo.
889 853 963 926 Quo
989 852 1066 936 plus
1089 865 1142 916 est
1162 854 1374 918 dubitationis
1396 874 1437 916 ac
1483 857 1548 918 hus
1576 858 1787 938 temporibus.
1832 857 1972 930 Quoties
1994 861 2067 937 tibi,
2100 861 2235 943 quoties
2258 856 2370 936 milri,
2406 879 2483 943 qno·

463 876 682 1016 affluentiae,
704 959 744 1002 eu
788 936 841 1002 lus
865 940 1024 1003 sentimus
1047 939 1251 1002 cruciatuum
1271 940 1305 1002 in
1326 938 1439 1002 corde·
1483 941 1546 1002 ties
1569 939 1702 1003 cuilibet
1724 953 1873 1005 nostrum
1895 942 1990 1006 Deus
2012 946 2161 1027 quamvis
2183 943 2413 1027 trepidanter
2434 966 2483 1008 ro·

462 1025 525 1090 Est
560 1035 667 1089 autem
700 1024 734 1086 in
765 1022 841 1086 aliis
869 1025 1048 1101 ardentior,
1080 1024 1114 1085 in
1146 1021 1220 1086 aliis
1253 1021 1440 1109 languidior
1483 1034 1593 1108 gatus,
1625 1026 1685 1087 sed
1717 1037 1853 1109 rogatus
1877 1039 1984 1090 tamen
2008 1027 2133 1111 depulit
2155 1040 2213 1091 aut
2232 1027 2415 1111 mitigavit
2436 1031 2480 1094 in·

463 1109 559 1174 fides.
604 1109 685 1171 Erat
716 1109 837 1172 ardens
861 1121 892 1171 et
910 1111 1004 1172 firma
1025 1108 1109 1170 fides
1131 1109 1164 1169 in
1188 1107 1364 1172 Cananaea
1384 1127 1440 1190 pe·
1481 1110 1593 1253 pontia
1614 1107 1714 1172 mala!
1745 1111 1821 1173 Non
1843 1113 1929 1174 enim
1953 1113 2173 1175 existimemus
2192 1132 2284 1175 casu
2308 1114 2479 1179 accidisse

465 1205 554 1260 tante
575 1215 637 1276 pro
661 1191 745 1266 filia3
768 1193 847 1256 ltem
871 1196 902 1256 in
920 1192 1130 1257 centurione.
1159 1191 1242 1256 Erat
1252 1190 1439 1278 languidior
1495 1195 1719 1270 uberationem,
1742 1207 1778 1258 ut
1800 1192 1920 1278 alioqui
1943 1199 2028 1259 inter
2049 1197 2200 1260 homines
2222 1198 2396 1262 usitatum
2416 1211 2475 1276 est,

464 1283 498 1344 in
530 1290 624 1361 patre
657 1277 813 1341 afferente
846 1276 963 1356 filium,
1019 1278 1135 1340 rimam
1166 1278 1211 1342 ad
1242 1275 1439 1360 Apostolos
1457 1295 1461 1328 ι
1482 1279 1631 1361 ingratos
1653 1291 1730 1360 post
1752 1291 1922 1361 acceptum
1946 1280 2152 1358 beneficium,
2170 1279 2358 1366 negligere
2369 1286 2472 1368 opitu-

463 1375 582 1449 postea
604 1363 647 1426 ad
669 1360 846 1441 Christum,
858 1363 964 1426 Marc.
987 1299 1019 1426 d
1041 1363 1147 1446 inquit
1168 1363 1253 1425 enirn
1277 1361 1438 1440 [vs.21.]:
1481 1361 1619 1439 latores,
1652 1383 1671 1423 a
1704 1367 1824 1445 quibus
1857 1366 1957 1427 adiuti
1979 1378 2066 1427 sunt.
2110 1363 2192 1429 Mihi
2215 1365 2297 1429 scio
2321 1365 2386 1432 Dei
2408 1389 2470 1453 ope

462 1450 499 1515 Si
521 1447 598 1532 quid
619 1458 727 1530 poteS,
750 1446 928 1530 opitulare3
945 1446 988 1510 Et
1009 1457 1127 1531 postca
1148 1444 1327 1511 lacrimans
1338 1465 1441 1530 agno·
1482 1444 1656 1530 aliquoties
1679 1468 1818 1531 magnas
1841 1446 2045 1512 calamitates
2067 1453 2234 1535 mitigatas
2260 1470 2357 1515 esse.

462 1536 528 1598 scit
555 1529 810 1596 imbecillitatem
844 1531 920 1596 fidei
948 1544 980 1596 et
1000 1533 1082 1616 petit
1104 1551 1142 1594 se
1164 1529 1350 1595 confirmari
1373 1535 1439 1610 [vs.
1568 1531 1692 1595 Omnes
1714 1534 1812 1615 igitur
1829 1530 2042 1596 liberationes
2065 1556 2126 1597 seu
2147 1533 2295 1610 alienas,
2321 1555 2401 1620 quas
2417 1535 2463 1602 le·

460 1615 673 1697 asper-edo,
685 1617 838 1694 Domine,
854 1619 913 1680 sed
926 1636 1020 1700 opem
1030 1615 1116 1680 ferto
1128 1612 1439 1680 meaediliidentiae.
1482 1617 1601 1700 gimus,
1634 1635 1695 1679 seu
1716 1629 1867 1695 nostras,
1902 1639 1985 1701 quas
2007 1621 2192 1700 experimur
2212 1620 2297 1702 ipsi,
2322 1623 2463 1687 sciamus

546 1700 726 1766 Discanrus
762 1713 793 1765 et
820 1722 882 1765 nos
905 1720 1089 1785 agnoscere
1110 1701 1344 1786 trepidationes
1367 1719 1439 1763 cor·
1482 1699 1633 1783 exempla
1653 1703 1908 1785 promissionum
1931 1704 2111 1766 diuinarum
2134 1724 2225 1778 esse,
2260 1715 2298 1767 et
2322 1726 2462 1772 commo·

463 1788 514 1851 dis
535 1783 692 1872 fugientis
714 1786 842 1864 Deum,
870 1787 996 1849 etiarnsi
1018 1796 1070 1850 est
1091 1784 1250 1872 languida
1271 1783 1368 1863 lides,
1390 1795 1439 1848 ta·
1482 1781 1602 1848 nesacti
1626 1799 1693 1849 tum
1716 1789 1990 1868 promissionibus
2014 1801 2080 1850 tum
2105 1785 2269 1872 exemplis
2295 1790 2459 1856 discamus

449 1892 536 1936 ‘men
565 1889 697 1953 semper
719 1883 818 1952 caput
840 1884 1027 1948 teneamuS,
1049 1891 1117 1936 non
1134 1889 1213 1934 esse
1233 1871 1342 1934 initas
1365 1889 1439 1952 pre·
1481 1871 1638 1934 invocare
1661 1870 1786 1946 Deum,
1819 1886 1933 1955 petere
1962 1885 1994 1936 et
2016 1886 2190 1956 expectare
2213 1872 2399 1953 auxilium,
2430 1889 2457 1940 et

459 1976 539 2033 ees,
572 1976 639 2020 non
672 1974 751 2019 esse
784 1954 897 2020 inutile
918 1976 1081 2032 murmur,
1114 1955 1202 2020 sicut
1222 1953 1375 2038 Epicurei
1407 1965 1439 2017 et
1481 1954 1566 2018 fides
1588 1973 1649 2019 seu
1670 1954 1789 2019 fiducia
1811 1956 1967 2039 paulatim
1989 1957 2045 2020 liat
2063 1959 2456 2041 lirnrior,acquiescat⁹⁸t

458 2040 651 2105 Academici
677 2041 871 2105 existimant.
914 2038 1090 2124 Erigamus
1116 2041 1243 2104 animos
1266 2039 1437 2124 cogitatio·
1481 2059 1540 2102 cor
1561 2058 1621 2121 spe
1643 2052 1675 2103 et
1697 2044 1926 2123 expectatione
1948 2040 2059 2107 auxilii
2078 2043 2186 2105 divini.
2217 2043 2277 2105 Sic
2292 2045 2455 2109 discamus

459 2145 501 2188 ne
523 2137 573 2189 tot
594 2126 861 2206 promissionum,
885 2138 917 2188 et
939 2145 1048 2188 rerum
1070 2126 1258 2188 discrimina
1286 2125 1437 2189 conside·
1479 2144 1543 2187 usu
1575 2121 1663 2188 hunc
1691 2144 1839 2190 versum:
1884 2126 1973 2190 lacta
1996 2129 2028 2189 in
2051 2126 2159 2190 Deum
2176 2147 2280 2192 curas
2305 2138 2401 2205 tues,
2429 2141 2455 2192 et

459 2229 582 2274 remus.
627 2209 778 2272 Sciamus
811 2211 999 2273 nominatim
1027 2212 1201 2293 petendam
1223 2229 1298 2273 esse
1319 2229 1436 2274 recon·
1479 2211 1551 2291 ipse
1574 2220 1606 2272 te
1627 2212 1826 2273 sustentabit
1848 2222 1879 2274 et
1901 2230 1967 2273 non
1990 2213 2080 2274 dabit.
2101 2224 2301 2294 perpetuam
2326 2212 2455 2278 fluctus·

459 2293 656 2358 ciliatinnem
690 2303 723 2356 et
755 2295 955 2358 credendrun
983 2315 1055 2358 eam
1077 2295 1199 2376 accipi,
1231 2314 1293 2357 nec
1314 2294 1436 2359 adden·
1479 2293 1599 2357 tionem
1632 2296 1729 2357 iusto.
1783 2293 1850 2357 Dat
1881 2294 1974 2359 Deus
2008 2293 2194 2377 corporalia
2229 2298 2343 2373 bona,
2379 2300 2454 2362 sicat

458 2380 536 2442 dam
570 2397 648 2442 esse
671 2379 909 2456 conditionem,
939 2380 968 2441 si
989 2377 1110 2460 placet.
1154 2379 1328 2462 Expressit
1351 2380 1436 2442 enim
1477 2377 1565 2441 hanc
1586 2378 1698 2451 vitam,
1732 2389 1769 2442 ut
1789 2397 1921 2462 semper
1942 2382 1974 2442 in
1998 2381 2094 2442 terris
2116 2380 2229 2464 aliqua
2251 2380 2322 2445 Dei
2346 2381 2453 2447 Ecclc·

457 2464 554 2527 Deus
577 2460 781 2527 voluntatem
802 2483 908 2540 suam,
932 2483 972 2526 ac
995 2465 1155 2547 praecipit
1166 2465 1358 2527 nominatim
1367 2464 1435 2546 peti
1479 2464 1528 2525 sia
1549 2472 1691 2538 maneat,
1714 2475 1749 2524 ut
1771 2464 1837 2525 sint
1860 2466 2014 2528 doctores
2036 2476 2068 2528 et
2089 2463 2261 2548 discipuli,
2284 2486 2333 2529 ne
2357 2460 2454 2532 delea-

457 2546 771 2614 reconciliationem.
814 2549 887 2612 Nec
909 2550 1143 2612 contrahemus
1166 2550 1229 2631 ipsi
1252 2567 1314 2612 nos
1359 2567 1436 2611 uae·
1479 2558 1532 2610 tur
1560 2546 1726 2624 doctrina,
1756 2568 1797 2610 ne
1823 2546 1939 2612 literae
1962 2551 2134 2613 intereant.
2178 2549 2215 2612 Si
2238 2571 2322 2614 mox
2347 2570 2453 2616 omnes

457 2634 621 2698 stionibus
652 2635 694 2695 de
719 2634 1036 2716 praedestinatione,
1065 2653 1149 2716 quas
1172 2653 1273 2716 supra
1296 2633 1328 2696 d'
1384 2651 1436 2695 se·
1478 2630 1632 2714 Apostoli
1665 2630 1829 2696 interfecti
1862 2647 1993 2710 essent,
2027 2635 2100 2716 quis
2129 2634 2395 2700 circumtulisset
2419 2656 2454 2700 ae

456 2718 630 2801 ponendas
663 2720 819 2791 esse;⁹⁶)
857 2718 928 2780 Nos
951 2720 1037 2781 enim
1059 2720 1101 2781 de
1123 2716 1293 2781 voluntate
1310 2717 1374 2780 Dei
1395 2735 1436 2779 ex
1479 2717 1658 2799 sparsisset
1680 2718 1712 2779 in
1734 2719 1855 2780 mundo
1878 2716 2116 2803 Evangelium‘l
2149 2717 2216 2782 Dat
2241 2720 2349 2803 igitur
2372 2721 2455 2787 Deus

456 2805 563 2868 verbo
586 2819 747 2884 expresso
771 2802 918 2864 iudicare
940 2802 1110 2866 debemus.
1478 2820 1574 2864 suum
1596 2801 1714 2883 cuique
1736 2803 1864 2865 doctori
1887 2801 2097 2879 curriculum,
2120 2814 2152 2865 et
2164 2804 2295 2867 interim
2316 2801 2455 2870 defendit

542 2886 673 2951 Deinde
695 2897 728 2948 et
749 2887 791 2949 de
810 2884 1041 2969 corporalibus
1064 2886 1229 2950 aerumnis
1247 2885 1435 2949 nominatim
1479 2885 1550 2948 eius
1574 2905 1707 2968 eorpus,
1728 2889 1865 2967 praebet.
1887 2885 2096 2963 domicilium,
2114 2885 2275 2969 politiam,
2293 2889 2453 2967 scholam,

362 2997 365 3006 ·
454 2983 608 3058 petamus
640 2981 697 3034 aut
728 2968 957 3034 liberationem
994 2981 1051 3035 aut
1082 2972 1328 3055 mitigationem.
1372 2969 1452 3033 llic-
1478 2971 1618 3046 victum,
1640 2981 1676 3032 ut
1698 2983 1811 3033 servat
1832 2973 1940 3035 navim
1963 2969 2056 3035 Pauli
2080 2973 2261 3053 tantisper,
2295 2975 2455 3040 doneein

456 3057 545 3124 euim
567 3056 755 3120 obedientia
777 3067 895 3118 nostra
916 3057 1109 3120 necessaria
1131 3067 1203 3132 est,
1236 3057 1355 3120 sicam
1378 3053 1436 3117 ssa-
1479 3074 1519 3117 ea
1541 3051 1665 3117 Paulus
1687 3055 1729 3116 ad
1752 3066 1880 3137 portum
1902 3058 2002 3121 venit.
2037 3054 2185 3119 Caussas
2207 3057 2310 3142 igitur
2335 3063 2455 3145 cogite·

456 3143 538 3229 gitet
560 3140 668 3205 Deus.
711 3139 783 3204 Nec
814 3151 925 3204 tamen
956 3141 1049 3204 irrita
1069 3152 1122 3204 est
1149 3139 1315 3223 precatio,
1337 3141 1436 3221 impe-
1477 3158 1550 3202 mus
1581 3157 1697 3215 veras,
1731 3152 1865 3222 propter
1894 3161 1977 3224 quas
2000 3141 2119 3204 dantur
2141 3143 2231 3205 bona
2260 3142 2454 3226 corporalia,

457 3241 522 3294 trat
544 3229 630 3291 enim
659 3225 712 3292 vel
735 3224 808 3288 aliis
830 3221 884 3288 vel
904 3226 961 3290 tibi
982 3224 1210 3290 liberationem
1232 3235 1288 3289 aut
1309 3225 1436 3308 mitiga·
1477 3235 1515 3288 ut
1537 3224 1651 3286 ordine
1674 3234 1707 3286 et
1729 3226 1816 3287 sen‘o
1839 3246 1880 3288 ea
1900 3237 2050 3308 petamus
2070 3238 2223 3309 tanquam
2248 3226 2311 3290 Dei
2333 3226 2453 3291 heneti

457 3317 590 3380 tionem.
635 3311 802 3376 Lamentii
824 3310 971 3393 precatio
994 3312 1026 3374 in
1048 3307 1208 3374 craticula
1228 3321 1369 3373 nonest
1394 3310 1436 3370 ir·
1479 3309 1530 3371 cia
1551 3307 1726 3371 Ecclesiae
1749 3312 1951 3372 necessaria.

456 3400 537 3481 rita,
567 3397 696 3460 etiamsi
723 3406 870 3478 praestat
896 3396 1134 3470 obedientiam
1176 3394 1262 3458 Nam
1285 3396 1347 3457 etsi
1368 3412 1437 3456 non
1563 3391 1728 3456 Exercent
1760 3395 1854 3457 etiarn
1888 3393 1985 3457 fidem
2013 3396 2098 3457 duae
2125 3395 2398 3459 circumstantiae
2423 3396 2453 3458 in

456 3481 628 3560 liberatur,
650 3489 760 3546 tanten
799 3480 924 3543 recatio
946 3481 1098 3562 impetrat
1117 3480 1222 3542 maius
1245 3481 1354 3543 robur.
1385 3477 1436 3540 lo·
1477 3479 1638 3558 petendo:
1675 3477 1797 3541 Modus
1830 3489 1864 3540 et
1884 3477 2037 3560 Tempus.
2082 3478 2220 3563 Moyses
2244 3478 2329 3544 nihil
2353 3481 2453 3544 minus

455 3565 598 3644 natlras,
626 3566 691 3632 etsl
717 3563 760 3628 ab
811 3564 940 3627 ostibus
968 3563 1180 3640 interficitur,
1212 3583 1288 3627 cum
1308 3574 1435 3709 patrem
1479 3563 1614 3645 cogitat,
1636 3582 1734 3645 quam
1756 3581 1794 3624 se
1817 3563 2035 3645 quadraginta
2056 3566 2151 3627 annis
2173 3584 2250 3627 curn
2274 3575 2371 3628 tanta
2380 3562 2453 3629 mul

457 3653 624 3719 oblectem
656 3659 689 3715 et
716 3643 880 3714 infelicem
901 3650 1064 3732 sequitur,
1092 3661 1201 3713 tamen
1222 3668 1290 3711 non
1325 3657 1436 3710 rustra
1478 3646 1615 3711 titudine
1647 3649 1680 3709 in
1713 3648 1812 3708 tantis
1845 3648 2009 3711 aerumnis
2038 3649 2070 3711 in
2101 3651 2233 3712 deserto
2260 3661 2453 3734 vagaturun

454 3757 520 3824 pro
548 3735 697 3802 exercitu
725 3743 759 3798 et
787 3751 866 3798 sese
893 3744 1058 3818 precatur.
1102 3732 1216 3796 Vincit
1242 3734 1374 3795 tandem
1395 3750 1436 3794 ea
1478 3750 1571 3808 esse,
1599 3731 1660 3796 sed
1692 3743 1803 3812 sperat
1836 3728 1993 3796 fortassis
2022 3735 2117 3797 unius
2139 3735 2267 3797 mensis
2290 3736 2354 3798 iter
2376 3733 2452 3798 lore.

454 3843 550 3908 pars,
573 3841 672 3907 quarn
693 3819 766 3904 ipse
788 3818 993 3901 superiorem
1014 3837 1090 3880 esse
1111 3818 1217 3901 magis
1236 3817 1381 3898 optabat,
1402 3827 1436 3879 et
1478 3815 1536 3880 Sic
1567 3813 1707 3897 plurima
1740 3813 1891 3898 exempla
1925 3818 2043 3883 docent
2068 3817 2175 3882 Deum
2208 3816 2278 3882 alio
2303 3821 2451 3884 modoet

459 3915 667 3974 sustentatur
686 3905 758 3988 ipse
780 3921 904 3966 arcana
924 3900 1166 3966 consolatione.
1478 3898 1544 3964 alio
1566 3910 1713 3982 tempore
1734 3897 1887 3979 liberare,
1910 3922 2007 3985 quam
2025 3914 2060 3966 ut
2081 3924 2145 3966 nos
2167 3904 2200 3965 in
2223 3899 2292 3967 hac
2312 3902 2452 3971 imbecil-

544 3989 622 4055 Non
642 3989 744 4092 lqltur
755 3988 978 4051 existimemus
994 3984 1057 4050 has
1068 3986 1243 4069 petitiones
1256 3981 1435 4068 corporali·
1477 3983 1567 4047 litate
1598 3995 1713 4047 nostra
1745 3983 1800 4048 vel
1823 3989 2005 4072 cogitamus
2027 3985 2080 4049 vel
2103 3998 2267 4070 optamus.
2315 3987 2452 4054 Exercet

459 4097 516 4144 nnr
536 4071 773 4140 beneficromm
794 4070 902 4134 initas
923 4089 1015 4148 esse,
1045 4072 1122 4154 quia
1142 4089 1209 4133 non
1232 4087 1362 4151 semper
1383 4087 1435 4131 re·
1478 4070 1561 4132 enirn
1585 4088 1659 4145 nos,
1681 4081 1717 4132 ut
1739 4068 1805 4134 lide
1825 4074 1867 4134 ab
1891 4073 1965 4155 ipso
1987 4074 2200 4153 pendeamus,
2217 4090 2288 4135 non
2303 4094 2453 4158 regamur

380 4157 403 4176 ''
459 4159 799 4246 spondentaeventus,
816 4167 853 4220 ut
872 4173 937 4220 nos
959 4165 1120 4240 optamus.
1146 4153 1210 4225 Qui
1233 4165 1340 4217 tamen
1362 4172 1436 4215 sae·
1478 4155 1602 4216 nostris
1633 4153 1851 4237 opinionibus.
1896 4156 1972 4219 ldeo
1995 4157 2026 4218 in
2049 4155 2139 4220 Psal.
2163 4159 2191 4221 4.
2217 4160 2283 4233 [vs.
2307 4161 2356 4238 4.]
2380 4158 2453 4222 dici·

447 4265 503 4332 ’ρο
523 4237 742 4328 respondent,
761 4253 799 4305 ut
807 4244 852 4315 ⁹⁷)
874 4238 968 4326 Agar
988 4241 1142 4321 impetrat
1152 4235 1220 4302 filio
1236 4249 1365 4321 potum;
1387 4236 1436 4300 la·
1478 4249 1545 4302 tur:
1581 4236 1732 4303 Mirificat
1753 4238 1846 4302 Deus
1868 4253 2017 4304 sanctum
2039 4260 2145 4318 suurn,
2166 4242 2199 4304 id
2222 4254 2289 4317 est,
2309 4264 2377 4307 non
2398 4241 2453 4305 ha·

461 4331 527 4398 aon
553 4331 708 4414 impetrat
732 4323 959 4390 defensionem
985 4326 1019 4389 in
1044 4323 1177 4401 itinere,
1210 4343 1253 4387 ne
1280 4324 1322 4385 ab
1344 4320 1436 4385 Esau
1478 4324 1582 4386 manis
1615 4322 1762 4387 consiliis
1794 4319 1909 4386 liberat
1931 4323 2035 4402 Deus,
2068 4328 2127 4389 sed
2149 4328 2312 4390 mirandis
2334 4328 2449 4403 modis,

445 4409 566 4488 ,fratre
588 4413 807 4499 opprimetur3
829 4407 966 4498 Moyses
988 4412 1140 4493 impetrat
1150 4409 1323 4472 victoriam
1335 4425 1435 4470 orans
1500 4427 1563 4472 uos
1596 4429 1663 4472 non
1690 4418 1799 4489 potest
1820 4405 1961 4471 humana
1982 4412 2065 4473 ratio
2088 4411 2295 4494 prospicere.
2341 4413 2397 4477 Sic
2417 4425 2448 4475 et

403 4543 408 4550 -
483 4519 523 4564 ro
557 4497 707 4565 exercitu
737 4491 938 4579 proeliante,
969 4495 1129 4598 impositis
1162 4489 1307 4557 brachiis
1335 4512 1436 4563 saxo;
1477 4429 1562 4575 lph.
1585 4492 1616 4556 3.
1640 4500 1703 4569 [vs.
1724 4491 1791 4571 Mb]
1820 4492 1951 4569 dicitur,
1973 4494 2079 4559 Deum
2101 4493 2211 4559 facere
2280 4518 2358 4575 sse,
2388 4497 2446 4560 sed

536 4605 581 4650 na
602 4579 726 4648 sterilis
748 4591 855 4644 mater
875 4575 1038 4644 Samuelis
1064 4582 1214 4662 impetrat
1234 4576 1436 4641 foecundita-
1478 4597 1580 4661 supra
1602 4598 1699 4661 quam
1719 4578 1858 4660 petimus
1880 4590 1936 4640 aut
1958 4578 2180 4664 intelligimus.
2254 4583 2338 4647 tde
2360 4601 2448 4648 mora

460 4679 545 4746 teru3
577 4663 745 4752 losephat
765 4663 939 4741 Ezechias,
960 4662 1182 4728 Maccabaeus
1216 4674 1249 4726 et
1271 4659 1324 4724 alii
1346 4657 1437 4724 multi
1478 4681 1580 4744 saepe
1608 4663 1743 4738 dicitur,
1772 4662 2141 4746 utLuc.18.[vs.7.]
2170 4666 2203 4727 in
2232 4686 2330 4730 exem
2355 4668 2389 4732 lo
2411 4667 2449 4729 de

462 4755 616 4837 precibus
643 4753 688 4816 im
711 4760 818 4815 etrant
849 4747 1029 4822 victorias3
1057 4748 1221 4811 Ninivitas
1251 4747 1437 4828 impetrant,
1479 4748 1585 4812 iudice
1613 4749 1707 4831 segni
1740 4756 1772 4808 et
1806 4747 1911 4810 vidua.
1955 4746 1997 4811 Et
2019 4749 2158 4814 Abacuc
2180 4751 2211 4811 9.
2235 4758 2300 4828 [rs.
2324 4691 2372 4830 A]
2415 4749 2448 4814 Si

462 4857 506 4903 ne
536 4837 652 4900 civitas
695 4832 832 4900 elcatur.
875 4831 913 4898 ln
933 4832 1081 4899 historiis
1102 4828 1314 4916 Evangelicis
1336 4828 1436 4913 pluri·
1478 4853 1603 4897 moram
1624 4830 1750 4905 fecerit,
1774 4843 1910 4912 expecta
1931 4853 2016 4910 eum,
2039 4836 2115 4918 quia
2136 4836 2274 4898 veniens
2296 4838 2410 4899 veniet
2420 4846 2450 4900 et

462 4943 516 4987 ma
537 4931 615 4986 sunt
635 4939 729 4984 exem
752 4917 795 4984 la.
1480 4938 1546 4982 non
1564 4915 1715 4980 tardabit.

549 5004 604 5069 Ad
623 5003 687 5068 haa
712 4941 868 5068 hlstorias
890 5003 1106 5086 adiungamus
1128 5002 1336 5085 quotidianas
1357 4999 1438 5065 libe·
1563 5001 1637 5064 Non
1665 4999 1763 5082 igitur
1790 5012 1938 5065 nostrum
1961 5014 2013 5066 est
2034 5003 2264 5084 praescribere
2284 4999 2365 5070 Deo
2387 5027 2452 5071 mo·

464 5091 620 5166 rationes,
643 5107 729 5174 quae
745 5089 958 5170 impetrantur
969 5087 1142 5153 Ecclesiae
1163 5087 1319 5170 precibus
1337 5087 1439 5151 omni·
1481 5088 1556 5150 dum
1588 5095 1621 5148 et
1653 5094 1798 5167 tempus,
1830 5088 1891 5150 sed
1912 5086 1995 5162 hacc
2016 5087 2122 5168 ipsius
2145 5085 2287 5150 consilio
2309 5110 2452 5173 prorsus

1481 5169 1738 5233 commendanda
1758 5185 1845 5246 sunt,
1867 5183 1902 5234 ut
1922 5169 2010 5235 oculi
2031 5173 2135 5233 nostri
2158 5173 2288 5235 interim
2305 5195 2377 5238 non
2400 5194 2452 5239 res

1480 5274 1521 5317 ac
1553 5265 1709 5331 eventus,
1741 5256 1800 5318 sed
1820 5254 1928 5319 Deum
1949 5258 2152 5333 intueantur,
2174 5267 2206 5319 et
2228 5260 2454 5324 accendamur

465 5365 512 5429 96)
532 5375 610 5427 supra
636 5362 687 5414 dlxi
713 5358 877 5422 reponendas
903 5358 988 5422 casea
1013 5358 1086 5411 ruta
1116 5359 1139 5406 1.
1159 5356 1182 5410 3.
1200 5369 1280 5421 supra
1296 5359 1439 5418 retecturus,

534 5433 619 5498 [conl.
636 5440 695 5494 pas.
714 5427 792 5490 760]-

468 5535 514 5598 er)
533 5537 562 5585 ut
579 5529 801 5586 maturuerunt.
824 5526 929 5577 ιιι-ιι.
948 5527 1058 5577 ro-aa.
1077 5528 1118 5576 ar.
1137 5526 1254 5590 aa-m,
1271 5527 1332 5590 opp.
1351 5528 1373 5577 1.
1390 5527 1414 5574 a.
1482 5526 1529 5588 us)
1548 5525 1701 5591 aquiescat]
1722 5527 1795 5579 rorte
1814 5528 1920 5580 15-1e.
1940 5526 2048 5579 ro-aa
2066 5527 2210 5591 aquiesce
