5859 6734
466 749 527 816 atii
934 745 958 810 Ι.
980 741 1082 813 Loci
1103 739 1378 809 ausonosict:
1398 736 1442 807 D.
1464 735 1626 807 TERTIA
1644 736 1804 805 EORUM
1823 732 1980 809 AETAS.
2391 745 2456 812 wi

467 950 501 1003 te
533 939 566 1000 in
597 934 728 1000 nomine
748 931 857 996 Patris
889 943 924 996 et
943 929 1015 995 Filii
1037 942 1070 995 et
1091 928 1232 1013 Spiritus
1250 930 1375 1005 sancti,
1407 928 1440 993 id
1483 944 1547 991 nae
1578 923 1790 1009 temporales,
1821 928 1856 992 in
1888 928 2008 1013 quihus
2035 924 2108 995 vult
2128 927 2223 995 Deus
2256 932 2339 996 iram
2360 952 2456 999 suani

468 1034 531 1101 est,
559 1019 633 1107 Epo
660 1019 814 1084 mandato
836 1016 901 1081 Dei
932 1013 1091 1101 profiteor
1122 1026 1156 1078 te
1184 1015 1248 1078 iam
1273 1014 1375 1096 recipi
1396 1014 1439 1076 ah
1481 1013 1645 1076 adversus
1677 1022 1816 1095 peccata
1847 1014 2010 1097 conspici3
2036 1024 2073 1079 ut
2105 1015 2139 1079 in
2170 1035 2278 1099 poena
2305 1016 2457 1097 Dauidls,

468 1107 533 1172 hoc
555 1126 637 1171 vero
657 1104 748 1180 Deo,
779 1103 833 1185 qui
856 1113 908 1167 est
929 1114 1084 1165 aeternus
1105 1097 1204 1164 Pater
1224 1096 1358 1162 Domini
1380 1118 1438 1163 no·
1481 1094 1717 1181 Manassaeffl)
1760 1108 1822 1163 otc.
1866 1100 2004 1164 traditur
2035 1101 2210 1167 discrimen
2241 1122 2395 1168 verorum
2423 1114 2456 1169 et

468 1193 528 1254 stri
564 1192 638 1253 lesu
661 1187 796 1264 Christi,
828 1197 861 1251 et
892 1208 913 1251 a
934 1184 1016 1250 Filio
1051 1186 1123 1249 eius
1144 1184 1290 1249 Domino
1321 1194 1439 1247 nostro
1483 1182 1785 1246 commenticiorum
1807 1181 1963 1250 cultuum.
2007 1184 2076 1250 Has
2104 1197 2213 1251 tantas
2234 1206 2290 1250 res
2314 1185 2455 1272 complc-

468 1277 543 1341 lesu
565 1274 715 1352 Christo,
749 1275 805 1357 qui
834 1291 898 1357 pro
919 1284 953 1336 te
973 1289 1097 1356 passus
1119 1282 1190 1347 est,
1223 1281 1256 1333 et
1277 1288 1299 1332 a
1316 1267 1440 1350 Spiritu
1460 1266 1463 1281 '
1483 1267 1527 1331 cti
1548 1285 1690 1331 necesse
1712 1279 1775 1331 est.

468 1373 597 1436 sancto,
615 1361 671 1443 qui
693 1359 792 1422 datur
812 1358 846 1420 in
868 1358 970 1421 corda
991 1354 1296 1431 reconciliatorum,
1323 1365 1360 1417 ιιι
1380 1370 1439 1417 eos
1567 1350 1621 1416 Ac
1652 1364 1689 1416 ut
1715 1353 1758 1418 de
1789 1366 1929 1420 externo
1961 1357 2025 1421 ritu
2057 1354 2174 1421 haruin
2202 1359 2285 1422 casti
2310 1359 2456 1422 alionum

466 1457 561 1531 regat
589 1456 622 1509 et
652 1442 785 1508 inchoet
817 1443 917 1506 vitam
950 1453 1125 1506 aeternam.
1180 1438 1312 1504 Remitti
1343 1438 1441 1523 igitur
1482 1435 1574 1499 initio
1595 1435 1713 1516 dicam,
1734 1441 1877 1504 arbitror
1893 1458 2020 1505 morem
2040 1463 2062 1506 a
2078 1442 2190 1526 primis
2201 1379 2356 1507 Patribus
2367 1462 2455 1508 suni·

467 1533 523 1595 tibi
546 1541 685 1614 peccata
710 1540 742 1592 et
764 1539 797 1591 te
819 1526 889 1590 fieri
911 1525 1087 1590 haeredem
1109 1526 1196 1590 vitae
1217 1533 1373 1589 aeternae
1394 1536 1440 1587 te·
1505 1532 1575 1585 tuni
1605 1538 1694 1585 esse.
1736 1522 1823 1589 Nam
1853 1525 1995 1611 vestigia
2025 1538 2217 1593 manserunt
2249 1528 2347 1591 etiam
2368 1529 2456 1611 apud

467 1626 549 1678 μοι,
1516 1622 1649 1684 raecos,
1680 1609 1738 1672 ubi
1768 1607 1888 1696 aliquis
1919 1611 2058 1701 caedem
2079 1613 2231 1676 iniustam
2254 1610 2379 1676 fecerat
2400 1624 2457 1677 aut

554 1697 693 1770 Quidam
725 1716 813 1761 novo
847 1707 1031 1760 commento
1066 1692 1245 1759 defendunt
1272 1691 1440 1759 Cononem
1483 1690 1694 1755 commiserat
1723 1694 1897 1779 incestum,
1924 1697 2284 1776 excommunicabatur,
2304 1697 2370 1761 hoc
2392 1710 2454 1775 est,

468 1785 510 1848 de
531 1782 784 1846 Enumerationo
804 1779 870 1846 hoc
891 1781 1005 1844 modo:
1045 1778 1239 1845 Consensus
1260 1781 1440 1863 perpetuus¹
1482 1770 1719 1843 excludebatur
1751 1798 1792 1842 ex
1814 1781 2052 1847 consuetudine
2074 1783 2348 1860 communium⁸¹³>
2382 1779 2455 1848 offi·
2498 1856 2504 1864 ¹

467 1866 641 1933 Ecclesiae
661 1868 791 1931 videtur
812 1885 888 1931 esse
910 1867 1031 1950 dogma
1052 1886 1074 1930 a
1094 1865 1218 1948 Spiritu
1235 1874 1353 1929 sancto
1374 1876 1440 1928 tra·
1482 1858 1620 1940 ciorum,
1651 1871 1685 1927 et
1715 1863 1920 1930 addebantur
1950 1868 2048 1952 signa
2078 1868 2240 1951 quaedam
2268 1869 2301 1931 in
2322 1870 2455 1946 vestitu,

469 1953 587 2027 ditum;
610 1950 748 2035 Semper
766 1964 873 2015 autem
890 1948 951 2015 fuit
973 1949 1318 2015 mosEnumeratioiiis
1335 1950 1366 2012 in
1378 1946 1440 2012 Ec·
1482 1952 1568 2030 quite
1588 1944 1820 2033 significabant
1842 1970 1916 2015 euin
1936 1950 2099 2016 hominem
2119 1971 2224 2030 reum,
2244 1951 2405 2035 pollutum
2421 1964 2455 2018 et

469 2036 587 2112 clesia;
607 2036 756 2100 Necesse
778 2047 829 2100 est
850 2037 948 2121 igitur
966 2055 1039 2101 eum
1061 2036 1203 2100 retineri.
1482 2030 1650 2097 vitandam
1670 2050 1759 2111 csse,
1781 2054 1822 2099 ac
1842 2055 1938 2101 nenio
1959 2056 2025 2101 una
2043 2036 2151 2102 cibum
2169 2039 2330 2121 capiebat,
2349 2039 2454 2103 donec

554 2120 753 2203 Respondeo
786 2122 829 2185 ad
856 2123 1031 2185 minorem:
1071 2120 1146 2183 Mos
1179 2116 1241 2183 fuit
1265 2114 1440 2181 manifesta
1482 2110 1539 2179 illa
1571 2116 1669 2201 signa
1698 2129 1810 2183 reatus
1839 2123 1985 2205 gerebat.
2030 2120 2133 2185 Erant
2151 2124 2248 2186 etiam
2270 2135 2382 2187 certae
2398 2126 2454 2187 iin-

466 2220 605 2291 peccata
637 2207 796 2270 recitandi
825 2217 859 2270 et
890 2203 1094 2288 deplorandi,
1116 2205 1177 2268 sed
1202 2214 1350 2267 vetustas
1371 2219 1440 2265 non
1481 2202 1690 2284 precationes
1712 2214 1746 2267 et
1767 2204 1871 2283 dirae,
1917 2225 1979 2270 nae
1995 2205 2284 2290 contrapollutnm
2302 2210 2454 2273 diceban·

467 2291 631 2355 mandarit
654 2288 792 2375 singulis
815 2310 938 2354 arcuna
948 2292 1105 2363 recitare3
1127 2288 1220 2353 Sicut
1231 2286 1324 2353 clare
1335 2284 1440 2372 Chry·
1482 2295 1547 2350 tur.
1590 2284 1647 2352 Sic
1664 2285 1813 2353 Phoenix
1834 2226 1923 2375 apub
1933 2290 2110 2357 Homerum
2131 2304 2256 2371 narrat,
2278 2304 2395 2358 contra
2415 2312 2454 2357 se

469 2388 635 2439 sostomus
667 2376 771 2458 inquit
792 2376 827 2439 in
849 2376 1057 2438 enarratione
1079 2372 1203 2439 Psalmi
1224 2372 1278 2437 50.
1323 2372 1360 2437 si
1380 2393 1440 2456 pu·
1482 2380 1617 2454 propter
1647 2383 1829 2458 stupratam
1862 2376 2034 2479 coniugem
2103 2378 2165 2442 tris
2187 2379 2276 2442 diras
2298 2379 2454 2442 recitatas

467 2461 523 2524 det
544 2457 641 2523 alicui
662 2459 773 2523 dicere
794 2470 943 2543 peccata,
968 2460 1067 2523 dicito
1090 2479 1130 2523 ea
1151 2459 1296 2543 quotidie
1316 2458 1350 2520 in
1372 2456 1441 2520 ani·
1483 2472 1572 2518 esse.
1614 2454 1659 2519 Et
1679 2458 1818 2523 Orestes
1834 2460 1987 2526 discurrit
2003 2462 2036 2524 in
2090 2464 2200 2528 raecia
2220 2464 2389 2527 abstinens
2411 2465 2454 2528 ab

468 2566 520 2607 nin
554 2556 621 2619 tua,
655 2564 722 2606 non
745 2544 830 2622 dico,
862 2556 898 2610 ut
915 2542 1105 2609 confitearis
1127 2562 1292 2609 conservo
1314 2553 1384 2620 tuo,
1404 2552 1442 2604 ut
1482 2538 1623 2604 aliorum
1641 2543 1795 2607 convictu
1816 2564 1857 2609 ac
1873 2564 1994 2630 gereris
2015 2548 2112 2632 signa
2128 2559 2251 2626 reatus,
2273 2561 2306 2612 et
2328 2550 2455 2631 passim

467 2631 523 2693 tibi
555 2629 756 2710 exprobret,
788 2630 887 2693 dicito
919 2628 1017 2706 Deo,
1050 2629 1104 2713 qui
1125 2640 1221 2693 sanat
1238 2648 1289 2693 aa.
1331 2625 1374 2691 Et
1396 2627 1441 2691 ci·
1482 2621 1583 2689 multa
1615 2626 1766 2710 exempla
1804 2630 2022 2708 inveniuntur,
2059 2643 2095 2697 ut
2132 2631 2236 2709 Pelei,
2276 2631 2455 2713 Antilochi,

468 2727 578 2778 tantur
605 2711 723 2776 similia
756 2715 845 2778 dicta
866 2716 908 2778 ab
930 2712 1022 2792 aliis,
1051 2733 1136 2798 quae
1158 2714 1279 2798 opponi
1301 2721 1441 2795 possunt
1483 2708 1631 2788 Adrasti,
1652 2713 1708 2795 qni
1729 2710 1944 2779 adGroesum
1965 2718 2057 2781 venit
2077 2736 2199 2805 gerens
2221 2718 2454 2803 signaremus.

467 2799 518 2876 iis,
542 2799 596 2881 qui
608 2794 674 2861 alle
699 2808 756 2861 ant
766 2809 959 2883 perpetuum
971 2818 1179 2875 consensum,
1190 2810 1226 2863 ut
1236 2796 1439 2882 superstitio·
1458 2799 1463 2816 ¹
1481 2793 1574 2859 llaec
1596 2794 1745 2881 exempla
1766 2799 1849 2861 satis
1870 2811 2007 2884 appaiet
2027 2820 2049 2864 a
2068 2803 2180 2887 piiniis
2191 2801 2345 2867 Patribus
2368 2822 2454 2868 sum·

468 2884 652 2965 sissimi⁸⁰)
675 2819 823 2948 Eunonis
840 2886 1053 2948 acerbitatem
1076 2880 1264 2960 defendant,
1285 2882 1341 2965 qui
1363 2900 1440 2945 con·
1481 2890 1537 2961 pta
1564 2898 1653 2958 csse,
1674 2881 1814 2968 quibos
1835 2885 1918 2949 ritus
1939 2883 2133 2969 disciplinae
2155 2908 2275 2953 caussa
2297 2889 2455 2954 observa·

468 2968 612 3031 scientiis
645 2965 783 3052 laqueos
813 2968 923 3033 iniicit.
976 2968 1038 3033 Est
1069 2980 1179 3033 antem
1210 2967 1255 3051 pii
1343 2966 1438 3042 toris,
1480 2976 1569 3043 runt,
1589 2976 1626 3030 ut
1646 2964 1796 3032 homines
1820 2970 2006 3056 cogitarent
2127 2972 2282 3037 ‘tudinem
2303 2972 2373 3037 irae
2390 2974 2455 3038 Dei

466 3054 659 3136 prospicere
677 3063 710 3116 et
732 3072 852 3118 cavere
870 3054 1145 3118 conscientiarum
1161 3052 1232 3135 peri
1327 3063 1361 3115 et
1381 3053 1439 3116 do·
1480 3050 1644 3115 adversus
1663 3050 1809 3137 pollutos
1831 3064 1864 3118 et
1886 3074 1928 3120 eo
1948 3055 2057 3143 magis
2116 3054 2454 3124 horrerentatalibus

467 3139 590 3201 ctrinae
608 3136 832 3221 corruptelas,
855 3149 888 3203 et
910 3151 1018 3202 tamen
1035 3138 1165 3213 videre,
1198 3136 1363 3221 quomodo
1385 3137 1438 3219 pie
1480 3132 1673 3201 sceleribus

466 3223 635 3287 retinenda
658 3224 702 3288 sit
723 3219 905 3306 disciplina.
1566 3217 1671 3284 Huius
1704 3223 1828 3286 vetusti
1858 3225 1960 3288 moris
1991 3225 2100 3311 imago
2127 3225 2224 3289 etiam
2247 3229 2280 3289 in
2302 3225 2455 3293 Ecclesia

1480 3304 1513 3367 in
1534 3307 1871 3372 excommunicatione
1891 3320 2022 3375 servata
2047 3321 2110 3387 est,
2133 3308 2390 3377 excludebantur
2406 3313 2454 3378 la·

1522 3388 1533 3451 l
1553 3406 1596 3453 ex
1617 3394 1781 3457 communi
1803 3395 1987 3474 consortio,
2002 3413 2044 3461 ac
2066 3395 2318 3463 denuntiabatur
2336 3400 2384 3463 eis
2404 3400 2455 3463 ira

722 3475 781 3538 DE
822 3472 1179 3541 SA'l'lSFAGTIONE.
1328 3480 1350 3521 ν’
1431 3471 1438 3487 ’
1514 3475 1555 3552 ei,
1588 3493 1651 3538 nec
1684 3477 1883 3543 denuntiatio
1914 3477 1974 3545 illa
2003 3476 2064 3545 tuit
2083 3481 2186 3561 inita,
2217 3485 2279 3547 sed
2300 3484 2454 3549 divinitus

1481 3559 1704 3642 sequebantur
1831 3583 1870 3643 a,
1901 3575 2030 3629 etcum
2046 3568 2202 3649 petebant
2224 3587 2263 3632 se
2285 3570 2386 3652 recipi
2406 3569 2453 3633 la·

1480 3647 1544 3728 psi,
1566 3641 1692 3732 aliquot
1736 3648 1829 3713 'ebus
1840 3660 1917 3714 anta
1934 3648 2173 3717 absolutionem
2184 3652 2454 3737 explorabantar,

1480 3731 1612 3795 stabant
1634 3744 1728 3795 extra
1748 3730 1859 3798 locum
1882 3754 2005 3800 coenae
2025 3735 2158 3800 Domini
2179 3756 2253 3803 cuni
2276 3741 2381 3824 signis
2403 3759 2454 3803 re·

1481 3826 1568 3893 atus,
1578 3816 1613 3880 id
1623 3829 1686 3895 est,
1703 3814 1876 3900 plorantes
1887 3830 1922 3885 et
1931 3820 2101 3899 sordidati,
2114 3833 2147 3886 et
2156 3820 2289 3905 publice
2299 3826 2454 3906 petebant

1480 3900 1734 3967 absolutionem.
1789 3902 1861 3970 llac
1893 3902 2124 3993 promulgata,
2156 3926 2275 3973 rursus
2306 3910 2453 3974 admitte·

1480 3986 1599 4051 bantur
1620 3988 1664 4051 ad
1686 4007 1823 4053 coenam
1843 3987 1975 4055 Domini
2003 4002 2038 4056 et
2056 3991 2300 4077 recipiebantur
2320 3994 2352 4058 in
2375 4014 2453 4058 con·

1479 4072 1627 4136 sortimn.

1557 4155 1661 4237 ,lluno
1693 4158 1789 4222 ritum
1822 4159 1974 4241 publicae
1996 4163 2225 4312 ⁰⁸⁸⁸iffi¹¹⁰¹¹³⁸
2247 4176 2281 4228 ct
2301 4164 2453 4248 explora·

1479 4243 1579 4306 tionis
1599 4263 1807 4328 nequaquam
1824 4246 2063 4329 improbamus,
2131 4268 2153 4312 o
2173 4260 2453 4333 optaremus'euni

1479 4330 1627 4413 graviter
1647 4329 1719 4392 sine
1740 4325 1836 4393 falsis
1858 4331 2083 4413 opinionibus,
2113 4334 2188 4399 sirie
2208 4334 2453 4417 superstitione,

1480 4413 1554 4477 sine
1585 4412 1766 4477 immodicis
1799 4416 1955 4480 oneribus
1976 4418 2115 4497 servari,
2146 4428 2181 4483 et
2222 4418 2376 4483 rodesset
2397 4439 2452 4482 cx·

1481 4494 1624 4581 emplum
1645 4498 1688 4561 ad
1710 4495 1926 4583 disciplinam,
1942 4510 1980 4565 ut
1999 4498 2113 4566 laudat
2129 4500 2158 4567 E
2211 4504 2315 4569 esiam
2335 4502 2452 4567 Corin·

1479 4580 1582 4646 thiam
1601 4580 1728 4651 Paulus
1749 4583 1781 4645 E.
1804 4582 1883 4647 Cor.
1901 4584 1933 4649 i.
1955 4586 2045 4669 quod
2062 4586 2208 4672 graviter
2227 4584 2314 4652 hanc
2335 4608 2452 4654 consu·

1480 4686 1552 4731 rain
1573 4678 1689 4732 contra
1709 4670 1870 4733 incestum
1892 4683 2105 4750 exercuerat,
2137 4673 2318 4756 quodcum
2341 4673 2452 4738 exclu-

551 3697 655 3761 Vetus
688 3715 761 3760 nios
782 3697 815 3759 in
836 3692 990 3760 Ecclesia
1007 3690 1078 3773 fuit,
1112 3715 1178 3759 non
1212 3694 1278 3759 reci
1321 3713 1357 3758 re
1390 3694 1437 3761 la·

465 3802 558 3865 psos,
602 3782 635 3847 ui
657 3776 843 3847 defecerant
853 3782 896 3844 ab
908 3778 1090 3865 Evangelio
1102 3790 1190 3844 metu
1202 3799 1287 3931 suff
1301 3781 1438 3847 'ciorum

467 3880 523 3931 aut
543 3886 586 3951 po
613 3869 660 3931 uti
680 3864 810 3930 fuerant
833 3867 935 3931 caede
957 3877 1015 3929 aut
1035 3862 1215 3931 manifestis
1251 3866 1259 3885 '
1285 3866 1437 3944 idinibus,

467 3953 530 4017 nisi
563 3953 655 4037 prius
688 3952 882 4035 castigatos.
936 3951 978 4014 Et
1009 3948 1064 4013 hic
1094 3970 1168 4014 mos
1201 3970 1275 4017 cuni
1297 3948 1437 4101 exempli

467 4057 588 4103 caussa
620 4038 711 4102 initio
744 4036 794 4099 sic
822 4036 1036 4113 servabatur,
1057 4047 1093 4099 ut
1114 4033 1170 4100 alii
1191 4036 1346 4101 admoniti
1368 4037 1401 4102 di
1415 4038 1438 4085 '-

466 4124 595 4207 gentius
627 4133 781 4209 regerent
812 4140 940 4199 mores,
973 4132 1042 4183 tuni
1075 4139 1155 4184 vero
1189 4118 1438 4223 explorarentur

465 4209 575 4287 animi,
591 4229 634 4271 an
652 4206 741 4274 serio
760 4207 905 4271 redirent
924 4206 968 4270 ad
985 4205 1180 4271 Ecclesiam.
1213 4204 1351 4291 luitque
1368 4219 1439 4273 tota

467 4312 520 4357 res
553 4290 708 4376 politicus
736 4292 820 4355 iitns
852 4311 921 4355 non
952 4293 1119 4374 pertinens
1141 4291 1184 4354 ad
1205 4293 1437 4359 conscientiam

466 4396 526 4441 seu
549 4379 778 4441 remissionem
790 4388 1002 4459 peccatonmi
1020 4397 1134 4442 coram
1149 4375 1234 4440 Deo.
1268 4376 1336 4443 Sed
1346 4390 1438 4464 post·

466 4481 516 4539 ea,
549 4472 586 4527 ut
607 4460 656 4538 fit,
676 4458 800 4525 multae
821 4482 861 4525 su
885 4462 1072 4527 erstitiosae
1094 4482 1113 4526 o
1137 4462 1265 4525 iniones
1286 4481 1438 4528 accesse-

466 4558 551 4622 iuuit,
576 4565 616 4610 ex
638 4545 756 4629 quibus
779 4483 895 4610 deimle
917 4540 1107 4612 inextricah'
1123 4566 1160 4611 es
1182 4543 1358 4630 labyrinthi
1376 4549 1439 4612 orti

466 4639 555 4692 sunt.
599 4628 709 4700 Quare
729 4649 872 4693 necesse
889 4641 941 4694 est
963 4635 1051 4716 et⁸⁷j
1074 4632 1115 4697 de
1135 4630 1200 4695 hac
1220 4630 1438 4713 parteEccle·

466 4713 534 4779 ⁸5⁰⁸
556 4724 648 4817 reci?
671 4715 1438 4820 ‘1⁰⁰0fbPffl0⁸⁶¹¹l¹¹¹fu¹¹¹infesumifflmf'
1481 4764 1583 4831 serat,
1604 4765 1722 4838 postea
1738 4775 1820 4819 varo
1841 4753 1973 4840 publice
1989 4752 2211 4821 declarantem
2220 4760 2452 4841 poenitentiam

466 4816 577 4902 isi-uni
608 4795 706 4914 simul
736 4797 858 4863 multae
890 4819 1104 4903 gfflvlffilfflfle
1131 4822 1192 4905 fe?
1225 4801 1438 4884 0XP¹¹⁰⁸¹¹d⁰⁰
1479 4848 1669 4923 receperat:
1691 4837 1849 4920 lhistitia,
1865 4841 1970 4925 inquit
1991 4845 2055 4921 [vs.
2069 4841 2135 4923 ll.]
2142 4886 2153 4920 ,
2174 4854 2287 4907 vestra
2298 4856 2452 4927 quantam

466 4895 543 4948 sint.
587 4880 771 4949 illustratur
804 4884 955 4949 d0⁰lfl¹¹⁸
986 4883 1027 4948 de
1047 4885 1253 4952 R⁶n¹¹⁵⁵¹⁰¹¹⁰
1277 4900 1438 5057 mam·
1481 4924 1635 4988 excitavit
1657 4925 1723 4987 indi
1791 4926 1925 5005 tionem,
1947 4922 2054 4990 zelum
2077 4938 2110 4990 et
2133 4929 2322 5006 vindictam,
2337 4929 2370 4992 id
2389 4940 2452 5007 est,

466 4989 549 5072 mm?
582 4980 785 5074 {wimar
812 4969 988 5033 ffi⁵⁰fi¹⁰⁰¹¹
1019 4973 1229 5077 “lnifflm.
1257 4992 1276 5036 ⁰
1405 4986 1438 5038 εἴ
1479 5027 1632 5092 poenam,
1652 5010 1729 5074 vide
1741 5011 1805 5075 icet
1825 5012 1931 5094 ipsam
1953 5013 2321 5078 excommunicationem
2332 5012 2450 5098 polluti

467 5073 669 5119 remissionis
688 5073 871 5138 poenarum
892 5051 1131 5137 temporalium,
1162 5069 1340 5124 recitantur
1360 5077 1438 5141 poe·
1479 5105 1596 5177 stupro
1617 5112 1792 5159 novem

1565 5179 1634 5246 Sed
1678 5190 1731 5244 ost
1747 5178 1928 5264 Apostolos
1947 5184 2179 5265 superstitione
2200 5195 2373 5248 creverunt
2397 5203 2450 5247 ca·

466 5308 512 5373 ss)
529 5310 781 5379 sapentitiosissimil
802 5312 873 5367 fflitt.
891 5312 915 5361 a.
934 5312 1010 5367 4-9.
1029 5314 1067 5367 ia,
1085 5315 1268 5381 ,nummu
1303 5314 1375 5369 mm
1396 5316 1436 5365 ,0⁶
1479 5283 1586 5330 nones
1608 5285 1641 5330 ui
1677 5274 1812 5344 cuii-nin,
1834 5265 2064 5331 indicebantur
2085 5267 2299 5353 aliquotanni
2318 5269 2451 5333 ieiunio·

536 5378 574 5430 11.
591 5376 698 5433 13-16.
720 5381 759 5430 18.
781 5380 820 5434 19.
839 5378 1076 5434 21-1116-19.
1095 5380 1204 5434 iii-³³.
1222 5382 1437 5447 superstitiosius

532 5444 606 5499 suia
622 5447 664 5496 20.
681 5447 734 5509 25„
752 5450 826 5515 corp.
848 5450 929 5510 i-a,
958 5450 1019 5513 opp.
1040 5451 1061 5502 i.
1078 5450 1103 5500 2.
1122 5452 1396 5514 summatum

466 5545 512 5605 aii
530 5548 556 5598 et
573 5544 709 5602 mrem
736 5549 808 5603 mitt
829 5551 867 5604 is.
883 5552 924 5605 ao.
942 5552 984 5603 aa.
1004 5552 1044 5605 ii.
1063 5552 1107 5602 aa.
1126 5552 1244 5617 iii-aa,
1263 5552 1335 5618 corp.
1357 5554 1438 5617 i-a,
1480 5522 1526 5585 ⁸⁸)
1542 5521 1688 5584 mm]
1704 5522 1780 5577 ΕΜ·
1803 5523 1875 5576 Η·
1892 5526 1984 5575 ⁸·'¹⁰·
2002 5527 2119 5579 “m

534 5615 595 5679 opp.
616 5616 639 5664 1.
658 5615 684 5663 t.
1481 5621 1528 5687 89)
1545 5623 1727 5689 communium]
1747 5624 1820 5679 editt
1839 5628 1861 5678 1.
1878 5625 1903 5675 3.
1921 5627 2034 5679 oninium
