5859 6734
472 707 537 776 407
1100 698 1211 764 PHIL-
1233 697 1336 764 MEL.
1358 696 1544 764 scium
1565 697 1839 766 DOGMA'flCA.
2403 705 2472 772 4⁰8

559 891 619 956 DE
642 886 898 955 Discutiunt*
919 882 1279 951 PRAECEPTORUM
1305 883 1361 947 ET
1468 897 1470 906 ·
1492 903 1564 949 mus
1586 904 1627 948 ea
1646 883 1721 948 Deo
1743 883 1892 968 placere,
1919 896 1953 948 et
1982 883 2103 947 fiducia
2128 885 2272 948 mandati
2306 887 2405 952 divini
2428 908 2470 956 ea

767 999 771 1004 ·
802 986 1116 1054 00N31L1011UM
1491 969 1718 1052 suscipiamus.
1762 968 1872 1053 Atque
1899 969 1943 1031 ita
1972 968 2109 1044 accidit,
2138 966 2260 1032 multos
2283 967 2370 1036 male
2392 993 2468 1038 cru·

1468 1061 1470 1068 '
1491 1054 1589 1117 cievit
1599 1053 2115 1136 conscientiainmagistratibus,
2135 1052 2334 1132 dubitantes,
2358 1069 2469 1122 utnrm

560 1145 700 1220 Quidam
731 1141 895 1206 finxenmt
927 1142 960 1203 in
987 1136 1169 1223 Evangelio
1202 1133 1341 1200 consilia
1371 1155 1446 1200 esse
1489 1135 1555 1201 hoc
1577 1139 1664 1201 vitae
1690 1157 1795 1222 genus
1818 1137 1892 1201 Deo
1918 1134 2074 1219 placeret.
2117 1134 2310 1202 Reiicienda
2332 1137 2386 1204 es't
2407 1142 2468 1225 igi-

476 1233 518 1298 dc
539 1251 610 1296 non
628 1228 844 1303 vindicando,
870 1226 912 1288 de
940 1234 1149 1306 paupertate,
1178 1222 1221 1286 de
1247 1221 1446 1304 virginitate,
1491 1232 1543 1286 tur
1571 1220 1655 1285 haec
1683 1222 1830 1285 absurda
1860 1233 1893 1285 et
1914 1220 2073 1285 seditiosa
2095 1221 2223 1303 opinio,
2252 1242 2339 1306 quae
2367 1225 2468 1290 docet

476 1329 509 1381 et
563 1314 672 1380 uidem
702 1322 818 1396 putant
849 1311 883 1372 in
916 1306 1097 1392 Evangelio
1129 1306 1240 1370 doceri
1271 1303 1337 1368 hoc
1369 1303 1445 1382 fine,
1490 1303 1664 1370 consilium
1685 1306 1824 1371 esseda
1846 1306 1999 1382 vindicta,
2032 1315 2064 1368 et
2085 1306 2263 1388 prudenter
2291 1309 2468 1374 tenendum

477 1337 565 1487 quod
585 1398 668 1462 haec
696 1415 796 1480 opera
815 1394 920 1478 magis
940 1386 1128 1457 mereantur
1147 1386 1447 1454 reconciliationem
1491 1390 1665 1454 discrimen
1691 1388 1843 1474 publicae
1870 1402 1903 1454 et
1931 1390 2081 1471 privatae
2107 1389 2283 1468 vindictae,
2303 1402 2339 1454 ut
2360 1396 2467 1478 magi·

477 1499 523 1546 777
538 1491 704 1554 suutem‚⁴⁰)
723 1499 819 1564 quam
829 1476 1016 1559 aliaopera.
1039 1476 1169 1540 Deinde
1180 1475 1307 1558 lingunt
1321 1479 1446 1543 etiamst)
1491 1486 1614 1538 stratus
1647 1476 1770 1552 sciant,
1797 1494 1835 1537 se
1855 1476 2047 1539 necessario
2070 1470 2215 1539 officium
2236 1495 2331 1540 sunm
2350 1474 2467 1546 facete

476 1565 561 1632 haee
578 1583 679 1648 opera
694 1561 930 1647 perfectionem
947 1580 1034 1625 esse.
1069 1560 1138 1626 Sed
1152 1560 1237 1624 haec
1255 1567 1334 1622 sunt
1349 1552 1449 1638 plena
1492 1560 1631 1633 dabere3
1661 1561 1737 1622 item
1758 1570 1795 1622 ut
1815 1561 1932 1638 sciant,
1952 1557 2028 1622 Deo
2050 1556 2185 1639 placere
2206 1555 2308 1624 officii
2328 1562 2466 1628 admini-

477 1669 624 1715 errorum
645 1659 679 1711 et
700 1648 976 1731 superstitionum.
1019 1644 1096 1710 Una
1117 1656 1168 1709 est
1188 1640 1245 1708 lex
1265 1640 1341 1718 Dei,
1363 1657 1448 1723 quae
1492 1644 1700 1718 strationem3
1734 1644 1867 1721 deinde,
1900 1657 1936 1709 ut
1964 1643 2116 1726 privatim
2142 1662 2257 1708 omnes
2286 1645 2465 1725 discentia,

476 1732 557 1814 nihil
587 1733 652 1797 uisi
682 1743 858 1817 praecepta
892 1731 1046 1796 continet.
1101 1729 1143 1794 Et
1176 1726 1298 1793 Christi
1331 1724 1447 1788 concio
1491 1730 1613 1813 requiri
1645 1748 1667 1791 u
1698 1730 1807 1807 nobis,
1839 1739 1875 1792 ut
1907 1727 2086 1792 toleremus
2103 1730 2148 1804 46)
2188 1729 2341 1804 iniurias;
2370 1729 2465 1796 Deus

477 1815 593 1885 Matth.
615 1816 646 1880 5.
667 1814 752 1901 legis
773 1819 841 1881 inte
881 1815 998 1880 retatio
1025 1828 1088 1879 est.
1132 1812 1285 1878 Christus
1307 1809 1394 1874 enim
1414 1808 1448 1871 id
1493 1815 1579 1877 enim
1599 1812 1703 1895 inquit
1725 1811 1832 1889 [Rom.
1856 1814 1908 1891 la,
1931 1813 2014 1891 19.l:
2036 1810 2116 1875 Mihi
2137 1813 2325 1892 vindictam,
2348 1825 2382 1879 et
2399 1835 2465 1902 ego

477 1904 557 1988 agit,
576 1911 615 1967 ut
636 1904 790 1966 ostendat
809 1838 941 1987 inriege
957 1900 1078 1983 requiri
1095 1895 1276 1982 perfectam
1292 1893 1447 1958 obedieu-
1491 1898 1679 1962 retribuam.
1724 1896 1816 1963 Sicut
1836 1897 1935 1984 igitur
1956 1897 2029 1962 Deo
2052 1894 2125 1960 laus
2147 1898 2346 1979 sapientiae,
2373 1901 2465 1965 insti·

478 1987 565 2052 tiam.
591 1984 720 2058 Quare
742 2007 816 2050 cum
837 1987 930 2061 odia,
957 1982 1269 2068 concupiscentiam,
1291 1978 1448 2062 cupidita·
1491 1981 1575 2060 tiae,
1607 1978 1807 2045 fortitudinis
1835 1983 1969 2067 proprie
1997 1983 2168 2063 competit,
2194 1983 2241 2047 ita
2269 1983 2408 2048 debetur
2434 1987 2464 2050 el

477 2083 544 2136 tem
569 2069 733 2136 vindictae
759 2069 928 2154 prohibet,
955 2088 1021 2133 non
1047 2065 1156 2133 adfert
1177 2065 1339 2150 quaedam
1359 2081 1448 2126 nova
1491 2063 1565 2130 laus
1592 2066 1732 2130 vindicis
1761 2078 1914 2150 tanquam
1940 2067 2049 2132 iudici·
2092 2064 2144 2130 Ac
2172 2064 2307 2148 publica
2332 2068 2465 2171 quidem

478 2151 628 2231 consilia
650 2156 711 2217 sed
732 2154 743 2216 i
766 2173 837 2217 sam
858 2151 967 2238 legem
977 2152 1041 2216 Dei
1056 2153 1287 2236 interpretatum
1303 2158 1336 2211 et
1353 2165 1448 2230 prae·
1491 2151 1636 2215 vindicta
1667 2162 1720 2215 est
1751 2151 1875 2230 divium
1909 2165 1960 2218 est
1987 2152 2073 2215 enim
2106 2152 2256 2215 ordinata
2291 2152 2465 2229 divinitus3

501 2309 513 2322 Ρ
593 2239 702 2302 tradit.
740 2175 812 2301 ilex
833 2239 929 2315 enim,
949 2247 986 2300 ut
996 2233 1121 2302 Paulus
1138 2238 1184 2301 ait
1206 2232 1313 2311 [Rom
1325 2231 1357 2307 7,
1371 2232 1447 2309 iat,
1492 2235 1552 2299 sed
1579 2235 1731 2318 privatim
1759 2236 1925 2302 discamus
1946 2235 2021 2302 Deo
2049 2233 2180 2300 laudem
2210 2237 2330 2302 cedere
2358 2237 2464 2303 vindi·

476 2249 656 2410 mulis
678 2332 742 2398 est,
763 2324 987 2398 continens42)
1007 2333 1117 2386 motus
1137 2314 1338 2405 spirituales·
1375 2315 1448 2379 Etsi
1492 2321 1554 2398 cis,
1575 2330 1607 2383 et
1628 2317 1888 2386 assuefaciamus
1913 2341 1977 2385 nos
1999 2341 2127 2386 summo
2150 2321 2259 2386 studio
2281 2335 2316 2388 et
2335 2343 2465 2390 summa

476 2405 564 2476 diu
597 2425 667 2469 nou
696 2425 874 2489 possumus
909 2403 976 2469 illis
1015 2415 1157 2479 praeceptis
1166 2412 1205 2478 ω)
1241 2397 1447 2479 satisfacere,
1492 2405 1699 2469 contentione
1721 2406 1764 2469 ad
1786 2407 1984 2490 patientiam,
2005 2407 2048 2472 ad
2066 2402 2319 2472 dissimulandas
2338 2419 2371 2472 et
2387 2429 2464 2492 per·

476 2491 586 2562 inim
608 2493 767 2574 cognosci
788 2511 829 2554 ea
849 2500 999 2574 oportet,
1020 2499 1057 2553 ut
1077 2489 1221 2552 sciamus
1241 2487 1340 2551 nobis
1362 2504 1447 2568 opus
1489 2486 1645 2553 ferendas
1677 2490 1824 2555 iniurias
1872 2490 1966 2556 lianc
1999 2492 2149 2556 virtutem
2182 2493 2342 2574 privatam
2374 2513 2463 2560 com-

478 2571 556 2642 essa
573 2573 815 2649 misericordiat
836 2576 925 2651 item,
946 2584 983 2637 ut
1003 2572 1113 2657 aliqua
1129 2591 1171 2636 ex
1184 2581 1281 2656 perte
1295 2570 1446 2653 proficia-
1490 2573 1643 2637 mendant
1664 2585 1696 2637 et
1712 2576 1916 2659 praecipiunt
1925 2573 2009 2641 tales
2019 2572 2086 2639 loci
2097 2576 2140 2640 de
2156 2577 2315 2653 vindicta3
2334 2590 2367 2642 et
2383 2579 2464 2642 inia-

476 2677 567 2730 mus·
591 2655 705 2721 Verba
726 2656 850 2722 Christi
871 2656 961 2722 clare
983 2669 1143 2722 testantur
1163 2655 1249 2721 haec
1292 2663 1447 2737 raecepta
1490 2659 1597 2742 ginern
1624 2657 1722 2723 huius
1749 2660 1876 2724 virmtis
1910 2662 2061 2725 videmus
2088 2661 2122 2724 in
2152 2658 2297 2726 Christo.
2350 2659 2464 2734 Quare

477 2676 1446 2900 erarecremarentra
1489 2742 1595 2910 ait
1616 2753 1865 2910 mirra
1879 2743 2464 2914 mir

911 2872 921 2905 2
1313 2867 1321 2884 ⁰
1847 2874 1857 2906 2
2448 2867 2462 2881 '

478 2909 567 2988 [ibid.
589 2927 640 2974 vs.
660 2909 745 2988 284:
785 2910 900 2975 Omnis
927 2912 984 2995 qui
1006 2912 1094 2976 videt
1115 2906 1282 2973 mulierem
1303 2908 1446 2971 adcon
1490 2912 1623 2975 ditatam
1645 2913 1809 2978 vindictae
1830 2915 2000 2978 ardentem
2019 2915 2053 2978 in
2074 2911 2139 2978 hac
2160 2913 2314 2983 imbecilli
2332 2925 2460 2982 namra.

478 2993 709 3080 cupiscendam
730 3013 814 3074 earu,
834 2996 899 3059 iam
915 2993 1107 3059 moechatus
1129 2995 1235 3057 estin
1258 2992 1359 3056 corde
1380 3002 1445 3056 ete.
1490 2994 1583 3059 Haec
1603 2998 1707 3060 virtus
1730 3010 1781 3061 est
1804 2996 1911 3063 cultus
1934 2997 2008 3062 Deo
2027 3001 2254 3083 gratissimus,
2276 3012 2309 3064 et
2331 3011 2383 3065 est
2404 3018 2461 3065 ne-

561 3077 685 3143 Postea
710 3076 776 3143 loci
803 3080 845 3143 de
874 3080 1018 3144 vindicta
1039 3080 1136 3142 etiam
1157 3088 1235 3142 sunt
1255 3086 1445 3159 praecepta,
1490 3080 1638 3143 cessaria
1664 3081 1708 3145 ad
1737 3084 1947 3147 concordiam
1975 3080 2145 3147 Ecclesiae
2166 3096 2199 3147 et
2221 3104 2330 3148 rerum
2351 3083 2462 3166 politi·

498 3161 649 3230 rohihent
670 3165 756 3228 enim
776 3163 952 3228 vindictam
972 3165 1149 3248 privatam,
1176 3161 1242 3227 hoc
1265 3170 1333 3239 est,
1355 3160 1445 3244 cupi·
1490 3184 1602 3232 carum
1624 3168 1895 3232 conservandam
1915 3199 1930 3226 ι
1949 3167 2034 3232 Nam
2054 3179 2087 3234 et
2107 3168 2140 3231 in
2161 3165 2332 3245 Ecclesia,
2360 3180 2393 3230 et
2427 3171 2462 3232 in

475 3184 610 3314 ditatam
634 3248 810 3326 vindictae,
838 3256 872 3311 et
892 3267 965 3312 eam
985 3247 1180 3325 vindictam,
1209 3263 1295 3330 quae
1315 3243 1352 3307 fit
1372 3246 1444 3309 sinc
1489 3248 1640 3313 omnibus
1668 3250 1811 3334 imperiis
1837 3253 1967 3316 maximi
1996 3247 2150 3316 tumultus
2174 3253 2236 3315 orti
2258 3263 2344 3329 sunt,
2366 3249 2462 3317 nulla

474 3333 670 3399 auctoritate
689 3333 915 3419 magistratus.
957 3334 1073 3415 Neque
1094 3351 1175 3395 vero
1199 3327 1320 3394 tollunt
1339 3327 1444 3414 publi·
1488 3329 1553 3397 alia
1584 3350 1626 3397 ex
1658 3351 1777 3412 eausa,
1817 3335 1947 3401 nisiex
1981 3336 2155 3421 cupiditate
2186 3337 2359 3402 vindictae·
2416 3335 2463 3400 Et

474 3437 549 3482 caru
572 3417 766 3494 vindictam,
798 3437 884 3501 quae
915 3428 1087 3481 exercetur
1117 3435 1179 3500 per
1205 3415 1441 3499 magistratum.
1487 3417 1597 3481 existit
1627 3414 1681 3482 hic
1713 3417 1806 3485 furor
1831 3423 2008 3505 praecipue
2034 3423 2067 3485 in
2095 3420 2275 3486 ambitiosis
2304 3422 2460 3507 ingeniis.

474 3501 560 3578 Quia
580 3501 666 3566 enlm
686 3510 817 3565 constat
832 3498 1016 3585 Evangelio
1036 3520 1104 3565 non
1126 3497 1252 3565 aboleri
1270 3519 1304 3562 m
1349 3500 1443 3563 'tra-
1487 3501 1664 3568 Discamns
1685 3504 1783 3589 igitur
1810 3508 1968 3569 maximas
1996 3525 2052 3570 res
2077 3507 2240 3591 praecipi,
2268 3527 2344 3570 cum
2365 3503 2460 3576 chri·

474 3597 539 3666 tus,
559 3585 620 3650 sed
640 3580 743 3650 multo
763 3586 868 3670 magis
891 3585 1088 3664 confirmari,
1109 3597 1146 3650 ut
1165 3593 1305 3648 testamr
1345 3579 1442 3648 aulus
1485 3598 1559 3650 stus
1587 3586 1629 3650 de
1657 3589 1801 3653 vindicta
1823 3592 2048 3656 concionatur.
2091 3590 2167 3656 Non
2189 3588 2359 3656 eludamus
2381 3611 2458 3656 san·

472 3669 568 3736 Rom.
582 3668 633 3735 la.
647 3675 711 3749 [vs.
721 3667 937 3749 l.];necese
947 3681 1000 3734 est
1010 3671 1045 3733 in
1055 3667 1121 3733 illis
1137 3666 1260 3732 Christi
1271 3669 1442 3733 sententiis
1486 3670 1632 3735 ctisshna
1675 3675 1830 3756 raecepta
1855 3671 1913 3739 illo
1938 3672 2056 3777 frigido
2079 3686 2264 3741 commento
2286 3676 2329 3742 de
2348 3678 2457 3744 consi·

473 3766 597 3821 tantum
618 3753 784 3838 prohiberi
801 3754 977 3818 vindictam
992 3755 1164 3855 privatam.
1192 3751 1306 3852 ltaque
1321 3763 1441 3817 uuum-
1483 3750 1540 3819 lio.
1553 3757 1600 3830 ⁴⁸)
1642 3692 1695 3820 ‚io
1715 3768 1831 3820 nostra
1852 3770 2016 3824 sententia
2036 3780 2111 3824 cum
2129 3762 2172 3825 ad
2190 3762 2289 3826 vitam
2306 3763 2457 3844 sphitua·

474 3860 538 3927 que
568 3849 779 3924 praeceptum
811 3846 881 3912 est3
918 3837 1125 3924 magistratui
1157 3837 1373 3918 praecipitur,
1406 3849 1442 3900 ut
1484 3835 1568 3915 lem,
1600 3849 1668 3902 tmn
1695 3840 1738 3903 ad
1766 3838 1891 3905 civilem
1920 3840 2008 3908 utilis
2034 3856 2102 3922 est,
2135 3847 2237 3910 munit
2263 3847 2348 3910 eninr
2368 3857 2457 3910 trau-

474 3933 629 3990 exerceat
649 3921 826 3985 vindictam
846 3921 936 3984 iuxta
956 3918 1075 4006 legem.
1107 3918 1254 3982 Econtra
1269 3937 1291 3980 a
1306 3920 1442 4000 privatis
1485 3918 1674 4007 quillitatem
1695 3943 1803 3989 rerum
1824 3923 2036 4009 publicarum.
2080 3929 2165 3996 Nam
2182 3942 2214 3995 et
2232 3927 2384 3994 Christus
2406 3941 2456 3994 ta

372 4067 382 4080 ,
473 4005 683 4094 prohibetur3
713 4022 756 4068 ne
787 4014 964 4069 exerceant
993 4004 1181 4068 vindictam.
1229 4000 1316 4065 Vide
1343 4003 1442 4090 igitur
1485 4008 1547 4070 ties
1580 4005 1665 4070 idem
1682 4007 1825 4075 hrculcat
1841 4010 2026 4094 Apostolis,
2059 4033 2101 4078 ne
2123 4015 2295 4091 vindicent,
2315 4024 2352 4078 ut
2385 4016 2456 4078 exi·

475 4109 574 4178 quam
593 4089 771 4154 absurdum
786 4089 839 4165 sit,
883 4089 950 4153 uod
969 4089 1092 4164 dicunt,
1113 4084 1250 4152 consilia
1270 4105 1347 4150 esse
1367 4107 1441 4154 seu-
1484 4100 1553 4154 mat
1584 4092 1632 4154 eis
1664 4090 1783 4158 falsam
1812 4098 2078 4179 persuasionem,
2107 4120 2203 4183 quani
2223 4095 2388 4180 habebant
2410 4097 2456 4162 de

475 4175 595 4242 tentius
615 4174 657 4239 de
677 4172 830 4238 dudleia.
904 4193 957 4238 am
983 4174 1012 4237 si
1033 4169 1204 4238 consilium
1225 4182 1295 4249 est,
1321 4184 1358 4237 ut
1378 4173 1441 4256 ipsi
1485 4193 1589 4260 regno
1611 4174 1744 4242 Christi.
1788 4179 1951 4246 Putabam
1978 4183 2064 4248 enirn
2084 4203 2138 4262 se,
2166 4184 2198 4248 ri
2220 4181 2349 4246 domitis
2372 4201 2455 4268 gen-

475 4257 601 4337 uclum,
618 4255 733 4323 licebit
748 4257 898 4340 privatim
915 4277 1006 4322 arma
1022 4277 1063 4322 ca
1158 4267 1191 4345 ct
1208 4255 1439 4342 vindictam⁴⁴)
1484 4262 1584 4339 tibus,
1607 4275 1826 4346 occupaturos
1848 4285 1925 4330 esse
1946 4286 2049 4352 regna
2075 4269 2195 4333 mundi.
2239 4266 2292 4332 Ab
2313 4265 2381 4334 hoc
2403 4286 2456 4333 er·

475 4361 642 4420 exemere.
689 4340 739 4405 lta
770 4341 879 4405 omnia
910 4353 1004 4405 eruut
1036 4275 1142 4426 pidia:e
1162 4341 1374 4420 seditionum,
1408 4353 1440 4407 at
1484 4363 1560 4409 rore
1595 4360 1731 4412 revocat
1762 4368 1821 4412 eos
1855 4347 2023 4429 Christus,
2064 4371 2138 4418 cum
2171 4354 2270 4435 ipsis,
2303 4349 2457 4417 videlicet

474 4425 555 4493 nihil
581 4445 665 4518 opus
702 4435 754 4490 est
777 4427 1043 4510 magistratibus.
1086 4425 1252 4503 Econtra,
1281 4428 1312 4490 si
1339 4426 1440 4531 magl-
1482 4431 1634 4513 privatis,
1668 4434 1723 4517 qui
1754 4453 1818 4497 non
1852 4436 2012 4520 gerebant
2043 4437 2268 4522 magistr-atus,
2300 4434 2456 4521 prohibet

474 4522 599 4578 stram
618 4511 745 4598 putabit
765 4510 828 4575 sihi
850 4507 1023 4575 consilium
1038 4511 1120 4588 dari,
1141 4530 1184 4574 ne
1201 4521 1439 4576 exerceatvm·
1481 4513 1666 4580 vindictam.

470 4595 603 4674 'dictem
619 4613 691 4658 uon
710 4596 823 4679 puniet
842 4605 967 4672 sontes,
987 4599 1062 4668 evi)
1088 4592 1231 4680 negliget
1250 4594 1439 4682 suurnoffi·
1760 4653 1768 4670 .
2024 4658 2032 4674 ,
2109 4658 2117 4677 ,
2323 4659 2331 4677 ,

473 4679 569 4758 dum,
590 4688 646 4744 aut
666 4689 756 4742 certe
776 4697 844 4743 nou
864 4676 962 4743 faciet
983 4680 1072 4744 bona
1097 4680 1310 4744 conscientia.
1353 4681 1438 4746 Nam
1567 4647 1715 4734 vulgale
1737 4652 1856 4717 dmm
1878 4664 1946 4718 ⁰⁸⁸²
1991 4654 2066 4720 V¹¹¹¹
2088 4678 2118 4722 Ἦ
2141 4654 2301 4740 felleum
2322 4677 2374 4723 ¹¹¹⁸
2395 4677 2456 4723 Μ·

472 4763 563 4828 bona
590 4780 691 4846 opera
718 4763 838 4828 debent
864 4760 987 4828 habere
1013 4764 1165 4829 mandat,
1185 4763 1268 4841 neq,
1295 4776 1333 4831 ut
1353 4765 1437 4829 κὶα,
1480 4732 1588 4798 turale
1602 4737 1650 4818 4ο)
1681 4737 1842 4800 concedit.
1896 4737 1931 4802 ld
1961 4741 2082 4807 dictum
2103 4740 2252 4846 uonnrdli
2275 4741 2455 4828 reprehen-

486 4849 493 4870 ··
1481 4819 1576 4896 dunt,
1610 4830 1763 4904 tanquam
1791 4835 1914 4908 pugnet
1944 4846 2018 4890 cum
2039 4825 2231 4912 Evangelio.
2274 4825 2346 4914 Ego
2369 4847 2454 4893 vero

473 5034 520 5097 44))
545 5035 590 5085 aut
605 5032 723 5093 mutem,
741 5029 854 5083 addant
870 5032 943 5085 atta
963 5035 987 5082 a.
1008 5033 1130 5083 11—13.
1147 5040 1173 5088 et
1190 5037 1250 5100 opp,
1456 4903 1461 5090 i

473 5133 520 5191 47)
544 5131 621 5184 eam
640 5129 754 5182 asam
770 5132 842 5184 tna
860 5132 883 5185 7.
902 5134 925 5182 s.
945 5135 1064 5187 11-14.
1080 5139 1107 5187 a
1123 5137 1183 5200 opp.
1455 5093 1460 5252 Ι
1478 5105 1526 5171 ⁴⁶)
1544 5106 1694 5172 eremum]
1725 5109 1763 5162 sie
1779 5110 1853 5164 saia
1870 5114 1895 5164 s
1913 5113 1937 5163 s.
1957 5116 1981 5168 a.
2000 5117 2025 5168 a
2047 5118 2073 5168 it
2096 5143 2128 5152 -
2148 5118 2187 5168 ts.
2206 5120 2234 5169 et
2250 5116 2325 5181 appe
2360 5116 2406 5170 rr.
2426 5121 2453 5174 5.

1547 5174 1709 5240 tolleremus;
1744 5177 1816 5232 iiditt
1836 5181 1859 5232 ².
1879 5182 1903 5233 7.
1921 5183 2074 5248 toleremus;
2110 5183 2152 5237 si.
2174 5185 2196 5236 i.
2214 5183 2365 5237 sileremus

473 5231 520 5294 ⁴²)
541 5230 683 5296 onmem]
703 5231 776 5283 Μ
794 5232 819 5281 ⁸·
839 5231 958 5281 ¹¹‘¹³·
975 5237 1002 5285 et
1018 5235 1093 5298 ⁰⁹⁹⁸
1110 5236 1243 5299 ¹⁸l¹¹¹¹⁰¹¹⁸
1455 5257 1458 5330 i
1477 5276 1525 5337 47)
1543 5275 1634 5328 mma
1652 5273 1765 5330 aarum
1782 5281 1855 5333 sris
1873 5284 1898 5334 7.
1917 5285 1941 5336 a.
1963 5284 2069 5338 ii-ie
2088 5289 2113 5337 er
2131 5286 2191 5349 opp.

472 5334 519 5396 47)
542 5323 685 5397 ansanus
703 5329 816 5384 edem
833 5331 906 5384 sua
925 5332 950 5380 ²·
967 5332 1051 5382 ⁶·9·
1070 5335 1188 5385 ¹¹·14·
1207 5339 1234 5390 ‘l
1251 5337 1310 5401 ⁰¹²⁹·
1454 5361 1458 5438 i
1477 5376 1525 5439 rs)
1544 5376 1658 5442 emite]
1678 5379 1751 5433 rua
1770 5384 1795 5434 7.
1814 5384 1838 5435 s.
1858 5386 1964 5438 rr-rr.
1983 5390 2009 5437 er
2027 5387 2103 5451 opu:
2121 5388 2231 5440 sensim

472 5435 519 5493 ⁴⁴)
540 5432 687 5496 mnaso]
703 5432 745 5486 m
766 5435 804 5481 ¹¹·
822 5431 915 5495 sporn
932 5443 1032 5484 ΜΨ
1051 5435 1159 5487 *³¹⁶¹*
1454 5449 1523 5550 ln)
1541 5478 1669 5543 sannis]
1689 5481 1726 5533 se
1742 5482 1815 5535 mia
1834 5486 1858 5535 a.
1876 5487 1892 5536 a
1907 5486 1973 5537 —a
1996 5488 2024 5536 n
2036 5513 2069 5523 -
2089 5490 2130 5538 14.
2150 5497 2176 5542 er
2193 5492 2269 5554 oppa
2286 5490 2360 5543 sua
2384 5495 2403 5539 1.
2425 5493 2451 5541 s.

471 5533 519 5593 ts)
541 5536 568 5584 et
584 5530 698 5585 444447
713 5532 786 5587 saia
804 5533 828 5580 7.
847 5534 871 5582 a.
893 5533 1010 5583 tr-ts
1027 5539 1054 5586 et
1071 5535 1130 5597 bna.
1454 5574 1457 5588 ·
1544 5547 1952 5611 sitsuccessurum
