5859 6734
479 718 544 784 819
1104 718 1215 788 PHIL.
1236 720 1340 788 nfflt..
1358 721 1545 790 SCRIPTA
1565 721 1839 792 nostiliter.
2409 728 2474 796 eno

479 905 577 983 locis,
607 905 662 969 nbi
684 904 899 987 praecipitur,
930 918 966 969 ut
988 907 1031 969 sit
1048 907 1082 969 iu
1104 907 1228 971 renatis
1250 908 1371 974 iustitia
1392 910 1450 974 bo·
1493 910 1702 989 admoneant,
1723 921 1756 975 et
1799 911 1923 975 recatio
1940 907 2044 993 pellet
2064 910 2289 990 securitatem,
2313 912 2407 978 sicut
2427 915 2472 978 in·

480 1008 543 1092 nae
570 990 805 1092 conscientiae.
850 990 879 1051 l.
907 988 986 1054 Tim.
1023 990 1051 1053 1.
1075 997 1139 1069 [vs.
1160 992 1205 1071 5.]
1250 991 1339 1057 Finis
1360 1014 1451 1058 man-
1494 995 1563 1078 quit
1580 993 1739 1060 Salomon
1762 930 1939 1072 ffirovffl,
1953 994 2036 1074 lt‚]:
2058 993 2186 1060 Beatus
2204 996 2471 1082 qnisernperest

479 1073 543 1138 datr
577 1086 629 1139 est
661 1072 792 1176 dilectio
813 1093 855 1137 ex
876 1075 978 1140 corde
998 1095 1093 1157 puro,
1127 1076 1329 1142 conscientia
1350 1080 1448 1157 bona,
1492 1080 1644 1161 pavidus.
1683 1077 1764 1144 item
1793 1076 1922 1155 [iilatth.
1945 1077 1999 1156 36,
2022 1078 2108 1157 41.1ε
2133 1078 2249 1156 Orate,
2270 1099 2318 1145 ue
2340 1083 2470 1148 intretis

478 1158 543 1223 lide
561 1179 628 1223 non
650 1159 739 1223 heta.
1491 1165 1526 1228 in
1544 1164 1768 1228 tentationem.
2184 1183 2186 1188 ·

563 1243 655 1309 'lune
678 1263 759 1327 ergo
781 1263 1020 1330 repugnamus,
1048 1245 1179 1329 quando
1201 1264 1376 1324 cavemus,
1407 1266 1450 1311 ne
1577 1247 1648 1311 Etsi
1677 1247 1777 1332 igitur
1806 1248 1911 1310 morbi
1941 1244 2116 1312 haerentes
2145 1244 2256 1314 adhuc
2286 1250 2322 1313 in
2343 1253 2467 1316 renatis

478 1331 641 1477 scientgsul
655 1340 688 1393 et
720 1327 879 1477 volentsss⁸
903 1332 1122 1478 assentigmur
1153 1330 1313 1478 νιξῑῑίοείοεᾶ1
1305 1332 1447 1434 motibus
1491 1332 1525 1394 in
1557 1330 1622 1396 hac
1651 1332 1719 1395 vita
1746 1343 1779 1396 et
1806 1332 1915 1395 vitiosi
1943 1329 2082 1395 allectus
2109 1352 2177 1396 non
2199 1344 2278 1435 sunt
2301 1331 2388 1399 levia
2410 1348 2468 1400 aut

477 1433 584 1562 ihil
596 1431 817 1580 tuith,
849 1423 1449 1582 .i..¹”.it.t.³⁶.t:.1t...ttt2i
1490 1413 2466 1584 ttituttbtlnitisthtffitiffl

476 1595 727 1665 praecurrentes
749 1582 961 1661 voluntatem,
982 1580 1037 1647 vel
1057 1580 1154 1645 simul
1175 1601 1246 1646 eam
1260 1581 1448 1668 aliquantis·
1488 1605 1562 1649 mae
1583 1583 1750 1650 libidinum
1773 1596 1806 1647 et
1821 1586 1981 1661 odiorum,
2005 1581 2109 1648 multa
2119 1603 2241 1668 magna
2252 1597 2364 1650 errata
2372 1587 2464 1671 igno-

473 1685 537 1752 per
558 1667 741 1750 rapientes,
774 1678 809 1730 ut
829 1664 952 1731 Patulus
973 1668 1091 1751 inquit:
1120 1666 1165 1730 Se
1186 1669 1351 1750 captivum
1373 1670 1447 1733 doci
1489 1671 1615 1734 rantiae
1637 1688 1704 1732 non
1725 1667 1896 1733 affectatae
1918 1679 1950 1731 et
1971 1669 2159 1732 omissionis
2175 1672 2221 1751 ⁷²)
2244 1689 2314 1733 non
2337 1668 2464 1735 affecta·

477 1772 498 1815 s
514 1765 651 1835 peccato
671 1754 706 1815 in
727 1753 893 1816 membris.
929 1750 992 1815 llic
1014 1752 1042 1815 si
1059 1770 1227 1836 repugnas
1250 1771 1313 1816 nec
1331 1765 1447 1818 contra
1488 1764 1563 1830 tae,
1591 1753 1664 1817 Nec
1685 1764 1762 1817 sunt
1784 1764 1909 1817 tantum
1937 1752 2056 1831 ἀταξίαν
2082 1763 2214 1836 praeter
2242 1752 2374 1839 Legem
2392 1753 2465 1832 Dei,

478 1838 713 1901 conscientiam
723 1837 941 1919 obtemperas,
962 1836 1083 1900 retines
1119 1836 1234 1901 ratiam
1246 1848 1279 1901 et
1290 1836 1446 1921 Spiritum
1488 1836 1691 1903 utlionachi
1712 1836 1886 1915 linxerunt,
1918 1838 1979 1900 sed
2001 1855 2082 1901 vere
2102 1847 2179 1900 sunt
2201 1849 2323 1902 contra

477 1931 636 1985 sanctum.
670 1920 763 1985 llaec
783 1918 863 1984 nihil
883 1918 1006 1984 habent
1045 1856 1257 2005 euplexitatis,
1279 1940 1342 1986 nec
1360 1939 1445 2006 opus
1487 1920 2464 1999 Deittamen,donecmanentinrenatisbonaconscientraet

478 2017 531 2071 est
562 2002 725 2069 subtiliter
753 2016 787 2069 et
813 2004 926 2069 Stoice
957 2006 1063 2068 metui
1094 2005 1219 2088 gradus
1248 2024 1445 2071 consensus.
1489 2003 1589 2084 fides,
1616 2017 1726 2070 manet
1748 2007 1844 2071 etiam
1866 2007 2006 2089 Spiritus
2024 2015 2172 2069 sanctos.
2215 2005 2339 2090 Neque
2361 2019 2464 2071 tameo

477 2088 614 2172 Rapitur
635 2092 719 2152 enim
741 2089 870 2154 iniirma
890 2086 1059 2166 voluutas,
1087 2090 1179 2171 prius
1203 2109 1279 2154 uam
1301 2091 1445 2155 animad·
1489 2088 1609 2153 fiducia
1630 2091 1742 2155 nititur
1762 2096 1896 2174 propria
1917 2092 2084 2175 dignitate,
2107 2089 2167 2152 sed
2179 2087 2329 2170 Christo,
2354 2103 2388 2154 et
2403 2104 2463 2157 sta·

477 2185 595 2277 vertat,
616 2175 677 2276 sed
688 2171 767 2239 illud
779 2173 993 2276 spectandum
1004 2183 1067 2276 est,
1087 2174 1177 2256 quod
1206 2171 1291 2240 acile
1308 2172 1445 2260 intelligi
1488 2175 1608 2277 trimus
1638 2193 1679 2238 ex
1707 2175 1925 2256 promissione
1953 2176 2078 2276 ¹¹⁰9&
2099 2175 2206 2258 gratia
2228 2193 2311 2238 esse
2333 2187 2464 2260 propte

475 2256 1225 2429 {tilletdetinebit-'ilius
1247 2260 1445 2408 33333
1488 2255 2462 2422 bibiti.titt·tf⁰ttttit.⁷i.ttibttu

476 2430 537 2493 bus
554 2428 783 2511 poenitentiae,
805 2427 929 2491 timoris
941 2446 983 2491 ac
1000 2426 1085 2505 fidei,
1108 2439 1312 2509 expavescat
1328 2426 1445 2492 volun·
1487 2436 1522 2491 ut
1540 2427 1569 2488 l.
1592 2425 1682 2490 loan.
1705 2426 1736 2490 3.
1760 2432 1826 2507 [νε.
1844 2427 1912 2505 lb]
1941 2426 2072 2490 dicitur:
2107 2425 2190 2489 Cum
2221 2445 2285 2490 cor
2314 2441 2461 2493 nostrum

475 2523 529 2575 tas
552 2505 750 2596 cogitatione
771 2512 841 2575 irae
859 2511 935 2588 Dei,
957 2509 1105 2595 deploret
1125 2509 1355 2590 iniimnitatem,
1378 2530 1445 2576 me·
1487 2529 1554 2573 non
1576 2510 1772 2575 condemnat
1793 2529 1868 2588 nos,
1890 2510 2044 2575 fiduciam
2065 2508 2225 2574 habemus
2244 2529 2331 2596 erge
2346 2510 2460 2589 Deum,

476 2607 546 2660 tnat
567 2597 702 2660 insidias
725 2593 876 2674 Diaboli,
905 2596 1179 2660 condonationem
1199 2607 1290 2679 petat
1310 2606 1445 2680 propter
1488 2607 1537 2673 et,
1570 2594 1661 2680 qnod
1681 2596 1840 2742 ἵῑὶηιιιε,
1874 2595 2088 2678 accipiemus,
2115 2592 2191 2678 qnia
2212 2596 2376 2661 mandata
2397 2599 2460 2662 eins

475 2677 654 2757 Christum,
679 2690 771 2763 petat
788 2691 820 2744 et
837 2676 990 2744 auxilinm
1008 2680 1149 2763 Spiritus
1167 2681 1285 2758 sancti,
1307 2681 1445 2764 promis·
1487 2697 1670 2757 servamus,
1716 2699 1758 2743 oc
1779 2689 1843 2757 est,
1865 2679 2028 2743 credimus
2042 2675 2266 2756 inchristum,
2290 2692 2326 2743 et
2349 2682 2459 2745 retine

477 2766 588 2829 siones
599 2766 780 2830 revocetin
796 2765 987 2828 memoriam
1007 2774 1041 2827 et
1061 2774 1216 2848 tanquam
1231 2765 1275 2827 ad
1291 2782 1444 2848 magnum
1486 2782 1560 2826 rnus
1588 2765 1709 2827 honam
1736 2764 1982 2828 conscientiam
2031 2763 2179 2830 Necesse
2212 2772 2265 2825 est
2294 2775 2409 2830 autem
2431 2777 2459 2829 et

499 2847 637 2915 reelium
653 2866 730 2931 sep
811 2857 892 2926 aret,
914 2866 982 2910 non
1003 2845 1150 2911 admittat
1174 2844 1362 2923 illecebras,
1384 2847 1445 2911 sed
1486 2844 1553 2909 hoc
1573 2847 1663 2925 seiri,
1687 2848 1923 2912 conscientiam
1944 2857 2100 2930 oportere
2121 2865 2158 2909 re
2215 2848 2322 2911 verbo
2346 2848 2420 2912 Dei.

475 2869 606 2999 lortiter
626 2951 685 2998 eas
709 2951 789 3016 repe
836 2941 864 3010 t,
886 2931 1083 2996 occasiones
1108 2933 1198 2996 vitet.
1241 2931 1371 2996 liabent
1392 2952 1443 2995 re·
1570 2928 1648 2994 Dixi
1680 2931 1723 2993 de
1753 2928 1874 2995 veniali
1904 2941 2055 3015 peccato.
2212 2949 2289 2994 curn
2321 2931 2374 3011 hl,
2409 2933 2458 3017 qui

475 3018 543 3082 nati
565 3017 720 3101 Spiritum
749 3027 917 3094 sanctum,
946 3014 1035 3079 huno
1055 3035 1122 3079 non
1140 3018 1337 3081 conturbent
1354 3014 1444 3080 alen·
1486 3011 1618 3079 inerunt
1644 3016 1766 3092 renati,
1792 3015 1935 3079 scientes
1962 3025 1995 3078 et
2015 3013 2166 3079 volentes
2187 3011 2316 3081 violant
2337 3015 2458 3103 hegen

474 3101 527 3198 dis
547 3101 833 3252 etpptccendendist
831 3101 943 3202 pravis
960 3101 1197 3249 minbmffiff
1207 3101 1315 3165 sciant
1331 3101 1443 3247 daton:
1485 3098 1562 3247 ξὶΐίἱ,
1584 3109 1620 3246 rtrt
1642 3119 1717 3164 cum
1734 3097 1984 3247 amplectunltmi
1992 3100 2107 3183 impias
2119 3100 2301 3248 toplrrgones
2322 3112 2458 3248 8υὲὼῖ-

473 3203 640 3349 meare,
650 3205 799 3355 ¹hlsipheig
795 3230 862 3335 noh
870 3203 1085 3352 qelllpehlhnlhns
1097 3288 1182 3347 enm,
1191 3203 1264 3334 ¹¹sh⁸d
1271 3203 1442 3355 highrgnh·
1484 3181 2456 3346 amihiliorrlffsilnsrhtmihllhlhihurhljearlllddffeuhhlnhmerms

473 3373 547 3422 mne
569 3355 698 3419 vitiosis
721 3356 874 3422 motibus.
929 3355 1007 3418 ldeo
1034 3353 1155 3417 dictum
1177 3365 1229 3418 est
1250 3355 1282 3416 3.
1308 3290 1385 3418 gor.
1410 3352 1440 3417 6.
1484 3347 1580 3418 fectis
1603 3363 1702 3417 rnunt
1731 3361 1847 3417 contra
1866 3351 1992 3438 Legem
2015 3349 2096 3428 Dei,
2130 3362 2166 3416 ut
2187 3350 2297 3417 David
2325 3354 2457 3437 rapiens

473 3443 540 3519 [vs.
559 3439 604 3518 1.]
622 3436 846 3504 Adhortamur
861 3457 936 3515 vos,
952 3458 994 3502 ne
1012 3435 1138 3502 frustra
1182 3438 1297 3502 tatiani
1307 3437 1370 3502 Dei
1387 3457 1442 3501 ac·
1485 3434 1624 3501 alienam
1652 3437 1826 3522 coniugem
1853 3446 1886 3500 et
1917 3446 2028 3500 astute
2055 3438 2205 3500 maritum
2237 3435 2454 3500 interficiens:

474 3524 637 3607 ceperitis.
670 3522 805 3590 Poterat
821 3522 932 3588 David
953 3524 1095 3587 retinere
1113 3458 1441 3604 Splritumsanctum,
1484 3519 1557 3584 liae
1578 3522 1728 3586 actiones
1746 3530 1863 3584 eontra
1883 3520 2119 3585 conscientiam
2136 3530 2456 3605 suntpeccatamor·

473 3618 507 3672 et
522 3609 565 3672 ab
583 3625 624 3672 eo
645 3609 776 3674 adiutus
793 3604 921 3685 ilrisset,
938 3608 1001 3671 nisi
1015 3604 1132 3670 volens
1144 3625 1218 3670 enm
1236 3608 1442 3672 excussisset
1483 3602 1573 3684 talio,
1595 3625 1680 3690 quae
1701 3605 1874 3669 admittens
1896 3605 2012 3669 amittit
2033 3607 2183 3708 gratiam,
2206 3603 2307 3669 iidem
2328 3615 2361 3668 et
2384 3603 2456 3708 Spi-

473 3702 505 3755 et
527 3690 644 3757 volens
664 3691 803 3758 aluisset
818 3693 1003 3757 incendium
1020 3695 1053 3755 in
1070 3693 1178 3755 animo
1196 3703 1314 3756 ortum.
1482 3692 1578 3754 ritum
1600 3701 1768 3767 sanetum,
1801 3701 1834 3752 et
1855 3689 1996 3753 accersit
2021 3691 2084 3753 subi
2105 3691 2186 3753 iram
2206 3687 2291 3767 Dei,
2313 3710 2376 3767 ac,
2398 3690 2456 3752 ursi

556 3775 701 3841 Plurima
728 3774 877 3859 exempla
904 3794 1104 3842 summorum
1131 3775 1277 3840 virorum
1290 3777 1337 3860 ⁰⁸)
1366 3795 1440 3858 pro·
1482 3793 1598 3838 mrsus
1620 3775 1663 3838 ad
1683 3773 1793 3838 Deum
1820 3783 2048 3851 convertatur,
2076 3774 2227 3838 obiicitur
2246 3775 2281 3837 in
2304 3785 2456 3839 aeternos

471 3857 1440 4029 rtir.rutrurut‘0.¹rri.rte‚urniti
1659 3859 2055 4028 u...
2077 3859 2222 4006 sur
2247 3860 2455 4027 irtus

926 3990 938 4022 9
1123 3988 1133 4019 2
1367 3988 1378 4022 l
2203 3986 2213 4018 9

464 4024 1441 4198 hllpvrllllssrhhhhnmcla'reetetll)thlhelgfhloshhhhhll'lugghh}
1480 3963 1959 4177 Bml*elsntivrllhhlrl⁰manil'esta'
1976 4111 2060 4176 baec
2082 4121 2168 4175 sunt
2189 4096 2273 4193 Eph.
2288 4112 2323 4175 5.
2339 4119 2396 4191 [νε
2407 4109 2451 4188 5.]

472 4198 505 4263 id
526 4209 589 4275 est,
614 4218 686 4263 cum
709 4208 823 4263 essent
840 4198 942 4261 saturi
964 4207 997 4261 et
1018 4197 1138 4273 securi,
1157 4194 1249 4260 obliti
1266 4209 1343 4261 snnt
1363 4196 1439 4274 Dei,
1480 4194 1553 4260 Hoc
1575 4196 1705 4272 scitote,
1727 4195 1816 4280 quod
1832 4196 1938 4261 omnis
1951 4205 2116 4260 scortator
2125 4206 2183 4259 aut
2193 4196 2381 4278 inpudicus
2393 4205 2453 4259 etc

471 4297 504 4349 et
519 4279 599 4356 lacti
617 4293 693 4347 suut
710 4281 966 4367 negligentiores
988 4292 1021 4345 et
1037 4279 1273 4364 petulantiores
1291 4292 1353 4346 etc.
1396 4281 1440 4345 Et
1480 4278 1672 4345 nonhabet
1697 4279 1931 4344 haereditatem
1957 4281 1991 4345 in
2016 4298 2121 4367 regno
2142 4279 2216 4344 Dei.
2261 4279 2373 4345 Nemo
2393 4299 2454 4343 vos

470 4380 584 4434 notnnr
608 4378 661 4432 est
683 4369 837 4433 usitatum
854 4367 990 4432 dictum:
1019 4366 1199 4432 Luxuriant
1220 4367 1318 4430 animi
1339 4368 1438 4430 rebus
1481 4363 1621 4448 decipiat
1648 4366 1742 4429 vanis
1770 4366 1995 4443 sermonibus,
2026 4375 2163 4448 propter
2188 4362 2272 4427 haec
2296 4366 2388 4430 venit
2410 4365 2456 4427 ira

469 4452 661 4539 plerumque
677 4453 842 4517 secrmdis.
856 4455 901 4524 ⁷¹)
936 4450 988 4514 Ac
999 4451 1114 4515 circuit
1122 4448 1283 4517 Diabolus
1293 4452 1438 4515 intentus
1480 4446 1544 4511 Dei
1562 4449 1726 4515 adversus
1742 4449 1977 4514 inobedientes.
2014 4447 2113 4514 Clare
2126 4448 2328 4528 dictumest,
2352 4448 2455 4514 Deum

469 4541 503 4604 iu
525 4538 732 4614 occasiones,
753 4547 790 4601 ut
809 4538 961 4600 incantos
982 4534 1127 4620 implicet
1142 4534 1290 4618 lapsibus
1307 4535 1439 4599 inextri-
1479 4533 1578 4598 irasci
1589 4532 1721 4612 talibus,
1728 4533 1835 4598 donec
1848 4533 1987 4597 retinent
1996 4532 2197 4598 voluntatem
2209 4531 2288 4596 talio
2302 4530 2456 4600 iacienth.

470 4620 641 4688 mellitus.
685 4621 781 4686 Texit
803 4620 887 4685 enim
910 4617 1043 4708 longam
1061 4617 1170 4698 telam,
1194 4621 1283 4684 videt
1307 4638 1351 4684 ex
1371 4637 1438 4683 nno
1564 4617 1686 4684 Ezech.
1710 4617 1763 4683 33.
1794 4623 1857 4696 [νε.
1883 4615 1923 4680 18
1935 4624 2008 4765 Pl]
2042 4615 2125 4682 Cum
2147 4619 2328 4682 recesserit
2351 4619 2455 4683 iustus

1933 4723 1967 4765 rn

469 4703 566 4792 lspso
580 4702 684 4770 multa
704 4702 792 4770 mala
814 4716 970 4770 secutura
986 4723 1075 4782 esse,
1096 4715 1132 4768 ut
1154 4723 1196 4767 ex
1219 4700 1314 4787 lapsu
1332 4702 1438 4779 Adae,
1481 4703 1640 4769 aiustitia
1660 4722 1723 4768 sua
1744 4714 1776 4766 et
1796 4698 1914 4765 lecerit
1980 4704 2147 4786 quitatem,
2171 4703 2330 4766 morietur
2348 4703 2383 4766 in
2399 4721 2456 4772 ea;

469 4787 628 4868 Davidis,
654 4788 860 4868 salomona,
889 4799 1014 4872 quanta
1038 4785 1144 4853 moles
1170 4798 1383 4871 peccatorum
1405 4799 1438 4850 et
1481 4797 1514 4849 et
1536 4807 1610 4853 eum
1631 4786 1808 4852 recesserit
1828 4786 1946 4868 bnpius
1968 4789 2010 4851 ab
2028 4788 2191 4869 impietate
2207 4805 2269 4850 sua
2287 4797 2322 4850 et
2342 4784 2457 4852 iecerit

470 4873 692 4939 calmnltatum
724 4886 841 4941 secuta
873 4874 939 4938 est!
984 4871 1075 4936 llaec
1104 4871 1256 4956 exempla
1278 4883 1311 4935 et
1331 4872 1437 4956 quoti·
1479 4870 1634 4937 iudicium
1656 4883 1689 4935 et
1710 4872 1882 4949 iustitiam
1903 4873 1992 4936 vivet
2013 4872 2047 4934 in
2069 4889 2118 4934 ea

470 4958 588 5024 dianae
596 4969 736 5023 naturae
746 4955 949 5030 calamitates
959 4975 1089 5040 semper
1099 4957 1240 5021 nobisin
1258 4967 1438 5039 conspectu
1564 4955 1690 5019 Eodem
1711 4957 1809 5019 modo
1831 4953 2057 5041 intelligantur
2067 4965 2100 5019 et
2111 4954 2195 5020 haec
2207 4956 2304 5020 dicta
2332 4955 2364 5017 l.
2379 4953 2456 5020 Cor.

470 5045 535 5118 sint
554 5061 597 5108 ac
617 5059 680 5106 nos
702 5044 744 5106 de
759 5041 909 5116 horribili
929 5043 978 5106 ira
999 5039 1063 5103 Dei
1084 5041 1245 5105 adversus
1265 5050 1438 5124 peccatum
1479 5038 1508 5103 6.
1534 5044 1599 5118 [νε.
1621 5039 1667 5117 9.[
1696 5039 1769 5103 Nec
1789 5051 1992 5104 scortatores
2016 5059 2078 5103 neo
2100 5038 2239 5103 adulteri
2261 5057 2326 5103 nec
2350 5038 2458 5104 idolo-

925 5141 928 5148 ·
1478 5120 1583 5186 latrae
1606 5134 1668 5187 etc.
1690 5125 1907 5207 possidebunt
1928 5143 2064 5229 reqnum
2087 5123 2161 5186 Dei.

470 5195 518 5258 θ’)
533 5196 645 5249 'ml
663 5195 795 5249 mm
811 5196 886 5250 ΗΜ
906 5193 1056 5249 ¹‘¹⁷·'²¹·
1566 5205 1640 5273 Gal.
1663 5206 1695 5272 5.
1714 5214 1780 5289 [νε.
1800 5208 1867 5288 19.]
1895 5205 2071 5273 Manrlesta
2095 5218 2173 5271 sunt
2200 5225 2300 5292 opera
2332 5212 2457 5282 cernis,

470 5295 519 5360 33)
534 5298 626 5359 Aaron,
643 5296 778 5350 mimi
793 5294 866 5349 editt
886 5299 908 5345 1.
928 5295 953 5345 3.
1493 5333 1652 5348 -...

472 5397 725 5464 rotensolen.
744 5397 845 5448 anan
864 5397 905 5446 ss.
925 5396 966 5445 ro.
984 5393 1106 5460 ar-ar„
1131 5397 1203 5459 corp.
1223 5397 1314 5457 με,
1339 5395 1397 5460 opp.
1417 5396 1438 5446 1.
1479 5394 1525 5455 u)
1542 5371 1699 5460 omanus]
1723 5394 1796 5448 sou
1817 5395 1907 5444 1-m.
1932 5395 1973 5444 rs.
1997 5394 2039 5444 rs.
2059 5392 2183 5454 ar-m,
2210 5393 2270 5455 opp.
2289 5397 2314 5442 1.
2333 5398 2360 5447 a.
2379 5399 2456 5451 mn

538 5467 563 5516 2.
580 5477 613 5520 ae
1547 5463 1647 5527 siones;
1664 5462 1738 5516 editt.
1758 5465 1797 5512 lt.
1816 5463 1856 5514 22.
1873 5462 2033 5522 emissionis:
2051 5461 2093 5515 ed
2111 5461 2151 5513 Μ
2169 5461 2326 5516 medones

471 5563 518 5628 u)
536 5568 606 5622 ono.
625 5568 657 5621 oe
674 5571 730 5620 ute
748 5577 797 5619 rm.
814 5566 844 5628 11,
861 5564 919 5615 4³7.
1480 5561 1526 5626 rs)
1544 5561 1653 5627 noun]
1673 5563 1746 5616 ertu
1767 5565 1788 5611 1.
1808 5563 1832 5611 a.
1852 5561 1945 5614 unnor
