5859 6734
427 734 490 801 3ae
873 729 896 792 1.
919 729 1020 795 Loci
1041 727 1315 796 insonuerat:
1338 728 1376 796 G.
1398 728 1611 797 SECUNDA
1631 728 1787 795 EORUM
1808 729 1965 796 AETAS.
2353 734 2419 803 390

428 920 600 986 affectibus
622 917 793 983 flectendis
811 917 854 980 ad
876 927 1000 980 certam
1020 917 1279 980 moderationem
1296 929 1329 980 et
1346 936 1401 981 ae·
1446 918 1569 1001 requiri
1592 913 1702 981 civilia
1712 935 1824 999 opera,
1842 919 1904 981 sed
1913 917 2091 1000 perfectam
2109 919 2327 984 obedientiam
2338 941 2419 1007 erga

429 1002 723 1090 quabtlttaten‚⁸⁰t
744 1021 806 1067 seu
833 1002 1045 1074 suavitatem3
1075 1002 1173 1085 idque
1191 1021 1252 1084 pro
1275 1003 1322 1064 rie
1344 1021 1402 1064 vo·
1446 1001 1571 1076 Deum3
1590 1011 1622 1064 et
1638 1003 1791 1067 accusari
1808 1021 1874 1065 non
1892 1013 2016 1067 tantum
2034 1000 2176 1067 actualia
2216 1014 2339 1085 ereata,
2357 1006 2430 1075 sed¹

430 1102 526 1154 catur
549 1088 664 1167 ἢθικόν.
708 1086 825 1171 Neque
857 1104 940 1149 vero
963 1096 1098 1149 accusat
1129 1097 1227 1150 natur
1262 1105 1314 1149 em
1344 1087 1402 1148 im·
1447 1088 1544 1150 etiam
1578 1096 1727 1150 naturam
1761 1087 1929 1161 vitiosam3
1967 1087 2133 1151 contendit
2211 1109 2275 1151 orn.
2297 1086 2331 1166 3,
2351 1088 2418 1169 234

429 1175 636 1249 munditiem,
664 1192 726 1235 nec
747 1173 868 1237 iudicat
889 1168 946 1234 illa
967 1190 1094 1234 summa
1120 1172 1198 1235 vitia
1225 1171 1404 1253 pugnantia
1447 1188 1562 1234 omnes
1586 1187 1663 1233 reos
1686 1189 1779 1248 esse,
1802 1173 1965 1234 neminem
1988 1170 2056 1256 legi
2080 1169 2283 1236 satisfacere·
2326 1172 2419 1241 Haec

431 1279 505 1324 cerm
526 1259 628 1342 prima
656 1254 787 1334 tabula,
817 1256 1050 1321 dubitationem
1074 1255 1115 1318 de
1136 1254 1228 1330 Deo,
1256 1253 1404 1319 diffiden·
1447 1255 1510 1318 nisi
1528 1255 1685 1333 sciantur,
1703 1276 1771 1318 non
1788 1265 1898 1338 potest
1919 1253 2055 1340 intelligi
2073 1255 2268 1321 beneficium
2286 1253 2420 1336 Christi,

431 1347 507 1408 tiam
527 1353 561 1407 et
577 1339 700 1406 similes
717 1342 853 1405 morbos
871 1341 905 1403 in
922 1350 1039 1403 natura
1055 1339 1196 1403 hominis
1216 1338 1404 1403 haerentes.
1447 1351 1483 1403 ut
1498 1349 1616 1422 postea
1638 1338 1796 1404 dieamus.
1840 1339 1982 1404 Proinde
2004 1342 2038 1403 in
2056 1338 2233 1405 Corinthiis
2257 1340 2360 1421 [11.3,
2379 1341 2421 1407 13

431 1426 477 1492 Ar
497 1427 567 1491 Lex
593 1426 657 1491 Dei
684 1447 751 1490 non
773 1435 898 1489 tantum
911 1425 1055 1508 requirit
1083 1435 1140 1488 aut
1167 1423 1322 1508 prohibet
1349 1444 1406 1489 ex-
1447 1429 1515 1508 sq.]
1533 1422 1600 1488 huc
1623 1423 1850 1488 accommodat
1873 1435 1986 1530 typum
2008 1427 2049 1489 de
2067 1421 2154 1489 facie
2177 1423 2265 1488 Mosi
2291 1422 2419 1501 velata3

432 1525 526 1577 terna
545 1508 652 1587 faeta,
680 1530 748 1574 non
770 1520 894 1574 tanturn
916 1509 1052 1592 requirit
1077 1506 1168 1572 illem
1195 1506 1406 1593 diligentiam,
1447 1511 1493 1573 ait
1510 1506 1650 1573 ludaeos
1668 1527 1735 1571 non
1752 1508 1865 1572 videre
1881 1530 1915 1573 rn
1932 1508 2031 1572 tinem
2048 1507 2081 1573 le
2105 1510 2150 1586 's,
2174 1508 2242 1573 hoc
2262 1520 2328 1588 est,
2351 1530 2419 1575 non

432 1599 474 1661 de
502 1616 568 1680 qua
596 1592 783 1679 philosophi
814 1595 1033 1677 praecipiunt,
1063 1591 1405 1676 cohercendorumffl)
1448 1594 1637 1676 perspicere
1654 1591 1763 1676 legem
1803 1590 1946 1671 erfecte,
1970 1596 2030 1658 sed
2054 1614 2132 1658 veo
2156 1602 2283 1657 mentes
2306 1606 2419 1659 eontra

432 1680 622 1755 affectuum3
640 1680 700 1744 sed
711 1680 846 1763 requhit
856 1689 1004 1744 naturam
1015 1679 1060 1741 ita
1071 1678 1330 1743 consentientem
1339 1676 1407 1762 lagi
1447 1678 1618 1760 impeditas
1636 1696 1725 1740 esse.
1801 1677 1833 1741 bi
1851 1676 1962 1742 velum
1978 1677 2066 1743 hanc
2089 1680 2195 1761 ipsam
2210 1674 2332 1743 selsam
2347 1698 2425 1762 per·-

433 1766 514 1844 Dei,
541 1767 627 1829 sieut
653 1785 742 1829 nune
766 1764 1032 1847 concupiscentia
1055 1772 1218 1848 repugnat
1240 1759 1309 1849 legi
1331 1761 1406 1826 Dei.
1448 1763 1640 1826 suasionem
1655 1759 1821 1847 intelligit,
1843 1759 1910 1826 hoc
1935 1773 2002 1839 est,
2028 1760 2164 1827 carnale
2179 1781 2242 1827 seu
2259 1761 2357 1827 civile
2371 1765 2423 1829 iu·

433 1850 476 1915 Et
498 1851 609 1934 praeci
631 1870 673 1914 ue
702 1850 837 1932 requirit
863 1850 1011 1912 notitiem
1031 1848 1095 1913 Dei
1119 1848 1265 1927 lirmmn,
1293 1867 1408 1911 veram
1449 1846 1587 1923 dicium,
1604 1847 1695 1930 quod
1711 1843 1766 1911 lex
1783 1855 1907 1911 tantum
1924 1848 2068 1930 requirat
2086 1844 2195 1912 civilia
2212 1865 2330 1930 opera,
2352 1868 2420 1913 non

433 1936 581 1999 timorem
631 1937 678 2010 ei,
705 1933 829 1998 firmam
853 1932 1004 1997 fiduciam
1021 1933 1104 2010 Dei,
1127 1929 1306 2017 perlectam
1329 1928 1408 1996 dile·
1449 1941 1587 1996 accuset
1614 1941 1764 1995 naturam
1791 1931 1962 2010 vitiosam,
1990 1933 2080 2015 quod
2104 1930 2172 2017 legi
2193 1930 2331 1996 satisfiat
2361 1950 2421 2016 per

434 2021 590 2093 ctionem3
608 2029 745 2084 accusat
765 2019 903 2082 vitiosos
926 2017 1064 2082 affectis
1086 2028 1120 2081 et
1139 2019 1246 2101 ipsam
1270 2026 1409 2081 naturae
1449 2013 1535 2079 hanc
1560 2014 1761 2099 diligentiam
1783 2014 1977 2094 humanam,
2001 2016 2090 2100 quod
2112 2018 2178 2080 sint
2193 2018 2270 2081 iusti
2290 2029 2422 2100 propter

434 2104 682 2180 immunditiem,
711 2122 773 2166 seu
794 2103 1095 2185 concupiscentiam
1111 2104 1292 2186 parientem
1314 2101 1407 2164 vitio·
1449 2122 1470 2164 o
1514 2120 1561 2178 ra,
1584 2100 1646 2163 etsi
1671 2101 1799 2163 interim
1823 2099 1925 2165 corda
1947 2097 2049 2183 plena
2065 2112 2142 2165 sunt
2167 2102 2367 2165 dubitatione
2390 2112 2423 2167 ct

434 2208 492 2252 sos
513 2187 661 2253 affectus.
703 2187 779 2252 Hoc
801 2188 901 2251 sentit
922 2185 1058 2265 Paulus,
1083 2206 1158 2251 eum
1173 2187 1278 2271 inquit
1299 2183 1407 2263 [Rom.
1449 2120 1523 2249 chres
1541 2184 1668 2248 vitiosis
1685 2181 1869 2249 affectibus.
1912 2182 1988 2248 Hoc
2011 2180 2122 2249 velum
2146 2183 2218 2264 tolli
2241 2186 2339 2251 docet
2361 2206 2423 2270 per

435 2274 468 2348 7,
481 2273 562 2351 141:
581 2272 652 2335 Lex
670 2283 722 2336 est
733 2270 925 2355 spiritualis,
939 2269 1006 2336 hoc
1018 2283 1081 2347 est,
1099 2269 1281 2355 spiritualia
1297 2269 1405 2353 requi·
1449 2267 1631 2345 Christum,
1650 2288 1726 2332 eum
1743 2266 1897 2333 videlicet
1912 2270 2144 2353 agnoscimus,
2167 2289 2229 2333 nos
2247 2289 2325 2335 esse
2344 2288 2422 2335 reos

433 2377 531 2432 rens,
552 2376 664 2420 veram
688 2356 752 2420 Dei
774 2356 939 2432 notitiam,
961 2375 1076 2421 verum
1101 2357 1267 2430 timorem,
1295 2374 1408 2418 veram
1448 2355 1519 2417 irae
1535 2352 1619 2428 Dei,
1636 2372 1700 2416 nee
1715 2372 1819 2436 posse
1836 2349 2030 2418 satisfacere
2046 2350 2114 2438 legi
2130 2353 2212 2432 Dei,
2235 2376 2276 2419 ac
2292 2357 2422 2441 qnaeri-

433 2442 596 2516 fiduciam,
613 2437 792 2522 perfectam
809 2437 1029 2517 dilectionem,
1048 2441 1135 2504 sieut
1150 2438 1276 2504 aitLex
1294 2437 1407 2517 [Dent.
1449 2456 1524 2502 mus
1557 2438 1833 2515 misericordiam,
1868 2450 1901 2502 et
1930 2441 2102 2503 statuimus
2130 2458 2193 2502 nos
2221 2440 2423 2522 pronuntiat

433 2526 468 2601 s,
479 2524 539 2605 5.]=
559 2522 688 2608 Diliges
706 2523 882 2588 Dominum
894 2522 1008 2587 2Deum
1033 2534 1123 2588 tuum
1145 2543 1186 2587 ex
1208 2534 1279 2587 toto
1298 2522 1408 2586 corde.
1448 2524 1556 2587 iustos
1580 2532 1715 2605 propter
1739 2519 1916 2587 Cluistum.
1960 2520 2070 2608 Atque
2092 2525 2136 2588 ita
2151 2522 2280 2588 liberati
2297 2524 2423 2601 dubiu-

416 2609 509 2673 ¹lloe
531 2609 707 2673 discrimen
729 2607 813 2692 legis
836 2607 899 2672 Dei
927 2618 960 2671 et
977 2605 1087 2693 legum
1114 2606 1328 2672 humanarum
1350 2625 1409 2670 seu
1449 2609 1538 2671 tione
1570 2626 1650 2670 vere
1750 2609 1896 2671 oseimus
1929 2616 1962 2671 et
1994 2609 2187 2673 invocamus
2214 2607 2324 2674 Deum
2357 2606 2421 2675 et'c.

435 2692 665 2778 philosophiae
682 2713 756 2755 curn
773 2712 840 2779 pon
864 2693 1112 2757 considerarent
1129 2689 1329 2757 Scholastiei
1351 2692 1409 2756 do·
1451 2691 1563 2764 Quare
1586 2693 1672 2773 et⁸⁶)
1717 2688 1899 2757 'cholastici
1923 2692 2096 2771 doctoreS,
2126 2714 2212 2763 curn,
2226 2691 2304 2761 illas
2330 2695 2422 2777 ipsas

437 2792 560 2854 ctores,
583 2787 780 2862 pepererrmt
796 2775 917 2841 multos
940 2796 1084 2841 errores.
1450 2775 1602 2843 Iudaicas
1635 2787 1667 2839 et
1694 2773 1846 2840 carnales
1877 2779 2049 2859 opiniones
2078 2777 2120 2840 de
2150 2776 2242 2863 Lege
2270 2778 2423 2856 doceant,

520 2864 663 2927 Primum
702 2860 866 2926 finxerrmt
898 2859 974 2947 lege
984 2864 1031 2938 ⁸²)
1065 2861 1128 2926 Dei
1160 2881 1228 2927 non
1263 2861 1410 2929 &nutari
1451 2862 1548 2927 etiam
1571 2864 1736 2926 intuentur
1758 2863 1793 2923 in
1815 2857 1933 2925 faeiem
1956 2860 2043 2925 Mosi
2060 2859 2221 2940 velatam,
2249 2882 2312 2929 nec
2332 2872 2423 2927 recte

435 2946 616 3012 naturalem
645 2942 961 3024 imbecillitatem,⁸⁸J
990 2942 1143 3011 videlicet
1172 2946 1410 3030 concupiscen·
1450 2947 1596 3012 iudicant
1613 2946 1655 3010 de
1677 2943 1753 3031 lege
1763 2944 1839 3024 Dei,
1857 2966 1897 3011 ac
1916 2947 2066 3011 doctrina
2083 2966 2196 3011 eorum
2206 2944 2306 3029 plane
2315 2948 2424 3032 ipsum

435 3034 523 3097 tiam.
1451 3028 1562 3095 velum
1583 3041 1650 3109 est,
1674 3050 1739 3114 quo
1763 3029 1835 3095 Lex
1852 3032 2058 3097 obseruatur.
2101 3029 2163 3095 Est
2186 3032 2272 3095 enim
2295 3042 2424 3115 sumpta

520 3116 691 3181 Secundo:
708 3112 775 3200 legi
782 3118 829 3191 ⁸⁴)
847 3115 910 3179 Dei
926 3115 1081 3180 satisfieri
1099 3135 1158 3197 per
1176 3135 1277 3198 opera
1293 3125 1411 3178 nostra
1451 3117 1495 3179 ab
1516 3113 1660 3179 humano
1678 3126 1711 3178 et
1736 3112 1862 3179 carnali
1882 3116 2003 3180 iudicio
2027 3114 2069 3178 de
2085 3112 2229 3200 legibus.
2272 3114 2423 3201 Evange-

437 3202 619 3277 exteriora,
644 3201 737 3276 item,
761 3219 820 3283 per
838 3213 992 3264 conatum
1013 3200 1201 3263 interiorem
1218 3196 1410 3274 voluntatis,
1451 3196 1530 3263 lium
1548 3202 1658 3262 autem
1675 3200 1793 3282 retegit
1801 3197 1889 3262 blosi
1905 3196 2036 3277 faciem,
2055 3220 2129 3263 eum
2140 3200 2424 3282 inpraedicatioue

437 3288 534 3350 etiarn
555 3286 585 3349 si
605 3304 664 3368 rep
712 3296 768 3347 net
785 3286 1065 3367 concupiscentia.
1451 3283 1672 3366 poenitentiae
1695 3283 1851 3359 ostendit,
1875 3284 1954 3366 quid
1977 3301 2057 3348 vere
2072 3280 2128 3346 lex
2152 3284 2311 3367 requirat,
2335 3284 2424 3367 qaod

521 3369 650 3433 Tertio:
664 3307 726 3431 ult
754 3369 883 3452 quidem
905 3369 1034 3452 fingunt
1050 3366 1118 3452 legi
1135 3384 1239 3449 posse
1257 3364 1412 3430 satisfieri
1453 3376 1592 3431 accuset
1609 3385 1733 3430 omnes.
1761 3366 1853 3430 Haec
1870 3365 1961 3431 volui
1977 3368 2067 3431 initio
2085 3369 2230 3432 breviter
2246 3368 2424 3433 admonere

440 3457 510 3519 sine
528 3452 653 3536 Spiritu
670 3463 797 3515 sancto.
1453 3451 1496 3513 de
1525 3450 1714 3514 discrimine
1741 3446 1829 3536 legis
1852 3448 1915 3516 Dei
1943 3462 1976 3516 et
1998 3449 2109 3538 legum
2131 3450 2362 3530 humananun,
2389 3464 2426 3517 ut

522 3538 664 3610 Quarto:
687 3555 755 3597 non
785 3554 862 3599 esse
889 3545 1026 3617 peecata
1049 3533 1301 3609 dubitationem,
1329 3529 1411 3596 diffi-
1454 3536 1609 3612 soiamos,
1628 3535 1706 3618 quid
1722 3532 1778 3598 lex
1793 3533 1858 3599 Dei
1874 3538 2031 3619 requirat,
2050 3547 2083 3600 et
2099 3538 2141 3602 de
2161 3557 2225 3602 usu
2242 3534 2327 3621 legis
2345 3536 2424 3601 divi-

436 3623 577 3687 dentiam
595 3621 636 3684 de
654 3616 824 3684 voluntate
841 3618 904 3683 Dei
922 3629 954 3681 et
976 3614 1097 3683 similes
1120 3628 1241 3681 motus.
1454 3638 1517 3683 nae
1535 3628 1625 3683 recte
1640 3619 1787 3685 iudicare
1804 3621 1982 3704 possimus.

524 3704 662 3776 Quinto:
687 3704 765 3787 quia
787 3701 854 3787 legi
876 3712 992 3787 putant
1015 3700 1211 3768 satisfacere
1235 3702 1413 3780 hominem,
2154 3774 2160 3783 ,

438 3792 567 3876 fingrmt
604 3808 679 3853 eurn
721 3788 841 3852 iustum
866 3788 1077 3935 pronuntiari
1109 3798 1244 3871 propter
1278 3789 1413 3871 propria
1776 3806 1946 3873 Divisio
1974 3806 2095 3895 legum,

440 3893 559 3958 opera,
579 3884 610 3936 et
627 3872 758 3957 quidem
777 3874 848 3936 sine
889 3873 942 3949 de,
959 3872 994 3936 id
1011 3884 1073 3952 est,
1090 3872 1163 3936 sine
1179 3871 1299 3937 fiducia
1316 3873 1412 3936 mise·

443 3957 617 4024 ricordiae.
660 3956 809 4020 Breviter
824 3953 906 4021 nihil
922 3956 1112 4022 discernunt
1128 3959 1213 4021 inter
1234 3976 1307 4023 eam
1323 3958 1414 4022 iusti·
1541 3958 1686 4025 Primum
1711 3958 1821 4025 solent
1841 3958 1906 4025 hae
1927 3962 2059 4044 species
2083 3963 2268 4025 recenseri:
2292 3959 2348 4025 lex
2368 3983 2425 4027 na·

443 4045 539 4119 tiam,
556 4062 655 4126 quam
671 4040 741 4104 Lex
759 4039 824 4104 Dei
842 4042 989 4124 requirit,
1010 4052 1042 4105 et
1059 4061 1159 4125 quam
1176 4042 1297 4106 docent
1318 4039 1413 4127 leges
1454 4054 1565 4122 turae,
1581 4041 1638 4107 lex
1655 4044 1784 4123 divina,
1800 4042 1856 4109 lex
1871 4045 2026 4111 humana.
2068 4044 2178 4131 Leges
2197 4047 2327 4111 divinae
2348 4062 2424 4113 suot

446 4125 600 4211 politicae
617 4123 673 4189 vel
689 4124 908 4208 philosophia.
1455 4125 1570 4217 leges,
1599 4149 1685 4214 quae
1706 4131 1893 4216 ubieunque
1914 4140 2025 4194 extant
2047 4151 2121 4196 erun
2145 4132 2178 4194 in
2194 4128 2291 4193 Mose
2307 4142 2375 4195 tum
2390 4132 2424 4195 in

529 4209 647 4275 Sexto:
671 4209 749 4273 hinc
773 4213 944 4274 extiterunt
966 4211 1061 4274 etiam
1089 4213 1216 4275 somnia
1239 4211 1281 4274 de
1308 4209 1414 4294 perse·
1454 4210 1549 4277 libris
1566 4211 1749 4317 Evangelii.
1792 4215 1861 4281 Sed
1899 4234 1964 4280 uan
1987 4235 2080 4294 uam,
2112 4225 2148 4279 ut
2169 4226 2285 4297 postea
2307 4215 2424 4292 diemo,

446 4299 571 4373 ctione,
595 4296 636 4359 de
663 4292 828 4373 consiliis,
854 4296 895 4359 de
922 4296 1077 4442 oporibus
1101 4296 1413 4380 supererogationis.
1457 4297 1635 4361 Christiani
1651 4296 1748 4362 lrheri
1764 4311 1842 4365 sunt
1857 4236 1970 4384 alege
2017 4301 2079 4376 osi,
2095 4309 2202 4362 tanren
2219 4297 2274 4363 hic
2285 4298 2423 4363 docendi

446 4379 530 4453 Quia
553 4380 637 4443 enim
663 4381 866 4445 somniabant
893 4398 931 4444 se
968 4382 1021 4464 egi
1043 4377 1255 4458 satisfacere,
1282 4381 1415 4445 addide·
1458 4400 1561 4447 eausa
1576 4379 1672 4467 leges
1689 4381 1859 4449 blosaicae
1886 4384 2123 4448 discernendae
2141 4393 2233 4460 sunt,
2257 4394 2293 4446 ut
2307 4394 2423 4466 postea

445 4476 518 4530 runt
534 4466 668 4549 postea,
693 4465 857 4549 quomodo
876 4462 952 4548 plus
971 4467 1067 4528 etiarn
1085 4464 1154 4528 fieri
1171 4466 1293 4548 possit,
1317 4485 1414 4549 quam
1455 4464 1587 4531 facibus
1610 4469 1738 4533 ostendi
1754 4470 1871 4551 possit,
1889 4469 1968 4552 quid
1985 4469 2027 4531 sit
2042 4466 2113 4531 Lex
2134 4478 2288 4543 naturae,
2306 4478 2338 4529 et
2354 4468 2423 4551 qui·

446 4547 498 4614 lex
514 4548 668 4633 postulat.
713 4549 781 4613 Sed
799 4548 840 4611 de
859 4546 1007 4613 eonsihis
1032 4559 1064 4613 et
1080 4545 1284 4633 perfectione
1307 4551 1414 4614 dicam
1457 4553 1521 4616 bns
1546 4548 1676 4636 legibus
1699 4574 1762 4617 nos
1785 4554 1962 4617 debeamus
1987 4552 2213 4615 obedientiam.
2255 4548 2423 4615 Mosaieae

444 4646 567 4716 postea
1456 4633 1489 4700 le
1513 4654 1550 4700 es
1567 4637 1601 4699 in
1618 4648 1686 4700 tres
1705 4638 1837 4701 ordines
1856 4637 2101 4700 distribuuntur.
2144 4631 2241 4699 Aliae
2262 4646 2340 4699 sunt
2355 4654 2423 4699 mo·

529 4718 597 4784 Sed
626 4716 750 4782 Paulus
782 4715 995 4803 belligeratur
1019 4740 1094 4784 cunr
1117 4716 1184 4782 illis
1215 4716 1415 4783 Pharisaicis
1457 4740 1474 4781 r
1509 4741 1558 4797 es,
1576 4718 1661 4785 aliae
1677 4718 1866 4799 iudiciales,
1883 4721 1948 4785 hoc
1971 4731 2033 4797 est,
2049 4717 2213 4797 forenses,
2230 4715 2315 4783 aliae
2332 4738 2423 4785 cere-

446 4804 653 4888 opinionibus
671 4802 713 4864 de
730 4799 816 4885 lege,
835 4813 867 4865 et
884 4805 1026 4868 ostendit
1041 4802 1117 4890 lege
1127 4803 1190 4868 Dei
1207 4824 1274 4868 non
1292 4813 1415 4868 tantum
1456 4801 1629 4869 moniales.
1671 4804 1819 4871 Morales
1841 4824 2018 4882 vocamurr,
2042 4824 2127 4889 quae
2151 4804 2317 4867 continent
2332 4823 2424 4886 prae·

1457 4901 1553 4973 cepta
1576 4892 1747 4969 virtutum,
1770 4911 1855 4976 quae
1879 4892 1922 4955 ad
1940 4908 2055 4953 omnes
2078 4888 2249 4973 pertinent
2291 4886 2333 4952 Et
2349 4888 2424 4973 quia
2546 4926 2551 4937 ·

1383 5061 1385 5067 Ι
1457 4974 1641 5078 decalogus
1667 4977 1809 5078 continet
1837 4995 1996 5077 summam
2022 4972 2135 5038 talium
2157 4984 2424 5057 praeceptommt

446 5114 492 5178 ⁸⁰>
510 5110 980 5243 serenantes
998 5114 1022 5165 ⁵·
1287 5116 1313 5163 ει
1456 5053 2425 5230 exstiterint,rtsrrtnirntri

1457 5239 1584 5306 extant,
1603 5249 1688 5313 quae
1705 5230 1907 5313 praecipiunt
1925 5227 1967 5293 ali
1990 5229 2046 5295 uid
2064 5228 2106 5292 de
2123 5228 2276 5291 virtutum
2287 5246 2308 5287 o
2347 5224 2424 5297 ciis3

448 5284 493 5347 st)
512 5279 738 5345 cohercendorunrl
758 5281 801 5332 Ed.
821 5284 845 5333 t.
864 5281 958 5344 typotb.
976 5291 1078 5333 errore:
1095 5281 1280 5334 cohereendum
1423 5387 1425 5390 Ι
1459 5313 1641 5379 cuiusmodi
1666 5327 1744 5380 sum
1770 5325 1944 5398 praecept,
2001 5334 2066 5378 om·
2093 5309 2144 5375 Γ),
2163 5322 2194 5375 02
2210 5307 2296 5393 glibq
2340 5307 2423 5372 Nam

445 5384 491 5450 82)
509 5382 579 5448 iege]
597 5382 670 5434 editt.
686 5386 711 5434 2.
730 5385 754 5434 t.
774 5384 814 5434 t:
832 5381 884 5444 ieri

445 5487 491 5550 st)
509 5484 962 5548 muntentntecrntatem‚]bottt
974 5484 1413 5547 tt—tt.et0pp.:naturaietitium
1458 5488 1661 5498 “·“··““

445 5585 491 5649 84)
510 5585 573 5648 ren]
590 5583 633 5639 Ed·
654 5586 693 5633 1¹·
713 5585 770 5647 lese
1458 5589 1505 5655 ss)¹
1523 5592 1548 5673 a
1566 5588 1705 5639 enarrem
1723 5587 1797 5640 mre
1815 5586 2040 5649 11-re.etopp.

2221 5681 2275 5735 rs·
