<?xml version="1.0" encoding="UTF-8"?>
<!DOCTYPE html PUBLIC "-//W3C//DTD XHTML 1.0 Transitional//EN"
    "http://www.w3.org/TR/xhtml1/DTD/xhtml1-transitional.dtd">
<html xmlns="http://www.w3.org/1999/xhtml" xml:lang="en" lang="en">
 <head>
  <title>
</title>
<meta http-equiv="Content-Type" content="text/html;charset=utf-8" />
  <meta name='ocr-system' content='tesseract 3.04.00' />
  <meta name='ocr-capabilities' content='ocr_page ocr_carea ocr_par ocr_line ocrx_word'/>
</head>
<body>
  <div class='ocr_page' id='page_1' title='image "./philippimelanth08melagoog_0292.png"; bbox 0 0 5859 6734; ppageno 0'>
   <div class='ocr_carea' id='block_1_1' title="bbox 1192 759 2553 830">
    <p class='ocr_par' dir='ltr' id='par_1_1' title="bbox 1192 759 2553 830">
     <span class='ocr_line' id='line_1_1' title="bbox 1192 759 2553 830; baseline 0.002 -3"><span class='ocrx_word' id='word_1_1' title='bbox 1192 759 1304 827; x_wconf 83' lang='lat' dir='ltr'><strong>l’llll..</strong></span> <span class='ocrx_word' id='word_1_2' title='bbox 1325 761 1428 827; x_wconf 86' lang='lat' dir='ltr'><strong>MEL.</strong></span> <span class='ocrx_word' id='word_1_3' title='bbox 1446 761 1633 829; x_wconf 73' lang='lat' dir='ltr'><strong>scama</strong></span> <span class='ocrx_word' id='word_1_4' title='bbox 1649 761 1923 828; x_wconf 74' lang='lat' dir='ltr'><strong>montanos.</strong></span> <span class='ocrx_word' id='word_1_5' title='bbox 2486 763 2553 830; x_wconf 77' lang='lat'><strong>556</strong></span> 
     </span>
    </p>
   </div>
   <div class='ocr_carea' id='block_1_2' title="bbox 504 944 2556 5646">
    <p class='ocr_par' dir='ltr' id='par_1_2' title="bbox 504 944 2556 5646">
     <span class='ocr_line' id='line_1_2' title="bbox 730 944 2550 1116; baseline 0 -18"><span class='ocrx_word' id='word_1_6' title='bbox 730 1013 791 1077; x_wconf 79' lang='lat' dir='ltr'><strong>aa</strong></span> <span class='ocrx_word' id='word_1_7' title='bbox 813 1013 987 1077; x_wconf 68' lang='lat' dir='ltr'><strong>patrm</strong></span> <span class='ocrx_word' id='word_1_8' title='bbox 1009 1011 1362 1079; x_wconf 66' lang='lat' dir='ltr'><strong>accusamur.</strong></span> <span class='ocrx_word' id='word_1_9' title='bbox 1579 944 1989 1116; x_wconf 59' lang='lat' dir='ltr'><strong>didititiitpi?</strong></span> <span class='ocrx_word' id='word_1_10' title='bbox 2007 947 2550 1098; x_wconf 58' lang='lat' dir='ltr'><strong>tilittititmtisttiii</strong></span> 
     </span>
     <span class='ocr_line' id='line_1_3' title="bbox 1579 1112 2549 1200; baseline 0.002 -20"><span class='ocrx_word' id='word_1_11' title='bbox 1579 1128 1685 1198; x_wconf 89' lang='lat' dir='ltr'><strong>epate,</strong></span> <span class='ocrx_word' id='word_1_12' title='bbox 1708 1117 1826 1180; x_wconf 90' lang='lat' dir='ltr'><strong>deinde</strong></span> <span class='ocrx_word' id='word_1_13' title='bbox 1849 1134 1907 1178; x_wconf 91' lang='lat' dir='ltr'><strong>cor</strong></span> <span class='ocrx_word' id='word_1_14' title='bbox 1928 1135 1970 1178; x_wconf 82' lang='lat' dir='ltr'><strong>ex</strong></span> <span class='ocrx_word' id='word_1_15' title='bbox 1993 1112 2147 1178; x_wconf 79' lang='lat' dir='ltr'><strong>calidiore</strong></span> <span class='ocrx_word' id='word_1_16' title='bbox 2170 1116 2341 1198; x_wconf 78' lang='lat' dir='ltr'><strong>sanguine,</strong></span> <span class='ocrx_word' id='word_1_17' title='bbox 2364 1128 2397 1179; x_wconf 91' lang='lat' dir='ltr'><strong>et</strong></span> <span class='ocrx_word' id='word_1_18' title='bbox 2413 1120 2549 1200; x_wconf 89' lang='lat' dir='ltr'><strong>spiritus</strong></span> 
     </span>
     <span class='ocr_line' id='line_1_4' title="bbox 652 1195 2549 1282; baseline 0.002 -20"><span class='ocrx_word' id='word_1_19' title='bbox 652 1195 746 1262; x_wconf 85' lang='lat' dir='ltr'><strong>Sicut</strong></span> <span class='ocrx_word' id='word_1_20' title='bbox 778 1208 885 1261; x_wconf 90' lang='lat' dir='ltr'><strong>autem</strong></span> <span class='ocrx_word' id='word_1_21' title='bbox 917 1195 1046 1261; x_wconf 90' lang='lat' dir='ltr'><strong>laudavi</strong></span> <span class='ocrx_word' id='word_1_22' title='bbox 1079 1197 1225 1279; x_wconf 82' lang='lat' dir='ltr'><strong>politiam</strong></span> <span class='ocrx_word' id='word_1_23' title='bbox 1256 1199 1470 1273; x_wconf 88' lang='lat' dir='ltr'><strong>mundanam,</strong></span> <span class='ocrx_word' id='word_1_24' title='bbox 1503 1209 1535 1261; x_wconf 89' lang='lat' dir='ltr'><strong>et</strong></span> <span class='ocrx_word' id='word_1_25' title='bbox 1579 1198 1705 1278; x_wconf 87' lang='lat' dir='ltr'><strong>vitalis,</strong></span> <span class='ocrx_word' id='word_1_26' title='bbox 1733 1213 1765 1264; x_wconf 89' lang='lat' dir='ltr'><strong>at</strong></span> <span class='ocrx_word' id='word_1_27' title='bbox 1794 1221 1834 1263; x_wconf 86' lang='lat' dir='ltr'><strong>ex</strong></span> <span class='ocrx_word' id='word_1_28' title='bbox 1857 1201 1980 1262; x_wconf 92' lang='lat' dir='ltr'><strong>semine</strong></span> <span class='ocrx_word' id='word_1_29' title='bbox 2002 1201 2153 1274; x_wconf 79' lang='lat' dir='ltr'><strong>arteriae,</strong></span> <span class='ocrx_word' id='word_1_30' title='bbox 2176 1199 2294 1262; x_wconf 90' lang='lat' dir='ltr'><strong>deinde</strong></span> <span class='ocrx_word' id='word_1_31' title='bbox 2316 1219 2357 1262; x_wconf 89' lang='lat' dir='ltr'><strong>ax</strong></span> <span class='ocrx_word' id='word_1_32' title='bbox 2379 1213 2549 1282; x_wconf 88' lang='lat' dir='ltr'><strong>praestan·</strong></span> 
     </span>
     <span class='ocr_line' id='line_1_5' title="bbox 566 1276 2550 1365; baseline 0.001 -17"><span class='ocrx_word' id='word_1_33' title='bbox 566 1282 631 1348; x_wconf 78' lang='lat' dir='ltr'><strong>dixl</strong></span> <span class='ocrx_word' id='word_1_34' title='bbox 654 1276 924 1346; x_wconf 80' lang='lat' dir='ltr'><strong>assuefaciendus</strong></span> <span class='ocrx_word' id='word_1_35' title='bbox 944 1301 1019 1344; x_wconf 89' lang='lat' dir='ltr'><strong>esse</strong></span> <span class='ocrx_word' id='word_1_36' title='bbox 1039 1284 1178 1361; x_wconf 88' lang='lat' dir='ltr'><strong>animos,</strong></span> <span class='ocrx_word' id='word_1_37' title='bbox 1199 1294 1235 1345; x_wconf 97' lang='grc' dir='ltr'><strong>ιιι</strong></span> <span class='ocrx_word' id='word_1_38' title='bbox 1257 1283 1298 1346; x_wconf 87' lang='lat' dir='ltr'><strong>de</strong></span> <span class='ocrx_word' id='word_1_39' title='bbox 1320 1301 1360 1345; x_wconf 87' lang='lat' dir='ltr'><strong>ea</strong></span> <span class='ocrx_word' id='word_1_40' title='bbox 1380 1301 1534 1346; x_wconf 87' lang='lat' dir='ltr'><strong>reveren·</strong></span> <span class='ocrx_word' id='word_1_41' title='bbox 1577 1286 1705 1349; x_wconf 87' lang='lat' dir='ltr'><strong>tissima</strong></span> <span class='ocrx_word' id='word_1_42' title='bbox 1731 1285 1864 1348; x_wconf 90' lang='lat' dir='ltr'><strong>seminis</strong></span> <span class='ocrx_word' id='word_1_43' title='bbox 1890 1294 1983 1365; x_wconf 89' lang='lat' dir='ltr'><strong>parte</strong></span> <span class='ocrx_word' id='word_1_44' title='bbox 2012 1284 2185 1347; x_wconf 89' lang='lat' dir='ltr'><strong>cerebrum</strong></span> <span class='ocrx_word' id='word_1_45' title='bbox 2207 1301 2248 1346; x_wconf 88' lang='lat' dir='ltr'><strong>ac</strong></span> <span class='ocrx_word' id='word_1_46' title='bbox 2269 1286 2378 1361; x_wconf 89' lang='lat' dir='ltr'><strong>nervi,</strong></span> <span class='ocrx_word' id='word_1_47' title='bbox 2410 1305 2451 1347; x_wconf 87' lang='lat' dir='ltr'><strong>ex</strong></span> <span class='ocrx_word' id='word_1_48' title='bbox 2473 1305 2550 1350; x_wconf 92' lang='lat' dir='ltr'><strong>san-</strong></span> 
     </span>
     <span class='ocr_line' id='line_1_6' title="bbox 565 1367 2079 1453; baseline -0.001 -23"><span class='ocrx_word' id='word_1_49' title='bbox 565 1377 617 1429; x_wconf 89' lang='lat' dir='ltr'><strong>ter</strong></span> <span class='ocrx_word' id='word_1_50' title='bbox 637 1367 780 1430; x_wconf 73' lang='lat' dir='ltr'><strong>sannam</strong></span> <span class='ocrx_word' id='word_1_51' title='bbox 801 1384 937 1447; x_wconf 88' lang='lat' dir='ltr'><strong>eamque</strong></span> <span class='ocrx_word' id='word_1_52' title='bbox 955 1379 1063 1429; x_wconf 89' lang='lat' dir='ltr'><strong>ament</strong></span> <span class='ocrx_word' id='word_1_53' title='bbox 1081 1379 1114 1429; x_wconf 91' lang='lat' dir='ltr'><strong>et</strong></span> <span class='ocrx_word' id='word_1_54' title='bbox 1131 1385 1251 1430; x_wconf 90' lang='lat' dir='ltr'><strong>amare</strong></span> <span class='ocrx_word' id='word_1_55' title='bbox 1271 1386 1312 1431; x_wconf 89' lang='lat' dir='ltr'><strong>ac</strong></span> <span class='ocrx_word' id='word_1_56' title='bbox 1334 1385 1533 1430; x_wconf 85' lang='lat' dir='ltr'><strong>conservare</strong></span> <span class='ocrx_word' id='word_1_57' title='bbox 1577 1369 1687 1453; x_wconf 74' lang='lat' dir='ltr'><strong>garine,</strong></span> <span class='ocrx_word' id='word_1_58' title='bbox 1708 1371 1764 1453; x_wconf 91' lang='lat' dir='ltr'><strong>qui</strong></span> <span class='ocrx_word' id='word_1_59' title='bbox 1784 1367 1966 1446; x_wconf 80' lang='lat' dir='ltr'><strong>attrahitur,</strong></span> <span class='ocrx_word' id='word_1_60' title='bbox 1990 1387 2079 1431; x_wconf 87' lang='lat' dir='ltr'><strong>caro.</strong></span> 
     </span>
     <span class='ocr_line' id='line_1_7' title="bbox 565 1447 2546 1537; baseline 0.003 -25"><span class='ocrx_word' id='word_1_61' title='bbox 565 1450 653 1514; x_wconf 89' lang='lat' dir='ltr'><strong>omni</strong></span> <span class='ocrx_word' id='word_1_62' title='bbox 674 1447 773 1513; x_wconf 87' lang='lat' dir='ltr'><strong>officii</strong></span> <span class='ocrx_word' id='word_1_63' title='bbox 795 1467 919 1534; x_wconf 83' lang='lat' dir='ltr'><strong>genere</strong></span> <span class='ocrx_word' id='word_1_64' title='bbox 939 1452 1110 1528; x_wconf 90' lang='lat' dir='ltr'><strong>studeant,</strong></span> <span class='ocrx_word' id='word_1_65' title='bbox 1132 1453 1178 1514; x_wconf 89' lang='lat' dir='ltr'><strong>ita</strong></span> <span class='ocrx_word' id='word_1_66' title='bbox 1198 1461 1232 1514; x_wconf 91' lang='grc' dir='ltr'><strong>ει</strong></span> <span class='ocrx_word' id='word_1_67' title='bbox 1252 1449 1395 1533; x_wconf 78' lang='lat' dir='ltr'><strong>politiam</strong></span> <span class='ocrx_word' id='word_1_68' title='bbox 1416 1448 1533 1515; x_wconf 89' lang='lat' dir='ltr'><strong>Eccle-</strong></span> <span class='ocrx_word' id='word_1_69' title='bbox 1664 1451 1746 1516; x_wconf 85' lang='lat' dir='ltr'><strong>Cum</strong></span> <span class='ocrx_word' id='word_1_70' title='bbox 1773 1455 1782 1516; x_wconf 94' lang='lat' dir='ltr'><strong>i</strong></span> <span class='ocrx_word' id='word_1_71' title='bbox 1808 1454 1872 1516; x_wconf 86' lang='lat' dir='ltr'><strong>&#39;tur</strong></span> <span class='ocrx_word' id='word_1_72' title='bbox 1900 1471 2005 1515; x_wconf 87' lang='lat' dir='ltr'><strong>venae</strong></span> <span class='ocrx_word' id='word_1_73' title='bbox 2033 1448 2124 1513; x_wconf 84' lang='lat' dir='ltr'><strong>alant</strong></span> <span class='ocrx_word' id='word_1_74' title='bbox 2156 1447 2293 1528; x_wconf 88' lang='lat' dir='ltr'><strong>foetum,</strong></span> <span class='ocrx_word' id='word_1_75' title='bbox 2325 1453 2435 1537; x_wconf 79' lang='lat' dir='ltr'><strong>imago</strong></span> <span class='ocrx_word' id='word_1_76' title='bbox 2468 1466 2546 1517; x_wconf 82' lang='lat' dir='ltr'><strong>sunt</strong></span> 
     </span>
     <span class='ocr_line' id='line_1_8' title="bbox 565 1531 2546 1622; baseline 0.003 -26"><span class='ocrx_word' id='word_1_77' title='bbox 565 1531 734 1598; x_wconf 73' lang='lat' dir='ltr'><strong>maican</strong></span> <span class='ocrx_word' id='word_1_78' title='bbox 765 1551 806 1596; x_wconf 84' lang='lat' dir='ltr'><strong>ex</strong></span> <span class='ocrx_word' id='word_1_79' title='bbox 838 1535 948 1596; x_wconf 91' lang='lat' dir='ltr'><strong>animo</strong></span> <span class='ocrx_word' id='word_1_80' title='bbox 979 1544 1011 1596; x_wconf 90' lang='lat' dir='ltr'><strong>et</strong></span> <span class='ocrx_word' id='word_1_81' title='bbox 1043 1554 1168 1598; x_wconf 76' lang='lat' dir='ltr'><strong>sumnia</strong></span> <span class='ocrx_word' id='word_1_82' title='bbox 1200 1535 1321 1617; x_wconf 88' lang='lat' dir='ltr'><strong>pietate</strong></span> <span class='ocrx_word' id='word_1_83' title='bbox 1353 1549 1463 1598; x_wconf 81' lang='lat' dir='ltr'><strong>amare</strong></span> <span class='ocrx_word' id='word_1_84' title='bbox 1492 1553 1534 1599; x_wconf 91' lang='lat' dir='ltr'><strong>ac</strong></span> <span class='ocrx_word' id='word_1_85' title='bbox 1577 1538 1749 1601; x_wconf 90' lang='lat' dir='ltr'><strong>ministerii</strong></span> <span class='ocrx_word' id='word_1_86' title='bbox 1771 1538 1925 1600; x_wconf 76' lang='lat' dir='ltr'><strong>divinitus</strong></span> <span class='ocrx_word' id='word_1_87' title='bbox 1948 1535 2098 1599; x_wconf 88' lang='lat' dir='ltr'><strong>ordinati.</strong></span> <span class='ocrx_word' id='word_1_88' title='bbox 2142 1535 2225 1598; x_wconf 91' lang='lat' dir='ltr'><strong>Nam</strong></span> <span class='ocrx_word' id='word_1_89' title='bbox 2247 1534 2429 1619; x_wconf 78' lang='lat' dir='ltr'><strong>Evangelio</strong></span> <span class='ocrx_word' id='word_1_90' title='bbox 2451 1559 2546 1622; x_wconf 85' lang='lat' dir='ltr'><strong>rege·</strong></span> 
     </span>
     <span class='ocr_line' id='line_1_9' title="bbox 564 1614 2544 1702; baseline 0.002 -21"><span class='ocrx_word' id='word_1_91' title='bbox 564 1617 714 1696; x_wconf 80' lang='lat' dir='ltr'><strong>venerari</strong></span> <span class='ocrx_word' id='word_1_92' title='bbox 732 1618 899 1680; x_wconf 73' lang='lat' dir='ltr'><strong>(lebetone.</strong></span> <span class='ocrx_word' id='word_1_93' title='bbox 932 1614 1029 1682; x_wconf 84' lang='lat' dir='ltr'><strong>Duae</strong></span> <span class='ocrx_word' id='word_1_94' title='bbox 1046 1631 1153 1682; x_wconf 90' lang='lat' dir='ltr'><strong>antem</strong></span> <span class='ocrx_word' id='word_1_95' title='bbox 1171 1630 1248 1681; x_wconf 87' lang='lat' dir='ltr'><strong>sunt</strong></span> <span class='ocrx_word' id='word_1_96' title='bbox 1269 1629 1380 1701; x_wconf 90' lang='lat' dir='ltr'><strong>partes</strong></span> <span class='ocrx_word' id='word_1_97' title='bbox 1402 1617 1535 1700; x_wconf 85' lang='lat' dir='ltr'><strong>politiae</strong></span> <span class='ocrx_word' id='word_1_98' title='bbox 1578 1633 1734 1685; x_wconf 92' lang='lat' dir='ltr'><strong>nerantur</strong></span> <span class='ocrx_word' id='word_1_99' title='bbox 1756 1634 1788 1684; x_wconf 89' lang='lat' dir='ltr'><strong>et</strong></span> <span class='ocrx_word' id='word_1_100' title='bbox 1808 1618 1939 1686; x_wconf 75' lang='lat' dir='ltr'><strong>alunmr</strong></span> <span class='ocrx_word' id='word_1_101' title='bbox 1960 1622 2013 1702; x_wconf 91' lang='lat' dir='ltr'><strong>pii.</strong></span> <span class='ocrx_word' id='word_1_102' title='bbox 2054 1616 2198 1683; x_wconf 85' lang='lat' dir='ltr'><strong>Chorion</strong></span> <span class='ocrx_word' id='word_1_103' title='bbox 2221 1620 2249 1681; x_wconf 90' lang='lat' dir='ltr'><strong>si</strong></span> <span class='ocrx_word' id='word_1_104' title='bbox 2295 1619 2382 1683; x_wconf 89' lang='lat' dir='ltr'><strong>ificat</strong></span> <span class='ocrx_word' id='word_1_105' title='bbox 2399 1620 2544 1702; x_wconf 86' lang='lat' dir='ltr'><strong>politiam</strong></span> 
     </span>
     <span class='ocr_line' id='line_1_10' title="bbox 564 1697 2543 1780; baseline 0.002 -17"><span class='ocrx_word' id='word_1_106' title='bbox 564 1697 830 1764; x_wconf 85' lang='lat' dir='ltr'><strong>Ecclesiasticae.</strong></span> <span class='ocrx_word' id='word_1_107' title='bbox 863 1697 979 1764; x_wconf 85' lang='lat' dir='ltr'><strong>Altera</strong></span> <span class='ocrx_word' id='word_1_108' title='bbox 1001 1713 1052 1765; x_wconf 88' lang='lat' dir='ltr'><strong>est</strong></span> <span class='ocrx_word' id='word_1_109' title='bbox 1072 1704 1284 1767; x_wconf 86' lang='lat' dir='ltr'><strong>ministerium</strong></span> <span class='ocrx_word' id='word_1_110' title='bbox 1307 1704 1459 1766; x_wconf 76' lang='lat' dir='ltr'><strong>diviniore</strong></span> <span class='ocrx_word' id='word_1_111' title='bbox 1482 1723 1535 1766; x_wconf 84' lang='lat' dir='ltr'><strong>or·</strong></span> <span class='ocrx_word' id='word_1_112' title='bbox 1578 1703 1846 1769; x_wconf 87' lang='lat' dir='ltr'><strong>Ecclesiasticam</strong></span> <span class='ocrx_word' id='word_1_113' title='bbox 1876 1724 1936 1768; x_wconf 90' lang='lat' dir='ltr'><strong>seu</strong></span> <span class='ocrx_word' id='word_1_114' title='bbox 1961 1703 2096 1780; x_wconf 70' lang='grc' dir='ltr'>εὐταξίαν</span> <span class='ocrx_word' id='word_1_115' title='bbox 2118 1705 2159 1766; x_wconf 93' lang='lat' dir='ltr'><strong>ab</strong></span> <span class='ocrx_word' id='word_1_116' title='bbox 2181 1702 2251 1765; x_wconf 90' lang='lat' dir='ltr'><strong>Ecc</strong></span> <span class='ocrx_word' id='word_1_117' title='bbox 2265 1705 2335 1766; x_wconf 88' lang='lat' dir='ltr'><strong>asia</strong></span> <span class='ocrx_word' id='word_1_118' title='bbox 2355 1706 2543 1768; x_wconf 89' lang='lat' dir='ltr'><strong>institutam.</strong></span> 
     </span>
     <span class='ocr_line' id='line_1_11' title="bbox 565 1772 2545 1866; baseline 0.002 -18"><span class='ocrx_word' id='word_1_119' title='bbox 565 1784 726 1857; x_wconf 70' lang='lat' dir='ltr'><strong>dbnatumt</strong></span> <span class='ocrx_word' id='word_1_120' title='bbox 747 1781 851 1847; x_wconf 88' lang='lat' dir='ltr'><strong>altera</strong></span> <span class='ocrx_word' id='word_1_121' title='bbox 873 1796 924 1847; x_wconf 91' lang='lat' dir='ltr'><strong>est</strong></span> <span class='ocrx_word' id='word_1_122' title='bbox 946 1783 1065 1864; x_wconf 73' lang='grc' dir='ltr'>εὐταξία</span> <span class='ocrx_word' id='word_1_123' title='bbox 1083 1789 1259 1851; x_wconf 88' lang='lat' dir='ltr'><strong>constitute</strong></span> <span class='ocrx_word' id='word_1_124' title='bbox 1280 1784 1454 1851; x_wconf 76' lang='lat' dir='ltr'><strong>Ecclesiae</strong></span> <span class='ocrx_word' id='word_1_125' title='bbox 1476 1808 1534 1850; x_wconf 91' lang='lat' dir='ltr'><strong>au·</strong></span> <span class='ocrx_word' id='word_1_126' title='bbox 1577 1789 1648 1853; x_wconf 81' lang='lat' dir='ltr'><strong>Etsi</strong></span> <span class='ocrx_word' id='word_1_127' title='bbox 1666 1792 1750 1853; x_wconf 93' lang='lat' dir='ltr'><strong>enim</strong></span> <span class='ocrx_word' id='word_1_128' title='bbox 1768 1801 1945 1854; x_wconf 88' lang='lat' dir='ltr'><strong>nascentes</strong></span> <span class='ocrx_word' id='word_1_129' title='bbox 1963 1772 2042 1850; x_wconf 90' lang='lat' dir='ltr'><strong>nihil</strong></span> <span class='ocrx_word' id='word_1_130' title='bbox 2060 1788 2218 1850; x_wconf 79' lang='lat' dir='ltr'><strong>sumimus</strong></span> <span class='ocrx_word' id='word_1_131' title='bbox 2240 1789 2286 1850; x_wconf 88' lang='lat' dir='ltr'><strong>ab</strong></span> <span class='ocrx_word' id='word_1_132' title='bbox 2300 1785 2363 1850; x_wconf 90' lang='lat' dir='ltr'><strong>hac</strong></span> <span class='ocrx_word' id='word_1_133' title='bbox 2404 1786 2545 1866; x_wconf 90' lang='lat' dir='ltr'><strong>ellicula,</strong></span> 
     </span>
     <span class='ocr_line' id='line_1_12' title="bbox 564 1863 2546 1956; baseline 0.001 -21"><span class='ocrx_word' id='word_1_134' title='bbox 564 1870 705 1935; x_wconf 78' lang='lat' dir='ltr'><strong>totitate.</strong></span> <span class='ocrx_word' id='word_1_135' title='bbox 750 1865 803 1931; x_wconf 84' lang='lat' dir='ltr'><strong>De</strong></span> <span class='ocrx_word' id='word_1_136' title='bbox 829 1869 1008 1932; x_wconf 85' lang='lat' dir='ltr'><strong>ministerio</strong></span> <span class='ocrx_word' id='word_1_137' title='bbox 1031 1871 1184 1934; x_wconf 83' lang='lat' dir='ltr'><strong>divinitus</strong></span> <span class='ocrx_word' id='word_1_138' title='bbox 1213 1870 1362 1934; x_wconf 86' lang='lat' dir='ltr'><strong>ordinato</strong></span> <span class='ocrx_word' id='word_1_139' title='bbox 1391 1873 1459 1935; x_wconf 87' lang='lat' dir='ltr'><strong>dixi</strong></span> <span class='ocrx_word' id='word_1_140' title='bbox 1480 1891 1534 1935; x_wconf 90' lang='lat' dir='ltr'><strong>su·</strong></span> <span class='ocrx_word' id='word_1_141' title='bbox 1577 1886 1685 1937; x_wconf 87' lang='lat' dir='ltr'><strong>tamen</strong></span> <span class='ocrx_word' id='word_1_142' title='bbox 1705 1872 1790 1936; x_wconf 87' lang='lat' dir='ltr'><strong>haec</strong></span> <span class='ocrx_word' id='word_1_143' title='bbox 1806 1871 1883 1937; x_wconf 88' lang='lat' dir='ltr'><strong>alvo</strong></span> <span class='ocrx_word' id='word_1_144' title='bbox 1906 1884 1938 1936; x_wconf 92' lang='lat' dir='ltr'><strong>et</strong></span> <span class='ocrx_word' id='word_1_145' title='bbox 1959 1863 2200 1956; x_wconf 67' lang='lat' dir='ltr'><strong>cotylidonibus</strong></span> <span class='ocrx_word' id='word_1_146' title='bbox 2227 1869 2343 1955; x_wconf 77' lang='lat' dir='ltr'><strong>alligat</strong></span> <span class='ocrx_word' id='word_1_147' title='bbox 2379 1885 2491 1935; x_wconf 91' lang='lat' dir='ltr'><strong>oetum</strong></span> <span class='ocrx_word' id='word_1_148' title='bbox 2513 1885 2546 1936; x_wconf 90' lang='lat' dir='ltr'><strong>et</strong></span> 
     </span>
     <span class='ocr_line' id='line_1_13' title="bbox 563 1951 2545 2040; baseline 0.002 -25"><span class='ocrx_word' id='word_1_149' title='bbox 563 1973 634 2037; x_wconf 86' lang='lat' dir='ltr'><strong>pra.</strong></span> <span class='ocrx_word' id='word_1_150' title='bbox 675 1951 730 2015; x_wconf 77' lang='lat' dir='ltr'><strong>Ad</strong></span> <span class='ocrx_word' id='word_1_151' title='bbox 758 1952 792 2014; x_wconf 89' lang='lat' dir='ltr'><strong>id</strong></span> <span class='ocrx_word' id='word_1_152' title='bbox 818 1954 981 2034; x_wconf 87' lang='lat' dir='ltr'><strong>pertinent</strong></span> <span class='ocrx_word' id='word_1_153' title='bbox 1006 1951 1108 2018; x_wconf 88' lang='lat' dir='ltr'><strong>haec:</strong></span> <span class='ocrx_word' id='word_1_154' title='bbox 1138 1956 1227 2037; x_wconf 90' lang='lat' dir='ltr'><strong>qnod</strong></span> <span class='ocrx_word' id='word_1_155' title='bbox 1255 1953 1406 2018; x_wconf 81' lang='lat' dir='ltr'><strong>Ecclesia</strong></span> <span class='ocrx_word' id='word_1_156' title='bbox 1433 1955 1534 2020; x_wconf 90' lang='lat' dir='ltr'><strong>habet</strong></span> <span class='ocrx_word' id='word_1_157' title='bbox 1577 1960 1712 2035; x_wconf 87' lang='lat' dir='ltr'><strong>retinet,</strong></span> <span class='ocrx_word' id='word_1_158' title='bbox 1742 1977 1784 2020; x_wconf 94' lang='lat' dir='ltr'><strong>ne</strong></span> <span class='ocrx_word' id='word_1_159' title='bbox 1806 1958 1970 2031; x_wconf 82' lang='lat' dir='ltr'><strong>eiiciatur3</strong></span> <span class='ocrx_word' id='word_1_160' title='bbox 1992 1976 2033 2019; x_wconf 90' lang='lat' dir='ltr'><strong>ac</strong></span> <span class='ocrx_word' id='word_1_161' title='bbox 2055 1967 2151 2037; x_wconf 90' lang='lat' dir='ltr'><strong>rupto</strong></span> <span class='ocrx_word' id='word_1_162' title='bbox 2173 1953 2285 2018; x_wconf 93' lang='lat' dir='ltr'><strong>chorio</strong></span> <span class='ocrx_word' id='word_1_163' title='bbox 2307 1952 2417 2019; x_wconf 87' lang='lat' dir='ltr'><strong>foetus</strong></span> <span class='ocrx_word' id='word_1_164' title='bbox 2440 1975 2545 2040; x_wconf 88' lang='lat' dir='ltr'><strong>neque</strong></span> 
     </span>
     <span class='ocr_line' id='line_1_14' title="bbox 562 2036 2544 2126; baseline 0 -24"><span class='ocrx_word' id='word_1_165' title='bbox 562 2037 750 2102; x_wconf 74' lang='lat' dir='ltr'><strong>mandam</strong></span> <span class='ocrx_word' id='word_1_166' title='bbox 782 2038 924 2099; x_wconf 87' lang='lat' dir='ltr'><strong>vocandi</strong></span> <span class='ocrx_word' id='word_1_167' title='bbox 955 2055 1016 2101; x_wconf 90' lang='lat' dir='ltr'><strong>seu</strong></span> <span class='ocrx_word' id='word_1_168' title='bbox 1048 2039 1219 2103; x_wconf 89' lang='lat' dir='ltr'><strong>ordinandi</strong></span> <span class='ocrx_word' id='word_1_169' title='bbox 1250 2040 1437 2117; x_wconf 88' lang='lat' dir='ltr'><strong>ministros,</strong></span> <span class='ocrx_word' id='word_1_170' title='bbox 1477 2041 1533 2124; x_wconf 90' lang='lat' dir='ltr'><strong>qui</strong></span> <span class='ocrx_word' id='word_1_171' title='bbox 1577 2040 1621 2105; x_wconf 92' lang='lat' dir='ltr'><strong>ali</strong></span> <span class='ocrx_word' id='word_1_172' title='bbox 1643 2060 1751 2126; x_wconf 89' lang='lat' dir='ltr'><strong>neque</strong></span> <span class='ocrx_word' id='word_1_173' title='bbox 1776 2060 1910 2104; x_wconf 90' lang='lat' dir='ltr'><strong>manere</strong></span> <span class='ocrx_word' id='word_1_174' title='bbox 1936 2041 1969 2103; x_wconf 91' lang='lat' dir='ltr'><strong>in</strong></span> <span class='ocrx_word' id='word_1_175' title='bbox 1990 2036 2066 2103; x_wconf 86' lang='lat' dir='ltr'><strong>alvo</strong></span> <span class='ocrx_word' id='word_1_176' title='bbox 2088 2048 2208 2122; x_wconf 90' lang='lat' dir='ltr'><strong>potest.</strong></span> <span class='ocrx_word' id='word_1_177' title='bbox 2252 2038 2300 2101; x_wconf 93' lang='lat' dir='ltr'><strong>lta</strong></span> <span class='ocrx_word' id='word_1_178' title='bbox 2322 2041 2544 2103; x_wconf 83' lang='lat' dir='ltr'><strong>ordinationes</strong></span> 
     </span>
     <span class='ocr_line' id='line_1_15' title="bbox 562 2117 2545 2206; baseline 0.001 -23"><span class='ocrx_word' id='word_1_179' title='bbox 562 2117 694 2206; x_wconf 84' lang='lat' dir='ltr'><strong>publice</strong></span> <span class='ocrx_word' id='word_1_180' title='bbox 715 2120 857 2183; x_wconf 88' lang='lat' dir='ltr'><strong>doceant</strong></span> <span class='ocrx_word' id='word_1_181' title='bbox 878 2117 1093 2206; x_wconf 77' lang='lat' dir='ltr'><strong>Evangelium</strong></span> <span class='ocrx_word' id='word_1_182' title='bbox 1116 2133 1149 2185; x_wconf 93' lang='lat' dir='ltr'><strong>et</strong></span> <span class='ocrx_word' id='word_1_183' title='bbox 1169 2123 1394 2188; x_wconf 87' lang='lat' dir='ltr'><strong>administrent</strong></span> <span class='ocrx_word' id='word_1_184' title='bbox 1412 2123 1532 2188; x_wconf 83' lang='lat' dir='ltr'><strong>Sacra·</strong></span> <span class='ocrx_word' id='word_1_185' title='bbox 1576 2125 1738 2190; x_wconf 87' lang='lat' dir='ltr'><strong>humanae</strong></span> <span class='ocrx_word' id='word_1_186' title='bbox 1761 2126 1895 2203; x_wconf 89' lang='lat' dir='ltr'><strong>dierum,</strong></span> <span class='ocrx_word' id='word_1_187' title='bbox 1916 2122 2078 2200; x_wconf 89' lang='lat' dir='ltr'><strong>locorum,</strong></span> <span class='ocrx_word' id='word_1_188' title='bbox 2101 2134 2134 2186; x_wconf 90' lang='lat' dir='ltr'><strong>et</strong></span> <span class='ocrx_word' id='word_1_189' title='bbox 2150 2119 2286 2199; x_wconf 75' lang='lat' dir='ltr'><strong>similae,</strong></span> <span class='ocrx_word' id='word_1_190' title='bbox 2308 2125 2369 2187; x_wconf 88' lang='lat' dir='ltr'><strong>etsi</strong></span> <span class='ocrx_word' id='word_1_191' title='bbox 2386 2143 2451 2186; x_wconf 92' lang='lat' dir='ltr'><strong>non</strong></span> <span class='ocrx_word' id='word_1_192' title='bbox 2469 2136 2545 2186; x_wconf 93' lang='lat' dir='ltr'><strong>sunt</strong></span> 
     </span>
     <span class='ocr_line' id='line_1_16' title="bbox 562 2204 2543 2294; baseline 0 -26"><span class='ocrx_word' id='word_1_193' title='bbox 562 2215 690 2281; x_wconf 86' lang='lat' dir='ltr'><strong>menta,</strong></span> <span class='ocrx_word' id='word_1_194' title='bbox 714 2204 769 2287; x_wconf 90' lang='lat' dir='ltr'><strong>qui</strong></span> <span class='ocrx_word' id='word_1_195' title='bbox 787 2206 981 2267; x_wconf 87' lang='lat' dir='ltr'><strong>annuntient</strong></span> <span class='ocrx_word' id='word_1_196' title='bbox 999 2208 1223 2270; x_wconf 82' lang='lat' dir='ltr'><strong>remissionem</strong></span> <span class='ocrx_word' id='word_1_197' title='bbox 1240 2221 1451 2289; x_wconf 86' lang='lat' dir='ltr'><strong>peccatorum</strong></span> <span class='ocrx_word' id='word_1_198' title='bbox 1466 2210 1532 2272; x_wconf 89' lang='lat' dir='ltr'><strong>sin·</strong></span> <span class='ocrx_word' id='word_1_199' title='bbox 1575 2210 1639 2274; x_wconf 89' lang='lat' dir='ltr'><strong>hae</strong></span> <span class='ocrx_word' id='word_1_200' title='bbox 1661 2211 1790 2294; x_wconf 87' lang='lat' dir='ltr'><strong>quidam</strong></span> <span class='ocrx_word' id='word_1_201' title='bbox 1807 2210 1926 2293; x_wconf 78' lang='lat' dir='ltr'><strong>pietas,</strong></span> <span class='ocrx_word' id='word_1_202' title='bbox 1947 2221 2054 2272; x_wconf 90' lang='lat' dir='ltr'><strong>tamen</strong></span> <span class='ocrx_word' id='word_1_203' title='bbox 2073 2206 2204 2271; x_wconf 91' lang='lat' dir='ltr'><strong>vincula</strong></span> <span class='ocrx_word' id='word_1_204' title='bbox 2221 2216 2309 2284; x_wconf 89' lang='lat' dir='ltr'><strong>sunt,</strong></span> <span class='ocrx_word' id='word_1_205' title='bbox 2333 2227 2416 2290; x_wconf 88' lang='lat' dir='ltr'><strong>qnae</strong></span> <span class='ocrx_word' id='word_1_206' title='bbox 2432 2208 2543 2271; x_wconf 90' lang='lat' dir='ltr'><strong>adiun-</strong></span> 
     </span>
     <span class='ocr_line' id='line_1_17' title="bbox 562 2284 2544 2436; baseline 0.003 -87"><span class='ocrx_word' id='word_1_207' title='bbox 562 2285 651 2436; x_wconf 54' lang='lat' dir='ltr'><strong>Eum</strong></span> <span class='ocrx_word' id='word_1_208' title='bbox 676 2298 733 2350; x_wconf 91' lang='lat' dir='ltr'><strong>aut</strong></span> <span class='ocrx_word' id='word_1_209' title='bbox 754 2284 883 2362; x_wconf 89' lang='lat' dir='ltr'><strong>multis;</strong></span> <span class='ocrx_word' id='word_1_210' title='bbox 916 2288 1006 2363; x_wconf 88' lang='lat' dir='ltr'><strong>item,</strong></span> <span class='ocrx_word' id='word_1_211' title='bbox 1027 2291 1115 2374; x_wconf 87' lang='lat' dir='ltr'><strong>quod</strong></span> <span class='ocrx_word' id='word_1_212' title='bbox 1136 2288 1291 2356; x_wconf 81' lang='lat' dir='ltr'><strong>Ecclesia</strong></span> <span class='ocrx_word' id='word_1_213' title='bbox 1311 2292 1412 2356; x_wconf 88' lang='lat' dir='ltr'><strong>habet</strong></span> <span class='ocrx_word' id='word_1_214' title='bbox 1438 2294 1533 2357; x_wconf 82' lang='lat' dir='ltr'><strong>iuris·</strong></span> <span class='ocrx_word' id='word_1_215' title='bbox 1577 2305 1658 2380; x_wconf 79' lang='lat' dir='ltr'><strong>gunt</strong></span> <span class='ocrx_word' id='word_1_216' title='bbox 1680 2313 1742 2357; x_wconf 90' lang='lat' dir='ltr'><strong>nos</strong></span> <span class='ocrx_word' id='word_1_217' title='bbox 1763 2293 1920 2356; x_wconf 88' lang='lat' dir='ltr'><strong>ministris</strong></span> <span class='ocrx_word' id='word_1_218' title='bbox 1942 2288 2126 2376; x_wconf 76' lang='lat' dir='ltr'><strong>Evangelii,</strong></span> <span class='ocrx_word' id='word_1_219' title='bbox 2147 2311 2207 2374; x_wconf 90' lang='lat' dir='ltr'><strong>per</strong></span> <span class='ocrx_word' id='word_1_220' title='bbox 2227 2289 2289 2354; x_wconf 87' lang='lat' dir='ltr'><strong>has</strong></span> <span class='ocrx_word' id='word_1_221' title='bbox 2312 2292 2544 2368; x_wconf 88' lang='lat' dir='ltr'><strong>ordinationes,</strong></span> 
     </span>
     <span class='ocr_line' id='line_1_18' title="bbox 596 2373 2546 2460; baseline 0.002 -26"><span class='ocrx_word' id='word_1_222' title='bbox 596 2373 748 2448; x_wconf 75' lang='lat' dir='ltr'><strong>ctiomm,</strong></span> <span class='ocrx_word' id='word_1_223' title='bbox 769 2382 806 2434; x_wconf 92' lang='lat' dir='ltr'><strong>ut</strong></span> <span class='ocrx_word' id='word_1_224' title='bbox 828 2391 849 2434; x_wconf 92' lang='lat' dir='ltr'><strong>a</strong></span> <span class='ocrx_word' id='word_1_225' title='bbox 871 2375 1096 2438; x_wconf 88' lang='lat' dir='ltr'><strong>communione</strong></span> <span class='ocrx_word' id='word_1_226' title='bbox 1113 2386 1225 2438; x_wconf 87' lang='lat' dir='ltr'><strong>arceat</strong></span> <span class='ocrx_word' id='word_1_227' title='bbox 1242 2395 1314 2453; x_wconf 88' lang='lat' dir='ltr'><strong>eos,</strong></span> <span class='ocrx_word' id='word_1_228' title='bbox 1335 2379 1391 2460; x_wconf 90' lang='lat' dir='ltr'><strong>qui</strong></span> <span class='ocrx_word' id='word_1_229' title='bbox 1412 2379 1445 2440; x_wconf 93' lang='lat' dir='ltr'><strong>in</strong></span> <span class='ocrx_word' id='word_1_230' title='bbox 1466 2397 1533 2440; x_wconf 88' lang='lat' dir='ltr'><strong>ma·</strong></span> <span class='ocrx_word' id='word_1_231' title='bbox 1576 2377 1669 2442; x_wconf 83' lang='lat' dir='ltr'><strong>velut</strong></span> <span class='ocrx_word' id='word_1_232' title='bbox 1695 2375 1842 2454; x_wconf 86' lang='lat' dir='ltr'><strong>catulae,</strong></span> <span class='ocrx_word' id='word_1_233' title='bbox 1875 2375 2117 2460; x_wconf 84' lang='lat' dir='ltr'><strong>amplectuntur</strong></span> <span class='ocrx_word' id='word_1_234' title='bbox 2142 2395 2205 2439; x_wconf 92' lang='lat' dir='ltr'><strong>nos</strong></span> <span class='ocrx_word' id='word_1_235' title='bbox 2227 2375 2394 2438; x_wconf 86' lang='lat' dir='ltr'><strong>doctores.</strong></span> <span class='ocrx_word' id='word_1_236' title='bbox 2438 2375 2546 2439; x_wconf 85' lang='lat' dir='ltr'><strong>Habet</strong></span> 
     </span>
     <span class='ocr_line' id='line_1_19' title="bbox 561 2452 2546 2546; baseline 0.002 -28"><span class='ocrx_word' id='word_1_237' title='bbox 561 2452 691 2518; x_wconf 78' lang='lat' dir='ltr'><strong>uisentis</strong></span> <span class='ocrx_word' id='word_1_238' title='bbox 713 2453 845 2539; x_wconf 81' lang='lat' dir='ltr'><strong>flagitiis</strong></span> <span class='ocrx_word' id='word_1_239' title='bbox 866 2467 1051 2521; x_wconf 84' lang='lat' dir='ltr'><strong>versantur.</strong></span> <span class='ocrx_word' id='word_1_240' title='bbox 1096 2457 1236 2526; x_wconf 85' lang='lat' dir='ltr'><strong>Constat</strong></span> <span class='ocrx_word' id='word_1_241' title='bbox 1256 2470 1365 2524; x_wconf 89' lang='lat' dir='ltr'><strong>antem</strong></span> <span class='ocrx_word' id='word_1_242' title='bbox 1387 2472 1421 2524; x_wconf 92' lang='grc' dir='ltr'><strong>ει</strong></span> <span class='ocrx_word' id='word_1_243' title='bbox 1442 2459 1533 2524; x_wconf 89' lang='lat' dir='ltr'><strong>mini-</strong></span> <span class='ocrx_word' id='word_1_244' title='bbox 1576 2481 1671 2526; x_wconf 84' lang='lat' dir='ltr'><strong>sumn</strong></span> <span class='ocrx_word' id='word_1_245' title='bbox 1701 2463 1839 2546; x_wconf 82' lang='lat' dir='ltr'><strong>quisque</strong></span> <span class='ocrx_word' id='word_1_246' title='bbox 1902 2480 2015 2546; x_wconf 73' lang='lat' dir='ltr'><strong>egem,</strong></span> <span class='ocrx_word' id='word_1_247' title='bbox 2047 2459 2209 2523; x_wconf 84' lang='lat' dir='ltr'><strong>Tenemus</strong></span> <span class='ocrx_word' id='word_1_248' title='bbox 2232 2470 2324 2522; x_wconf 87' lang='lat' dir='ltr'><strong>certa</strong></span> <span class='ocrx_word' id='word_1_249' title='bbox 2345 2457 2439 2534; x_wconf 88' lang='lat' dir='ltr'><strong>loca,</strong></span> <span class='ocrx_word' id='word_1_250' title='bbox 2467 2469 2546 2522; x_wconf 90' lang='lat' dir='ltr'><strong>tern-</strong></span> 
     </span>
     <span class='ocr_line' id='line_1_20' title="bbox 562 2536 2545 2631; baseline 0.002 -30"><span class='ocrx_word' id='word_1_251' title='bbox 562 2539 699 2602; x_wconf 83' lang='lat' dir='ltr'><strong>sterium</strong></span> <span class='ocrx_word' id='word_1_252' title='bbox 715 2536 882 2621; x_wconf 92' lang='lat' dir='ltr'><strong>publicum</strong></span> <span class='ocrx_word' id='word_1_253' title='bbox 900 2542 1053 2603; x_wconf 86' lang='lat' dir='ltr'><strong>divinitus</strong></span> <span class='ocrx_word' id='word_1_254' title='bbox 1070 2543 1253 2608; x_wconf 89' lang='lat' dir='ltr'><strong>ordinatum</strong></span> <span class='ocrx_word' id='word_1_255' title='bbox 1271 2563 1359 2622; x_wconf 86' lang='lat' dir='ltr'><strong>esse,</strong></span> <span class='ocrx_word' id='word_1_256' title='bbox 1375 2543 1532 2608; x_wconf 89' lang='lat' dir='ltr'><strong>utEvan-</strong></span> <span class='ocrx_word' id='word_1_257' title='bbox 1576 2566 1659 2630; x_wconf 90' lang='lat' dir='ltr'><strong>pora</strong></span> <span class='ocrx_word' id='word_1_258' title='bbox 1679 2546 1830 2609; x_wconf 90' lang='lat' dir='ltr'><strong>audiendi</strong></span> <span class='ocrx_word' id='word_1_259' title='bbox 1881 2542 2033 2631; x_wconf 77' lang='lat' dir='ltr'><strong>vangelii.</strong></span> <span class='ocrx_word' id='word_1_260' title='bbox 2077 2540 2137 2607; x_wconf 86' lang='lat' dir='ltr'><strong>llis</strong></span> <span class='ocrx_word' id='word_1_261' title='bbox 2162 2541 2300 2609; x_wconf 88' lang='lat' dir='ltr'><strong>vinculis</strong></span> <span class='ocrx_word' id='word_1_262' title='bbox 2323 2546 2427 2626; x_wconf 89' lang='lat' dir='ltr'><strong>ruptis</strong></span> <span class='ocrx_word' id='word_1_263' title='bbox 2450 2544 2545 2605; x_wconf 89' lang='lat' dir='ltr'><strong>dissi·</strong></span> 
     </span>
     <span class='ocr_line' id='line_1_21' title="bbox 563 2617 2556 2731; baseline 0.003 -47"><span class='ocrx_word' id='word_1_264' title='bbox 563 2617 684 2705; x_wconf 70' lang='lat' dir='ltr'><strong>galium</strong></span> <span class='ocrx_word' id='word_1_265' title='bbox 716 2622 750 2684; x_wconf 90' lang='lat' dir='ltr'><strong>ln</strong></span> <span class='ocrx_word' id='word_1_266' title='bbox 776 2623 872 2685; x_wconf 87' lang='lat' dir='ltr'><strong>terris</strong></span> <span class='ocrx_word' id='word_1_267' title='bbox 899 2637 1132 2703; x_wconf 84' lang='lat' dir='ltr'><strong>conservetur,</strong></span> <span class='ocrx_word' id='word_1_268' title='bbox 1165 2639 1198 2690; x_wconf 89' lang='grc' dir='ltr'><strong>ει</strong></span> <span class='ocrx_word' id='word_1_269' title='bbox 1230 2648 1291 2710; x_wconf 89' lang='lat' dir='ltr'><strong>per</strong></span> <span class='ocrx_word' id='word_1_270' title='bbox 1318 2625 1533 2713; x_wconf 78' lang='lat' dir='ltr'><strong>Evangelium</strong></span> <span class='ocrx_word' id='word_1_271' title='bbox 1575 2642 1672 2714; x_wconf 91' lang='lat' dir='ltr'><strong>patur</strong></span> <span class='ocrx_word' id='word_1_272' title='bbox 1699 2650 1740 2694; x_wconf 89' lang='lat' dir='ltr'><strong>ac</strong></span> <span class='ocrx_word' id='word_1_273' title='bbox 1762 2629 1959 2693; x_wconf 85' lang='lat' dir='ltr'><strong>dilaceratur</strong></span> <span class='ocrx_word' id='word_1_274' title='bbox 1979 2626 2150 2706; x_wconf 85' lang='lat' dir='ltr'><strong>Ecclesia,</strong></span> <span class='ocrx_word' id='word_1_275' title='bbox 2180 2648 2242 2693; x_wconf 91' lang='lat' dir='ltr'><strong>nec</strong></span> <span class='ocrx_word' id='word_1_276' title='bbox 2265 2624 2308 2690; x_wconf 88' lang='lat' dir='ltr'><strong>ali</strong></span> <span class='ocrx_word' id='word_1_277' title='bbox 2329 2626 2467 2731; x_wconf 89' lang='lat' dir='ltr'><strong>amplius</strong></span> <span class='ocrx_word' id='word_1_278' title='bbox 2488 2641 2556 2710; x_wconf 86' lang='lat' dir='ltr'><strong>po-·</strong></span> 
     </span>
     <span class='ocr_line' id='line_1_22' title="bbox 561 2704 2546 2798; baseline 0.004 -30"><span class='ocrx_word' id='word_1_279' title='bbox 561 2705 659 2768; x_wconf 83' lang='lat' dir='ltr'><strong>uobis</strong></span> <span class='ocrx_word' id='word_1_280' title='bbox 693 2704 838 2768; x_wconf 86' lang='lat' dir='ltr'><strong>exhiberi</strong></span> <span class='ocrx_word' id='word_1_281' title='bbox 870 2719 1005 2771; x_wconf 88' lang='lat' dir='ltr'><strong>aeterna</strong></span> <span class='ocrx_word' id='word_1_282' title='bbox 1038 2712 1141 2787; x_wconf 87' lang='lat' dir='ltr'><strong>bona,</strong></span> <span class='ocrx_word' id='word_1_283' title='bbox 1173 2713 1345 2789; x_wconf 88' lang='lat' dir='ltr'><strong>iustitiam,</strong></span> <span class='ocrx_word' id='word_1_284' title='bbox 1377 2712 1532 2795; x_wconf 88' lang='lat' dir='ltr'><strong>Spiritum</strong></span> <span class='ocrx_word' id='word_1_285' title='bbox 1576 2724 1657 2788; x_wconf 82' lang='lat' dir='ltr'><strong>test3</strong></span> <span class='ocrx_word' id='word_1_286' title='bbox 1684 2715 1855 2778; x_wconf 89' lang='lat' dir='ltr'><strong>nonenim</strong></span> <span class='ocrx_word' id='word_1_287' title='bbox 1877 2715 2040 2798; x_wconf 82' lang='lat' dir='ltr'><strong>attingunt</strong></span> <span class='ocrx_word' id='word_1_288' title='bbox 2059 2710 2180 2776; x_wconf 90' lang='lat' dir='ltr'><strong>alumni</strong></span> <span class='ocrx_word' id='word_1_289' title='bbox 2204 2731 2324 2787; x_wconf 89' lang='lat' dir='ltr'><strong>venas,</strong></span> <span class='ocrx_word' id='word_1_290' title='bbox 2346 2715 2464 2796; x_wconf 79' lang='lat' dir='ltr'><strong>quibus</strong></span> <span class='ocrx_word' id='word_1_291' title='bbox 2486 2732 2546 2776; x_wconf 93' lang='lat' dir='ltr'><strong>nu-</strong></span> 
     </span>
     <span class='ocr_line' id='line_1_23' title="bbox 562 2790 2546 2881; baseline 0.003 -29"><span class='ocrx_word' id='word_1_292' title='bbox 562 2798 714 2874; x_wconf 80' lang='lat' dir='ltr'><strong>sanctum</strong></span> <span class='ocrx_word' id='word_1_293' title='bbox 737 2800 770 2852; x_wconf 91' lang='lat' dir='ltr'><strong>et</strong></span> <span class='ocrx_word' id='word_1_294' title='bbox 791 2790 892 2852; x_wconf 87' lang='lat' dir='ltr'><strong>vitam</strong></span> <span class='ocrx_word' id='word_1_295' title='bbox 913 2803 1096 2870; x_wconf 79' lang='lat' dir='ltr'><strong>aetemam3</strong></span> <span class='ocrx_word' id='word_1_296' title='bbox 1125 2795 1208 2860; x_wconf 89' lang='lat' dir='ltr'><strong>sicut</strong></span> <span class='ocrx_word' id='word_1_297' title='bbox 1230 2806 1263 2858; x_wconf 92' lang='lat' dir='ltr'><strong>et</strong></span> <span class='ocrx_word' id='word_1_298' title='bbox 1283 2794 1408 2861; x_wconf 87' lang='lat' dir='ltr'><strong>Paulus</strong></span> <span class='ocrx_word' id='word_1_299' title='bbox 1430 2798 1532 2881; x_wconf 90' lang='lat' dir='ltr'><strong>inquit</strong></span> <span class='ocrx_word' id='word_1_300' title='bbox 1577 2799 1727 2874; x_wconf 86' lang='lat' dir='ltr'><strong>trinutur,</strong></span> <span class='ocrx_word' id='word_1_301' title='bbox 1748 2798 1813 2862; x_wconf 91' lang='lat' dir='ltr'><strong>hoc</strong></span> <span class='ocrx_word' id='word_1_302' title='bbox 1836 2809 1899 2874; x_wconf 85' lang='lat' dir='ltr'><strong>est,</strong></span> <span class='ocrx_word' id='word_1_303' title='bbox 1920 2817 1987 2862; x_wconf 94' lang='lat' dir='ltr'><strong>nou</strong></span> <span class='ocrx_word' id='word_1_304' title='bbox 2009 2808 2085 2859; x_wconf 87' lang='lat' dir='ltr'><strong>sunt</strong></span> <span class='ocrx_word' id='word_1_305' title='bbox 2108 2797 2200 2874; x_wconf 89' lang='lat' dir='ltr'><strong>certi,</strong></span> <span class='ocrx_word' id='word_1_306' title='bbox 2222 2798 2283 2859; x_wconf 86' lang='lat' dir='ltr'><strong>rite</strong></span> <span class='ocrx_word' id='word_1_307' title='bbox 2305 2799 2414 2862; x_wconf 86' lang='lat' dir='ltr'><strong>vocati</strong></span> <span class='ocrx_word' id='word_1_308' title='bbox 2434 2799 2546 2860; x_wconf 89' lang='lat' dir='ltr'><strong>docto·</strong></span> 
     </span>
     <span class='ocr_line' id='line_1_24' title="bbox 562 2871 2545 2962; baseline 0.002 -22"><span class='ocrx_word' id='word_1_309' title='bbox 562 2877 673 2962; x_wconf 78' lang='lat' dir='ltr'><strong>[Rom</strong></span> <span class='ocrx_word' id='word_1_310' title='bbox 702 2871 732 2949; x_wconf 94' lang='lat' dir='ltr'><strong>l,</strong></span> <span class='ocrx_word' id='word_1_311' title='bbox 767 2871 853 2953; x_wconf 77' lang='lat'><strong>16.]=</strong></span> <span class='ocrx_word' id='word_1_312' title='bbox 884 2871 1099 2960; x_wconf 82' lang='lat' dir='ltr'><strong>Evangelium</strong></span> <span class='ocrx_word' id='word_1_313' title='bbox 1132 2892 1182 2943; x_wconf 89' lang='lat' dir='ltr'><strong>est</strong></span> <span class='ocrx_word' id='word_1_314' title='bbox 1214 2881 1361 2962; x_wconf 90' lang='lat' dir='ltr'><strong>potentia</strong></span> <span class='ocrx_word' id='word_1_315' title='bbox 1394 2879 1457 2943; x_wconf 91' lang='lat' dir='ltr'><strong>Dei</strong></span> <span class='ocrx_word' id='word_1_316' title='bbox 1490 2880 1532 2943; x_wconf 88' lang='lat' dir='ltr'><strong>ad</strong></span> <span class='ocrx_word' id='word_1_317' title='bbox 1576 2902 1642 2959; x_wconf 88' lang='lat' dir='ltr'><strong>res,</strong></span> <span class='ocrx_word' id='word_1_318' title='bbox 1664 2880 1756 2946; x_wconf 92' lang='lat' dir='ltr'><strong>nulla</strong></span> <span class='ocrx_word' id='word_1_319' title='bbox 1777 2881 1935 2947; x_wconf 84' lang='lat' dir='ltr'><strong>autoritas</strong></span> <span class='ocrx_word' id='word_1_320' title='bbox 1957 2892 2010 2945; x_wconf 92' lang='grc' dir='ltr'><strong>εει</strong></span> <span class='ocrx_word' id='word_1_321' title='bbox 2031 2882 2231 2957; x_wconf 86' lang='lat' dir='ltr'><strong>docentium,</strong></span> <span class='ocrx_word' id='word_1_322' title='bbox 2254 2877 2345 2943; x_wconf 91' lang='lat' dir='ltr'><strong>nulla</strong></span> <span class='ocrx_word' id='word_1_323' title='bbox 2363 2883 2545 2945; x_wconf 90' lang='lat' dir='ltr'><strong>auditorum</strong></span> 
     </span>
     <span class='ocr_line' id='line_1_25' title="bbox 563 2959 2544 3052; baseline -0.002 -24"><span class='ocrx_word' id='word_1_324' title='bbox 563 2960 702 3028; x_wconf 75' lang='lat' dir='ltr'><strong>salutem</strong></span> <span class='ocrx_word' id='word_1_325' title='bbox 724 2961 811 3027; x_wconf 88' lang='lat' dir='ltr'><strong>omni</strong></span> <span class='ocrx_word' id='word_1_326' title='bbox 833 2959 988 3024; x_wconf 86' lang='lat' dir='ltr'><strong>credenti.</strong></span> <span class='ocrx_word' id='word_1_327' title='bbox 1022 2961 1065 3026; x_wconf 91' lang='lat' dir='ltr'><strong>Et</strong></span> <span class='ocrx_word' id='word_1_328' title='bbox 1082 2973 1118 3027; x_wconf 92' lang='lat' dir='ltr'><strong>ut</strong></span> <span class='ocrx_word' id='word_1_329' title='bbox 1133 2963 1199 3030; x_wconf 93' lang='lat' dir='ltr'><strong>hoc</strong></span> <span class='ocrx_word' id='word_1_330' title='bbox 1220 2965 1432 3029; x_wconf 80' lang='lat' dir='ltr'><strong>ministerium</strong></span> <span class='ocrx_word' id='word_1_331' title='bbox 1455 2983 1533 3030; x_wconf 92' lang='lat' dir='ltr'><strong>con·</strong></span> <span class='ocrx_word' id='word_1_332' title='bbox 1577 2963 1765 3049; x_wconf 85' lang='lat' dir='ltr'><strong>disciplina3</strong></span> <span class='ocrx_word' id='word_1_333' title='bbox 1788 2987 1850 3031; x_wconf 92' lang='lat' dir='ltr'><strong>nec</strong></span> <span class='ocrx_word' id='word_1_334' title='bbox 1872 2968 1943 3052; x_wconf 81' lang='lat' dir='ltr'><strong>regi</strong></span> <span class='ocrx_word' id='word_1_335' title='bbox 1961 2985 2022 3029; x_wconf 90' lang='lat' dir='ltr'><strong>nec</strong></span> <span class='ocrx_word' id='word_1_336' title='bbox 2040 2963 2209 3029; x_wconf 85' lang='lat' dir='ltr'><strong>coherceri</strong></span> <span class='ocrx_word' id='word_1_337' title='bbox 2226 2963 2376 3028; x_wconf 91' lang='lat' dir='ltr'><strong>homines</strong></span> <span class='ocrx_word' id='word_1_338' title='bbox 2394 2975 2544 3047; x_wconf 84' lang='lat' dir='ltr'><strong>possunt.</strong></span> 
     </span>
     <span class='ocr_line' id='line_1_26' title="bbox 562 3041 2546 3133; baseline 0 -24"><span class='ocrx_word' id='word_1_339' title='bbox 562 3053 745 3131; x_wconf 61' lang='lat' dir='ltr'><strong>manus,</strong></span> <span class='ocrx_word' id='word_1_340' title='bbox 767 3041 922 3110; x_wconf 88' lang='lat' dir='ltr'><strong>coelestis</strong></span> <span class='ocrx_word' id='word_1_341' title='bbox 942 3065 1007 3110; x_wconf 84' lang='lat' dir='ltr'><strong>vox</strong></span> <span class='ocrx_word' id='word_1_342' title='bbox 1031 3048 1167 3132; x_wconf 89' lang='lat' dir='ltr'><strong>imperat</strong></span> <span class='ocrx_word' id='word_1_343' title='bbox 1190 3051 1231 3114; x_wconf 90' lang='lat' dir='ltr'><strong>de</strong></span> <span class='ocrx_word' id='word_1_344' title='bbox 1247 3047 1379 3113; x_wconf 85' lang='lat' dir='ltr'><strong>Christo</strong></span> <span class='ocrx_word' id='word_1_345' title='bbox 1403 3048 1531 3126; x_wconf 87' lang='lat' dir='ltr'><strong>[Matth.</strong></span> <span class='ocrx_word' id='word_1_346' title='bbox 1576 3051 1618 3115; x_wconf 90' lang='lat' dir='ltr'><strong>Et</strong></span> <span class='ocrx_word' id='word_1_347' title='bbox 1638 3051 1723 3133; x_wconf 87' lang='lat' dir='ltr'><strong>parit</strong></span> <span class='ocrx_word' id='word_1_348' title='bbox 1744 3048 1878 3115; x_wconf 90' lang='lat' dir='ltr'><strong>licentia</strong></span> <span class='ocrx_word' id='word_1_349' title='bbox 1902 3051 2029 3115; x_wconf 88' lang='lat' dir='ltr'><strong>infinita</strong></span> <span class='ocrx_word' id='word_1_350' title='bbox 2051 3045 2223 3124; x_wconf 86' lang='lat' dir='ltr'><strong>scandala,</strong></span> <span class='ocrx_word' id='word_1_351' title='bbox 2251 3050 2401 3111; x_wconf 90' lang='lat' dir='ltr'><strong>oriuntur</strong></span> <span class='ocrx_word' id='word_1_352' title='bbox 2422 3060 2546 3124; x_wconf 89' lang='lat' dir='ltr'><strong>sectae,</strong></span> 
     </span>
     <span class='ocr_line' id='line_1_27' title="bbox 563 3130 2545 3219; baseline -0.005 -15"><span class='ocrx_word' id='word_1_353' title='bbox 563 3139 615 3218; x_wconf 79' lang='grc'><strong>17,</strong></span> <span class='ocrx_word' id='word_1_354' title='bbox 635 3136 699 3216; x_wconf 75' lang='grc' dir='ltr'>5.]ι</span> <span class='ocrx_word' id='word_1_355' title='bbox 728 3133 790 3200; x_wconf 80' lang='lat' dir='ltr'><strong>llic</strong></span> <span class='ocrx_word' id='word_1_356' title='bbox 811 3148 862 3199; x_wconf 88' lang='lat' dir='ltr'><strong>est</strong></span> <span class='ocrx_word' id='word_1_357' title='bbox 885 3131 972 3199; x_wconf 85' lang='lat' dir='ltr'><strong>filius</strong></span> <span class='ocrx_word' id='word_1_358' title='bbox 994 3155 1087 3200; x_wconf 86' lang='lat' dir='ltr'><strong>meus</strong></span> <span class='ocrx_word' id='word_1_359' title='bbox 1111 3133 1270 3212; x_wconf 89' lang='lat' dir='ltr'><strong>dilectus,</strong></span> <span class='ocrx_word' id='word_1_360' title='bbox 1300 3131 1389 3199; x_wconf 91' lang='lat' dir='ltr'><strong>bunc</strong></span> <span class='ocrx_word' id='word_1_361' title='bbox 1411 3135 1531 3200; x_wconf 87' lang='lat' dir='ltr'><strong>audite.</strong></span> <span class='ocrx_word' id='word_1_362' title='bbox 1575 3134 1753 3214; x_wconf 82' lang='lat' dir='ltr'><strong>factiones,</strong></span> <span class='ocrx_word' id='word_1_363' title='bbox 1776 3136 1851 3219; x_wconf 90' lang='lat' dir='ltr'><strong>quia</strong></span> <span class='ocrx_word' id='word_1_364' title='bbox 1873 3135 2002 3199; x_wconf 84' lang='lat' dir='ltr'><strong>avaris</strong></span> <span class='ocrx_word' id='word_1_365' title='bbox 2026 3133 2134 3210; x_wconf 86' lang='lat' dir='ltr'><strong>venis,</strong></span> <span class='ocrx_word' id='word_1_366' title='bbox 2155 3130 2219 3196; x_wconf 93' lang='lat' dir='ltr'><strong>boc</strong></span> <span class='ocrx_word' id='word_1_367' title='bbox 2241 3142 2312 3208; x_wconf 89' lang='lat' dir='ltr'><strong>est,</strong></span> <span class='ocrx_word' id='word_1_368' title='bbox 2333 3152 2354 3194; x_wconf 86' lang='lat' dir='ltr'><strong>a</strong></span> <span class='ocrx_word' id='word_1_369' title='bbox 2376 3133 2464 3195; x_wconf 89' lang='lat' dir='ltr'><strong>veris</strong></span> <span class='ocrx_word' id='word_1_370' title='bbox 2488 3133 2545 3194; x_wconf 93' lang='lat' dir='ltr'><strong>do·</strong></span> 
     </span>
     <span class='ocr_line' id='line_1_28' title="bbox 562 3213 2546 3303; baseline -0.004 -18"><span class='ocrx_word' id='word_1_371' title='bbox 562 3221 673 3296; x_wconf 83' lang='lat' dir='ltr'><strong>Quare</strong></span> <span class='ocrx_word' id='word_1_372' title='bbox 701 3239 815 3284; x_wconf 87' lang='lat' dir='ltr'><strong>omncs</strong></span> <span class='ocrx_word' id='word_1_373' title='bbox 835 3218 984 3284; x_wconf 91' lang='lat' dir='ltr'><strong>homines</strong></span> <span class='ocrx_word' id='word_1_374' title='bbox 1006 3239 1132 3284; x_wconf 76' lang='lat' dir='ltr'><strong>sumnia</strong></span> <span class='ocrx_word' id='word_1_375' title='bbox 1152 3220 1274 3303; x_wconf 89' lang='lat' dir='ltr'><strong>pietate</strong></span> <span class='ocrx_word' id='word_1_376' title='bbox 1294 3220 1445 3283; x_wconf 80' lang='lat' dir='ltr'><strong>venerari</strong></span> <span class='ocrx_word' id='word_1_377' title='bbox 1465 3218 1532 3283; x_wconf 89' lang='lat' dir='ltr'><strong>hoc</strong></span> <span class='ocrx_word' id='word_1_378' title='bbox 1576 3221 1721 3285; x_wconf 87' lang='lat' dir='ltr'><strong>ctorihus</strong></span> <span class='ocrx_word' id='word_1_379' title='bbox 1753 3217 1895 3303; x_wconf 87' lang='lat' dir='ltr'><strong>populus</strong></span> <span class='ocrx_word' id='word_1_380' title='bbox 1928 3215 2025 3284; x_wconf 83' lang='lat' dir='ltr'><strong>facile</strong></span> <span class='ocrx_word' id='word_1_381' title='bbox 2050 3213 2148 3282; x_wconf 83' lang='lat' dir='ltr'><strong>avelli</strong></span> <span class='ocrx_word' id='word_1_382' title='bbox 2174 3234 2213 3280; x_wconf 86' lang='lat' dir='ltr'><strong>se</strong></span> <span class='ocrx_word' id='word_1_383' title='bbox 2241 3215 2327 3278; x_wconf 90' lang='lat' dir='ltr'><strong>sinit.</strong></span> <span class='ocrx_word' id='word_1_384' title='bbox 2375 3213 2420 3277; x_wconf 92' lang='lat' dir='ltr'><strong>Ut</strong></span> <span class='ocrx_word' id='word_1_385' title='bbox 2446 3216 2546 3300; x_wconf 86' lang='lat' dir='ltr'><strong>igitur</strong></span> 
     </span>
     <span class='ocr_line' id='line_1_29' title="bbox 561 3301 2544 3382; baseline -0.004 -12"><span class='ocrx_word' id='word_1_386' title='bbox 561 3306 774 3370; x_wconf 89' lang='lat' dir='ltr'><strong>ministerium</strong></span> <span class='ocrx_word' id='word_1_387' title='bbox 797 3305 928 3382; x_wconf 91' lang='lat' dir='ltr'><strong>debent,</strong></span> <span class='ocrx_word' id='word_1_388' title='bbox 950 3316 983 3367; x_wconf 92' lang='lat' dir='ltr'><strong>et</strong></span> <span class='ocrx_word' id='word_1_389' title='bbox 1000 3307 1115 3368; x_wconf 86' lang='lat' dir='ltr'><strong>darec</strong></span> <span class='ocrx_word' id='word_1_390' title='bbox 1159 3325 1239 3380; x_wconf 91' lang='lat' dir='ltr'><strong>ram,</strong></span> <span class='ocrx_word' id='word_1_391' title='bbox 1260 3314 1296 3367; x_wconf 92' lang='lat' dir='ltr'><strong>ut</strong></span> <span class='ocrx_word' id='word_1_392' title='bbox 1316 3314 1533 3368; x_wconf 87' lang='lat' dir='ltr'><strong>conservetur</strong></span> <span class='ocrx_word' id='word_1_393' title='bbox 1576 3301 1689 3369; x_wconf 86' lang='lat' dir='ltr'><strong>salvus</strong></span> <span class='ocrx_word' id='word_1_394' title='bbox 1712 3323 1789 3369; x_wconf 87' lang='lat' dir='ltr'><strong>esse</strong></span> <span class='ocrx_word' id='word_1_395' title='bbox 1810 3302 1919 3368; x_wconf 84' lang='lat' dir='ltr'><strong>foetus</strong></span> <span class='ocrx_word' id='word_1_396' title='bbox 1941 3323 2006 3367; x_wconf 94' lang='lat' dir='ltr'><strong>non</strong></span> <span class='ocrx_word' id='word_1_397' title='bbox 2052 3312 2153 3381; x_wconf 89' lang='lat' dir='ltr'><strong>otest,</strong></span> <span class='ocrx_word' id='word_1_398' title='bbox 2174 3311 2250 3366; x_wconf 89' lang='lat' dir='ltr'><strong>ante</strong></span> <span class='ocrx_word' id='word_1_399' title='bbox 2270 3309 2414 3382; x_wconf 89' lang='lat' dir='ltr'><strong>tempus,</strong></span> <span class='ocrx_word' id='word_1_400' title='bbox 2447 3312 2544 3381; x_wconf 90' lang='lat' dir='ltr'><strong>rupto</strong></span> 
     </span>
     <span class='ocr_line' id='line_1_30' title="bbox 562 3324 2544 3472; baseline -0.004 -18"><span class='ocrx_word' id='word_1_401' title='bbox 562 3397 597 3454; x_wconf 87' lang='lat' dir='ltr'><strong>et</strong></span> <span class='ocrx_word' id='word_1_402' title='bbox 618 3399 762 3452; x_wconf 86' lang='lat' dir='ltr'><strong>ornetur.</strong></span> <span class='ocrx_word' id='word_1_403' title='bbox 806 3385 958 3450; x_wconf 88' lang='lat' dir='ltr'><strong>Psahuus</strong></span> <span class='ocrx_word' id='word_1_404' title='bbox 979 3389 1117 3472; x_wconf 89' lang='lat' dir='ltr'><strong>inquit[</strong></span> <span class='ocrx_word' id='word_1_405' title='bbox 1146 3410 1175 3452; x_wconf 92' lang='lat' dir='ltr'><strong>s.</strong></span> <span class='ocrx_word' id='word_1_406' title='bbox 1194 3387 1268 3466; x_wconf 88' lang='grc'><strong>117,</strong></span> <span class='ocrx_word' id='word_1_407' title='bbox 1291 3387 1372 3468; x_wconf 75' lang='grc' dir='ltr'>19.]ι</span> <span class='ocrx_word' id='word_1_408' title='bbox 1394 3388 1532 3472; x_wconf 83' lang='lat' dir='ltr'><strong>Aperite</strong></span> <span class='ocrx_word' id='word_1_409' title='bbox 1576 3390 1709 3464; x_wconf 90' lang='lat' dir='ltr'><strong>chorio;</strong></span> <span class='ocrx_word' id='word_1_410' title='bbox 1731 3391 1775 3452; x_wconf 88' lang='lat' dir='ltr'><strong>ita</strong></span> <span class='ocrx_word' id='word_1_411' title='bbox 1797 3390 1941 3452; x_wconf 88' lang='lat' dir='ltr'><strong>sciamus</strong></span> <span class='ocrx_word' id='word_1_412' title='bbox 1964 3324 2132 3471; x_wconf 62' lang='lat' dir='ltr'><strong>disslpatis</strong></span> <span class='ocrx_word' id='word_1_413' title='bbox 2155 3385 2408 3450; x_wconf 87' lang='lat' dir='ltr'><strong>ordhrationibus</strong></span> <span class='ocrx_word' id='word_1_414' title='bbox 2427 3381 2544 3447; x_wconf 86' lang='lat' dir='ltr'><strong>Eccle-</strong></span> 
     </span>
     <span class='ocr_line' id='line_1_31' title="bbox 581 3468 2545 3560; baseline -0.002 -26"><span class='ocrx_word' id='word_1_415' title='bbox 581 3481 595 3488; x_wconf 85' lang='grc'><strong>’“</strong></span> <span class='ocrx_word' id='word_1_416' title='bbox 681 3471 819 3553; x_wconf 88' lang='lat' dir='ltr'><strong>,princi</strong></span> <span class='ocrx_word' id='word_1_417' title='bbox 888 3483 1069 3551; x_wconf 86' lang='lat' dir='ltr'><strong>,vestras,</strong></span> <span class='ocrx_word' id='word_1_418' title='bbox 1091 3483 1123 3536; x_wconf 92' lang='grc' dir='ltr'><strong>ει</strong></span> <span class='ocrx_word' id='word_1_419' title='bbox 1144 3473 1288 3537; x_wconf 88' lang='lat' dir='ltr'><strong>introibit</strong></span> <span class='ocrx_word' id='word_1_420' title='bbox 1309 3493 1369 3537; x_wconf 88' lang='lat' dir='ltr'><strong>rex</strong></span> <span class='ocrx_word' id='word_1_421' title='bbox 1391 3472 1531 3560; x_wconf 78' lang='lat' dir='ltr'><strong>gloriae.</strong></span> <span class='ocrx_word' id='word_1_422' title='bbox 1576 3473 1717 3538; x_wconf 87' lang='lat' dir='ltr'><strong>siastlcis</strong></span> <span class='ocrx_word' id='word_1_423' title='bbox 1743 3470 1923 3556; x_wconf 84' lang='lat' dir='ltr'><strong>periclitari</strong></span> <span class='ocrx_word' id='word_1_424' title='bbox 1956 3473 2052 3536; x_wconf 87' lang='lat' dir='ltr'><strong>etlam</strong></span> <span class='ocrx_word' id='word_1_425' title='bbox 2083 3469 2278 3535; x_wconf 83' lang='lat' dir='ltr'><strong>Ecclesiam.</strong></span> <span class='ocrx_word' id='word_1_426' title='bbox 2328 3468 2545 3532; x_wconf 86' lang='lat' dir='ltr'><strong>Verissimum</strong></span> 
     </span>
     <span class='ocr_line' id='line_1_32' title="bbox 562 3481 2544 3700; baseline -0.003 -80"><span class='ocrx_word' id='word_1_427' title='bbox 562 3481 725 3639; x_wconf 53' lang='lat' dir='ltr'><strong>mipit</strong></span> <span class='ocrx_word' id='word_1_428' title='bbox 740 3575 827 3618; x_wconf 94' lang='lat' dir='ltr'><strong>omm</strong></span> <span class='ocrx_word' id='word_1_429' title='bbox 849 3576 891 3619; x_wconf 90' lang='lat' dir='ltr'><strong>us</strong></span> <span class='ocrx_word' id='word_1_430' title='bbox 933 3557 1061 3621; x_wconf 87' lang='lat' dir='ltr'><strong>entibus</strong></span> <span class='ocrx_word' id='word_1_431' title='bbox 1083 3568 1184 3641; x_wconf 88' lang='lat' dir='ltr'><strong>atque</strong></span> <span class='ocrx_word' id='word_1_432' title='bbox 1204 3555 1402 3637; x_wconf 88' lang='lat' dir='ltr'><strong>hominibus,</strong></span> <span class='ocrx_word' id='word_1_433' title='bbox 1418 3567 1454 3622; x_wconf 91' lang='grc' dir='ltr'><strong>ιιι</strong></span> <span class='ocrx_word' id='word_1_434' title='bbox 1474 3559 1531 3622; x_wconf 92' lang='lat' dir='ltr'><strong>mi·</strong></span> <span class='ocrx_word' id='word_1_435' title='bbox 1576 3569 1628 3622; x_wconf 88' lang='lat' dir='ltr'><strong>est</strong></span> <span class='ocrx_word' id='word_1_436' title='bbox 1655 3559 1757 3635; x_wconf 89' lang='lat' dir='ltr'><strong>enlm,</strong></span> <span class='ocrx_word' id='word_1_437' title='bbox 1790 3558 1881 3643; x_wconf 86' lang='lat' dir='ltr'><strong>quod</strong></span> <span class='ocrx_word' id='word_1_438' title='bbox 1908 3559 1953 3620; x_wconf 89' lang='lat' dir='ltr'><strong>ait</strong></span> <span class='ocrx_word' id='word_1_439' title='bbox 1981 3557 2115 3638; x_wconf 89' lang='lat' dir='ltr'><strong>sapiens</strong></span> <span class='ocrx_word' id='word_1_440' title='bbox 2147 3567 2248 3639; x_wconf 89' lang='lat' dir='ltr'><strong>poeta</strong></span> <span class='ocrx_word' id='word_1_441' title='bbox 2279 3552 2464 3700; x_wconf 89' lang='lat' dir='ltr'><strong>Sophocles</strong></span> <span class='ocrx_word' id='word_1_442' title='bbox 2479 3556 2544 3634; x_wconf 78' lang='lat'>⁶⁷⁸)</span> 
     </span>
     <span class='ocr_line' id='line_1_33' title="bbox 562 3579 2545 3727; baseline -0.002 -23"><span class='ocrx_word' id='word_1_443' title='bbox 562 3641 731 3705; x_wconf 78' lang='lat' dir='ltr'><strong>nisterium</strong></span> <span class='ocrx_word' id='word_1_444' title='bbox 751 3579 932 3725; x_wconf 63' lang='lat' dir='ltr'><strong>Evangelil</strong></span> <span class='ocrx_word' id='word_1_445' title='bbox 949 3641 1120 3718; x_wconf 87' lang='lat' dir='ltr'><strong>admittant</strong></span> <span class='ocrx_word' id='word_1_446' title='bbox 1141 3654 1173 3705; x_wconf 90' lang='lat' dir='ltr'><strong>et</strong></span> <span class='ocrx_word' id='word_1_447' title='bbox 1196 3654 1413 3717; x_wconf 86' lang='lat' dir='ltr'><strong>conservent,</strong></span> <span class='ocrx_word' id='word_1_448' title='bbox 1442 3641 1531 3725; x_wconf 90' lang='lat' dir='ltr'><strong>quod</strong></span> <span class='ocrx_word' id='word_1_449' title='bbox 1577 3642 1720 3725; x_wconf 78' lang='grc' dir='ltr'><strong><em>ἀναρχίας</em></strong></span> <span class='ocrx_word' id='word_1_450' title='bbox 1731 3641 1786 3727; x_wconf 71' lang='grc' dir='ltr'><strong>γὰρ</strong></span> <span class='ocrx_word' id='word_1_451' title='bbox 1796 3645 1897 3721; x_wconf 77' lang='grc' dir='ltr'>μεῖζον</span> <span class='ocrx_word' id='word_1_452' title='bbox 1908 3640 1960 3704; x_wconf 71' lang='grc' dir='ltr'><strong>οὐκ</strong></span> <span class='ocrx_word' id='word_1_453' title='bbox 1970 3644 2049 3705; x_wconf 73' lang='grc' dir='ltr'>ἔστιν</span> <span class='ocrx_word' id='word_1_454' title='bbox 2059 3641 2156 3703; x_wconf 75' lang='grc' dir='ltr'><strong><em>κακόν.</em></strong></span> <span class='ocrx_word' id='word_1_455' title='bbox 2179 3638 2220 3703; x_wconf 90' lang='lat' dir='ltr'><strong>Et</strong></span> <span class='ocrx_word' id='word_1_456' title='bbox 2232 3658 2326 3724; x_wconf 91' lang='lat' dir='ltr'><strong>quop</strong></span> <span class='ocrx_word' id='word_1_457' title='bbox 2340 3638 2545 3701; x_wconf 89' lang='lat' dir='ltr'><strong>usmomenti</strong></span> 
     </span>
     <span class='ocr_line' id='line_1_34' title="bbox 562 3721 2543 3809; baseline -0.004 -19"><span class='ocrx_word' id='word_1_458' title='bbox 562 3725 625 3791; x_wconf 83' lang='lat' dir='ltr'><strong>etsi</strong></span> <span class='ocrx_word' id='word_1_459' title='bbox 644 3727 785 3789; x_wconf 83' lang='lat' dir='ltr'><strong>maxima</strong></span> <span class='ocrx_word' id='word_1_460' title='bbox 805 3743 883 3806; x_wconf 87' lang='lat' dir='ltr'><strong>pars</strong></span> <span class='ocrx_word' id='word_1_461' title='bbox 905 3724 1072 3791; x_wconf 86' lang='lat' dir='ltr'><strong>hominum</strong></span> <span class='ocrx_word' id='word_1_462' title='bbox 1090 3721 1209 3789; x_wconf 85' lang='lat' dir='ltr'><strong>leviter</strong></span> <span class='ocrx_word' id='word_1_463' title='bbox 1230 3739 1335 3805; x_wconf 89' lang='lat' dir='ltr'><strong>curat,</strong></span> <span class='ocrx_word' id='word_1_464' title='bbox 1356 3723 1412 3790; x_wconf 82' lang='lat' dir='ltr'><strong>vel</strong></span> <span class='ocrx_word' id='word_1_465' title='bbox 1434 3726 1531 3789; x_wconf 88' lang='lat' dir='ltr'><strong>etiam</strong></span> <span class='ocrx_word' id='word_1_466' title='bbox 1576 3727 1676 3790; x_wconf 90' lang='lat' dir='ltr'><strong>estin</strong></span> <span class='ocrx_word' id='word_1_467' title='bbox 1692 3725 1745 3789; x_wconf 90' lang='lat' dir='ltr'><strong>his</strong></span> <span class='ocrx_word' id='word_1_468' title='bbox 1765 3724 2036 3802; x_wconf 87' lang='lat' dir='ltr'><strong>ordinationibus,</strong></span> <span class='ocrx_word' id='word_1_469' title='bbox 2059 3745 2101 3788; x_wconf 92' lang='lat' dir='ltr'><strong>eo</strong></span> <span class='ocrx_word' id='word_1_470' title='bbox 2117 3726 2221 3809; x_wconf 76' lang='lat' dir='ltr'><strong>magis</strong></span> <span class='ocrx_word' id='word_1_471' title='bbox 2235 3741 2354 3787; x_wconf 85' lang='lat' dir='ltr'><strong>cavere</strong></span> <span class='ocrx_word' id='word_1_472' title='bbox 2366 3721 2543 3785; x_wconf 81' lang='lat' dir='ltr'><strong>Pontifices</strong></span> 
     </span>
     <span class='ocr_line' id='line_1_35' title="bbox 562 3804 2544 3894; baseline -0.004 -20"><span class='ocrx_word' id='word_1_473' title='bbox 562 3809 758 3887; x_wconf 64' lang='lat' dir='ltr'><strong>conmmnit,</strong></span> <span class='ocrx_word' id='word_1_474' title='bbox 781 3815 889 3874; x_wconf 87' lang='lat' dir='ltr'><strong>tamen</strong></span> <span class='ocrx_word' id='word_1_475' title='bbox 917 3811 1057 3876; x_wconf 86' lang='lat' dir='ltr'><strong>docendi</strong></span> <span class='ocrx_word' id='word_1_476' title='bbox 1084 3821 1160 3874; x_wconf 89' lang='lat' dir='ltr'><strong>sunt</strong></span> <span class='ocrx_word' id='word_1_477' title='bbox 1185 3810 1248 3893; x_wconf 89' lang='lat' dir='ltr'><strong>pli,</strong></span> <span class='ocrx_word' id='word_1_478' title='bbox 1274 3808 1384 3875; x_wconf 90' lang='lat' dir='ltr'><strong>Deum</strong></span> <span class='ocrx_word' id='word_1_479' title='bbox 1404 3807 1531 3874; x_wconf 89' lang='lat' dir='ltr'><strong>nullum</strong></span> <span class='ocrx_word' id='word_1_480' title='bbox 1576 3811 1730 3894; x_wconf 90' lang='lat' dir='ltr'><strong>oportuit,</strong></span> <span class='ocrx_word' id='word_1_481' title='bbox 1754 3831 1795 3873; x_wconf 90' lang='lat' dir='ltr'><strong>ne</strong></span> <span class='ocrx_word' id='word_1_482' title='bbox 1812 3811 1952 3872; x_wconf 84' lang='lat' dir='ltr'><strong>iniustae</strong></span> <span class='ocrx_word' id='word_1_483' title='bbox 1971 3808 2064 3893; x_wconf 85' lang='lat' dir='ltr'><strong>leges</strong></span> <span class='ocrx_word' id='word_1_484' title='bbox 2082 3809 2197 3872; x_wconf 84' lang='lat' dir='ltr'><strong>entim</strong></span> <span class='ocrx_word' id='word_1_485' title='bbox 2220 3809 2242 3872; x_wconf 92' lang='lat' dir='ltr'><strong>ii</strong></span> <span class='ocrx_word' id='word_1_486' title='bbox 2261 3804 2369 3872; x_wconf 90' lang='lat' dir='ltr'><strong>cultus</strong></span> <span class='ocrx_word' id='word_1_487' title='bbox 2387 3808 2544 3869; x_wconf 90' lang='lat' dir='ltr'><strong>adderen-</strong></span> 
     </span>
     <span class='ocr_line' id='line_1_36' title="bbox 561 3889 2542 3984; baseline -0.002 -27"><span class='ocrx_word' id='word_1_488' title='bbox 561 3889 706 3958; x_wconf 80' lang='lat' dir='ltr'><strong>officinm</strong></span> <span class='ocrx_word' id='word_1_489' title='bbox 738 3897 844 3981; x_wconf 80' lang='lat' dir='ltr'><strong>magis</strong></span> <span class='ocrx_word' id='word_1_490' title='bbox 879 3899 1064 3984; x_wconf 80' lang='lat' dir='ltr'><strong>requirere,</strong></span> <span class='ocrx_word' id='word_1_491' title='bbox 1102 3915 1202 3980; x_wconf 87' lang='lat' dir='ltr'><strong>qnam</strong></span> <span class='ocrx_word' id='word_1_492' title='bbox 1233 3893 1330 3958; x_wconf 90' lang='lat' dir='ltr'><strong>buius</strong></span> <span class='ocrx_word' id='word_1_493' title='bbox 1362 3892 1533 3958; x_wconf 89' lang='lat' dir='ltr'><strong>ministerii</strong></span> <span class='ocrx_word' id='word_1_494' title='bbox 1575 3906 1628 3958; x_wconf 89' lang='lat' dir='ltr'><strong>tur</strong></span> <span class='ocrx_word' id='word_1_495' title='bbox 1650 3894 1815 3959; x_wconf 87' lang='lat' dir='ltr'><strong>veteribus</strong></span> <span class='ocrx_word' id='word_1_496' title='bbox 1839 3892 1989 3957; x_wconf 89' lang='lat' dir='ltr'><strong>ethonis</strong></span> <span class='ocrx_word' id='word_1_497' title='bbox 2011 3893 2138 3960; x_wconf 89' lang='lat' dir='ltr'><strong>ritibus.</strong></span> <span class='ocrx_word' id='word_1_498' title='bbox 2213 3913 2266 3955; x_wconf 91' lang='lat' dir='ltr'><strong>am</strong></span> <span class='ocrx_word' id='word_1_499' title='bbox 2288 3893 2429 3955; x_wconf 85' lang='lat' dir='ltr'><strong>iniustae</strong></span> <span class='ocrx_word' id='word_1_500' title='bbox 2450 3889 2542 3974; x_wconf 85' lang='lat' dir='ltr'><strong>leges</strong></span> 
     </span>
     <span class='ocr_line' id='line_1_37' title="bbox 562 3972 2542 4067; baseline -0.006 -21"><span class='ocrx_word' id='word_1_501' title='bbox 562 3979 859 4046; x_wconf 71' lang='lat' dir='ltr'><strong>eonsawattonem.</strong></span> <span class='ocrx_word' id='word_1_502' title='bbox 893 3979 966 4046; x_wconf 81' lang='lat' dir='ltr'><strong>Hoc</strong></span> <span class='ocrx_word' id='word_1_503' title='bbox 988 3982 1201 4067; x_wconf 79' lang='lat' dir='ltr'><strong>margaritum</strong></span> <span class='ocrx_word' id='word_1_504' title='bbox 1223 3989 1286 4056; x_wconf 86' lang='lat' dir='ltr'><strong>est,</strong></span> <span class='ocrx_word' id='word_1_505' title='bbox 1308 3978 1399 4062; x_wconf 88' lang='lat' dir='ltr'><strong>quod</strong></span> <span class='ocrx_word' id='word_1_506' title='bbox 1420 3977 1532 4042; x_wconf 90' lang='lat' dir='ltr'><strong>vendi·</strong></span> <span class='ocrx_word' id='word_1_507' title='bbox 1574 3997 1641 4058; x_wconf 84' lang='lat' dir='ltr'><strong>non</strong></span> <span class='ocrx_word' id='word_1_508' title='bbox 1664 3988 1741 4041; x_wconf 92' lang='lat' dir='ltr'><strong>sunt</strong></span> <span class='ocrx_word' id='word_1_509' title='bbox 1762 3974 1945 4054; x_wconf 87' lang='lat' dir='ltr'><strong>durabiles,</strong></span> <span class='ocrx_word' id='word_1_510' title='bbox 1975 3989 2006 4041; x_wconf 93' lang='lat' dir='ltr'><strong>et</strong></span> <span class='ocrx_word' id='word_1_511' title='bbox 2033 3986 2141 4040; x_wconf 88' lang='lat' dir='ltr'><strong>motae</strong></span> <span class='ocrx_word' id='word_1_512' title='bbox 2162 3972 2365 4040; x_wconf 82' lang='lat' dir='ltr'><strong>labefactant</strong></span> <span class='ocrx_word' id='word_1_513' title='bbox 2387 3972 2542 4056; x_wconf 90' lang='lat' dir='ltr'><strong>reliquam</strong></span> 
     </span>
     <span class='ocr_line' id='line_1_38' title="bbox 560 4055 2542 4148; baseline -0.01 -12"><span class='ocrx_word' id='word_1_514' title='bbox 560 4071 603 4136; x_wconf 81' lang='lat' dir='ltr'><strong>tn</strong></span> <span class='ocrx_word' id='word_1_515' title='bbox 624 4065 776 4134; x_wconf 87' lang='lat' dir='ltr'><strong>omnibns</strong></span> <span class='ocrx_word' id='word_1_516' title='bbox 798 4066 899 4129; x_wconf 90' lang='lat' dir='ltr'><strong>rebus</strong></span> <span class='ocrx_word' id='word_1_517' title='bbox 921 4081 1114 4148; x_wconf 87' lang='lat' dir='ltr'><strong>comparare</strong></span> <span class='ocrx_word' id='word_1_518' title='bbox 1134 4065 1231 4128; x_wconf 89' lang='lat' dir='ltr'><strong>nobis</strong></span> <span class='ocrx_word' id='word_1_519' title='bbox 1254 4064 1423 4127; x_wconf 88' lang='lat' dir='ltr'><strong>debemus.</strong></span> <span class='ocrx_word' id='word_1_520' title='bbox 1574 4059 1731 4145; x_wconf 88' lang='lat' dir='ltr'><strong>politiam,</strong></span> <span class='ocrx_word' id='word_1_521' title='bbox 1754 4063 1838 4126; x_wconf 90' lang='lat' dir='ltr'><strong>sicut</strong></span> <span class='ocrx_word' id='word_1_522' title='bbox 1854 4073 2059 4145; x_wconf 86' lang='lat' dir='ltr'><strong>apostemata</strong></span> <span class='ocrx_word' id='word_1_523' title='bbox 2075 4059 2222 4123; x_wconf 86' lang='lat' dir='ltr'><strong>lacerant</strong></span> <span class='ocrx_word' id='word_1_524' title='bbox 2240 4059 2395 4123; x_wconf 88' lang='lat' dir='ltr'><strong>chorium.</strong></span> <span class='ocrx_word' id='word_1_525' title='bbox 2424 4055 2542 4119; x_wconf 90' lang='lat' dir='ltr'><strong>Emen-</strong></span> 
     </span>
     <span class='ocr_line' id='line_1_39' title="bbox 646 4143 2542 4232; baseline -0.007 -17.424"><span class='ocrx_word' id='word_1_526' title='bbox 646 4150 885 4216; x_wconf 81' lang='lat' dir='ltr'><strong>Couservanda</strong></span> <span class='ocrx_word' id='word_1_527' title='bbox 912 4158 1091 4213; x_wconf 85' lang='lat' dir='ltr'><strong>astantem</strong></span> <span class='ocrx_word' id='word_1_528' title='bbox 1120 4160 1152 4212; x_wconf 91' lang='lat' dir='ltr'><strong>et</strong></span> <span class='ocrx_word' id='word_1_529' title='bbox 1173 4146 1278 4212; x_wconf 87' lang='lat' dir='ltr'><strong>altera</strong></span> <span class='ocrx_word' id='word_1_530' title='bbox 1297 4166 1393 4232; x_wconf 86' lang='lat' dir='ltr'><strong>pars,</strong></span> <span class='ocrx_word' id='word_1_531' title='bbox 1420 4143 1532 4210; x_wconf 88' lang='lat' dir='ltr'><strong>videli-</strong></span> <span class='ocrx_word' id='word_1_532' title='bbox 1575 4147 1659 4212; x_wconf 86' lang='lat' dir='ltr'><strong>datis</strong></span> <span class='ocrx_word' id='word_1_533' title='bbox 1681 4146 1780 4232; x_wconf 78' lang='lat' dir='ltr'><strong>igitur</strong></span> <span class='ocrx_word' id='word_1_534' title='bbox 1800 4147 1907 4225; x_wconf 89' lang='lat' dir='ltr'><strong>vitiis,</strong></span> <span class='ocrx_word' id='word_1_535' title='bbox 1929 4148 2011 4210; x_wconf 89' lang='lat' dir='ltr'><strong>ritus</strong></span> <span class='ocrx_word' id='word_1_536' title='bbox 2032 4143 2130 4211; x_wconf 89' lang='lat' dir='ltr'><strong>utiles</strong></span> <span class='ocrx_word' id='word_1_537' title='bbox 2152 4164 2298 4208; x_wconf 88' lang='lat' dir='ltr'><strong>amemus</strong></span> <span class='ocrx_word' id='word_1_538' title='bbox 2317 4154 2348 4206; x_wconf 93' lang='lat' dir='ltr'><strong>et</strong></span> <span class='ocrx_word' id='word_1_539' title='bbox 2365 4159 2542 4204; x_wconf 89' lang='lat' dir='ltr'><strong>conserve-</strong></span> 
     </span>
     <span class='ocr_line' id='line_1_40' title="bbox 563 4221 2542 4318; baseline -0.011 -11"><span class='ocrx_word' id='word_1_540' title='bbox 563 4249 617 4311; x_wconf 73' lang='grc' dir='ltr'><strong>εει</strong></span> <span class='ocrx_word' id='word_1_541' title='bbox 644 4231 764 4318; x_wconf 56' lang='lat' dir='ltr'><strong>elicita</strong></span> <span class='ocrx_word' id='word_1_542' title='bbox 788 4235 981 4302; x_wconf 81' lang='lat' dir='ltr'><strong>necessaria</strong></span> <span class='ocrx_word' id='word_1_543' title='bbox 1001 4232 1175 4300; x_wconf 87' lang='lat' dir='ltr'><strong>Ecclesiae</strong></span> <span class='ocrx_word' id='word_1_544' title='bbox 1203 4233 1245 4297; x_wconf 89' lang='lat' dir='ltr'><strong>ad</strong></span> <span class='ocrx_word' id='word_1_545' title='bbox 1272 4229 1479 4317; x_wconf 88' lang='lat' dir='ltr'><strong>disciplinam</strong></span> <span class='ocrx_word' id='word_1_546' title='bbox 1501 4239 1533 4294; x_wconf 86' lang='grc' dir='ltr'><strong>ει</strong></span> <span class='ocrx_word' id='word_1_547' title='bbox 1574 4251 1659 4308; x_wconf 88' lang='grc' dir='ltr'>ιιιιιε,</span> <span class='ocrx_word' id='word_1_548' title='bbox 1680 4232 1875 4315; x_wconf 86' lang='lat' dir='ltr'><strong>praesertim</strong></span> <span class='ocrx_word' id='word_1_549' title='bbox 1897 4251 1969 4295; x_wconf 92' lang='lat' dir='ltr'><strong>cum</strong></span> <span class='ocrx_word' id='word_1_550' title='bbox 1991 4227 2114 4294; x_wconf 88' lang='lat' dir='ltr'><strong>Paulus</strong></span> <span class='ocrx_word' id='word_1_551' title='bbox 2144 4229 2187 4304; x_wconf 91' lang='lat' dir='ltr'><strong>[l.</strong></span> <span class='ocrx_word' id='word_1_552' title='bbox 2211 4226 2288 4292; x_wconf 86' lang='lat' dir='ltr'><strong>Cor.</strong></span> <span class='ocrx_word' id='word_1_553' title='bbox 2317 4227 2366 4289; x_wconf 89' lang='grc'><strong>14.</strong></span> <span class='ocrx_word' id='word_1_554' title='bbox 2396 4221 2470 4288; x_wconf 87' lang='lat' dir='ltr'><strong>Gal.</strong></span> <span class='ocrx_word' id='word_1_555' title='bbox 2495 4223 2542 4305; x_wconf 87' lang='grc'><strong>3.]</strong></span> 
     </span>
     <span class='ocr_line' id='line_1_41' title="bbox 561 4310 2543 4414; baseline -0.013 -19"><span class='ocrx_word' id='word_1_556' title='bbox 561 4315 841 4414; x_wconf 68' lang='lat' dir='ltr'><strong>tranquillitatem</strong></span> <span class='ocrx_word' id='word_1_557' title='bbox 864 4323 952 4405; x_wconf 89' lang='lat' dir='ltr'><strong>quia,</strong></span> <span class='ocrx_word' id='word_1_558' title='bbox 974 4341 1049 4384; x_wconf 92' lang='lat' dir='ltr'><strong>cnm</strong></span> <span class='ocrx_word' id='word_1_559' title='bbox 1070 4319 1282 4383; x_wconf 84' lang='lat' dir='ltr'><strong>ministerium</strong></span> <span class='ocrx_word' id='word_1_560' title='bbox 1304 4317 1458 4382; x_wconf 86' lang='lat' dir='ltr'><strong>divinitus</strong></span> <span class='ocrx_word' id='word_1_561' title='bbox 1480 4337 1532 4381; x_wconf 93' lang='lat' dir='ltr'><strong>or·</strong></span> <span class='ocrx_word' id='word_1_562' title='bbox 1574 4317 1792 4401; x_wconf 89' lang='lat' dir='ltr'><strong>praeceperit,</strong></span> <span class='ocrx_word' id='word_1_563' title='bbox 1824 4325 1861 4380; x_wconf 89' lang='lat' dir='ltr'><strong>nt</strong></span> <span class='ocrx_word' id='word_1_564' title='bbox 1887 4315 1920 4378; x_wconf 90' lang='lat' dir='ltr'><strong>in</strong></span> <span class='ocrx_word' id='word_1_565' title='bbox 1942 4313 2094 4380; x_wconf 87' lang='lat' dir='ltr'><strong>Ecclesia</strong></span> <span class='ocrx_word' id='word_1_566' title='bbox 2122 4314 2230 4377; x_wconf 90' lang='lat' dir='ltr'><strong>omnia</strong></span> <span class='ocrx_word' id='word_1_567' title='bbox 2259 4311 2338 4374; x_wconf 87' lang='lat' dir='ltr'><strong>liant</strong></span> <span class='ocrx_word' id='word_1_568' title='bbox 2366 4310 2481 4372; x_wconf 90' lang='lat' dir='ltr'><strong>ordine</strong></span> <span class='ocrx_word' id='word_1_569' title='bbox 2510 4317 2543 4370; x_wconf 90' lang='lat' dir='ltr'><strong>et</strong></span> 
     </span>
     <span class='ocr_line' id='line_1_42' title="bbox 563 4397 2543 4487; baseline -0.013 -8"><span class='ocrx_word' id='word_1_570' title='bbox 563 4414 707 4480; x_wconf 85' lang='lat' dir='ltr'><strong>dinatum</strong></span> <span class='ocrx_word' id='word_1_571' title='bbox 735 4409 855 4474; x_wconf 90' lang='lat' dir='ltr'><strong>debeat</strong></span> <span class='ocrx_word' id='word_1_572' title='bbox 881 4425 958 4470; x_wconf 89' lang='lat' dir='ltr'><strong>esse</strong></span> <span class='ocrx_word' id='word_1_573' title='bbox 978 4401 1145 4487; x_wconf 90' lang='lat' dir='ltr'><strong>publicum</strong></span> <span class='ocrx_word' id='word_1_574' title='bbox 1171 4413 1203 4468; x_wconf 87' lang='lat' dir='ltr'><strong>et</strong></span> <span class='ocrx_word' id='word_1_575' title='bbox 1231 4413 1414 4480; x_wconf 82' lang='lat' dir='ltr'><strong>externum,</strong></span> <span class='ocrx_word' id='word_1_576' title='bbox 1447 4420 1531 4484; x_wconf 90' lang='lat' dir='ltr'><strong>opus</strong></span> <span class='ocrx_word' id='word_1_577' title='bbox 1576 4402 1740 4465; x_wconf 90' lang='lat' dir='ltr'><strong>decenter.</strong></span> <span class='ocrx_word' id='word_1_578' title='bbox 1784 4397 1826 4463; x_wconf 89' lang='lat' dir='ltr'><strong>Et</strong></span> <span class='ocrx_word' id='word_1_579' title='bbox 1851 4399 2058 4485; x_wconf 76' lang='lat' dir='ltr'><strong>paedagogia</strong></span> <span class='ocrx_word' id='word_1_580' title='bbox 2084 4399 2157 4481; x_wconf 90' lang='lat' dir='ltr'><strong>ipsa</strong></span> <span class='ocrx_word' id='word_1_581' title='bbox 2188 4397 2342 4480; x_wconf 90' lang='lat' dir='ltr'><strong>prodest,</strong></span> <span class='ocrx_word' id='word_1_582' title='bbox 2374 4405 2410 4458; x_wconf 91' lang='lat' dir='ltr'><strong>ut</strong></span> <span class='ocrx_word' id='word_1_583' title='bbox 2443 4411 2543 4473; x_wconf 89' lang='lat' dir='ltr'><strong>saepe</strong></span> 
     </span>
     <span class='ocr_line' id='line_1_43' title="bbox 564 4485 1779 4582; baseline -0.012 -19"><span class='ocrx_word' id='word_1_584' title='bbox 564 4503 617 4563; x_wconf 71' lang='grc' dir='ltr'><strong>εει</strong></span> <span class='ocrx_word' id='word_1_585' title='bbox 648 4492 812 4582; x_wconf 85' lang='lat' dir='ltr'><strong>aliquibus</strong></span> <span class='ocrx_word' id='word_1_586' title='bbox 844 4491 996 4556; x_wconf 89' lang='lat' dir='ltr'><strong>humanis</strong></span> <span class='ocrx_word' id='word_1_587' title='bbox 1025 4489 1296 4554; x_wconf 85' lang='lat' dir='ltr'><strong>ordinationibus.</strong></span> <span class='ocrx_word' id='word_1_588' title='bbox 1339 4486 1428 4565; x_wconf 88' lang='lat' dir='ltr'><strong>llas,</strong></span> <span class='ocrx_word' id='word_1_589' title='bbox 1456 4485 1533 4569; x_wconf 88' lang='lat' dir='ltr'><strong>qula</strong></span> <span class='ocrx_word' id='word_1_590' title='bbox 1575 4487 1695 4551; x_wconf 90' lang='lat' dir='ltr'><strong>dictum</strong></span> <span class='ocrx_word' id='word_1_591' title='bbox 1718 4498 1779 4549; x_wconf 88' lang='lat' dir='ltr'><strong>est.</strong></span> 
     </span>
     <span class='ocr_line' id='line_1_44' title="bbox 564 4557 2542 4654; baseline -0.014 -6"><span class='ocrx_word' id='word_1_592' title='bbox 564 4583 710 4647; x_wconf 86' lang='lat' dir='ltr'><strong>serviunt</strong></span> <span class='ocrx_word' id='word_1_593' title='bbox 731 4577 911 4642; x_wconf 87' lang='lat' dir='ltr'><strong>ministerio</strong></span> <span class='ocrx_word' id='word_1_594' title='bbox 934 4575 1088 4640; x_wconf 88' lang='lat' dir='ltr'><strong>divinitus</strong></span> <span class='ocrx_word' id='word_1_595' title='bbox 1109 4573 1256 4638; x_wconf 88' lang='lat' dir='ltr'><strong>instituto</strong></span> <span class='ocrx_word' id='word_1_596' title='bbox 1279 4581 1312 4636; x_wconf 91' lang='lat' dir='ltr'><strong>et</strong></span> <span class='ocrx_word' id='word_1_597' title='bbox 1331 4581 1470 4654; x_wconf 92' lang='lat' dir='ltr'><strong>prosunt</strong></span> <span class='ocrx_word' id='word_1_598' title='bbox 1489 4569 1532 4633; x_wconf 88' lang='lat' dir='ltr'><strong>ad</strong></span> <span class='ocrx_word' id='word_1_599' title='bbox 1659 4569 1744 4633; x_wconf 88' lang='lat' dir='ltr'><strong>Nam</strong></span> <span class='ocrx_word' id='word_1_600' title='bbox 1771 4589 1845 4633; x_wconf 92' lang='lat' dir='ltr'><strong>cum</strong></span> <span class='ocrx_word' id='word_1_601' title='bbox 1873 4568 2021 4632; x_wconf 87' lang='lat' dir='ltr'><strong>audimus</strong></span> <span class='ocrx_word' id='word_1_602' title='bbox 2049 4577 2081 4630; x_wconf 89' lang='grc' dir='ltr'><strong>ει</strong></span> <span class='ocrx_word' id='word_1_603' title='bbox 2109 4576 2288 4629; x_wconf 90' lang='lat' dir='ltr'><strong>tractamus</strong></span> <span class='ocrx_word' id='word_1_604' title='bbox 2315 4557 2542 4647; x_wconf 83' lang='lat' dir='ltr'><strong>Evangellum,</strong></span> 
     </span>
     <span class='ocr_line' id='line_1_45' title="bbox 565 4645 2543 4750; baseline -0.013 -19"><span class='ocrx_word' id='word_1_605' title='bbox 565 4661 770 4750; x_wconf 80' lang='lat' dir='ltr'><strong>disciplinam</strong></span> <span class='ocrx_word' id='word_1_606' title='bbox 788 4673 822 4726; x_wconf 90' lang='lat' dir='ltr'><strong>et</strong></span> <span class='ocrx_word' id='word_1_607' title='bbox 838 4657 1111 4744; x_wconf 80' lang='lat' dir='ltr'><strong>tranquillitatem,</strong></span> <span class='ocrx_word' id='word_1_608' title='bbox 1134 4659 1229 4721; x_wconf 90' lang='lat' dir='ltr'><strong>etiam</strong></span> <span class='ocrx_word' id='word_1_609' title='bbox 1247 4657 1403 4719; x_wconf 86' lang='lat' dir='ltr'><strong>debemus</strong></span> <span class='ocrx_word' id='word_1_610' title='bbox 1420 4673 1532 4718; x_wconf 87' lang='lat' dir='ltr'><strong>amare</strong></span> <span class='ocrx_word' id='word_1_611' title='bbox 1575 4665 1674 4720; x_wconf 90' lang='lat' dir='ltr'><strong>vocat</strong></span> <span class='ocrx_word' id='word_1_612' title='bbox 1696 4653 1788 4718; x_wconf 91' lang='lat' dir='ltr'><strong>Dens</strong></span> <span class='ocrx_word' id='word_1_613' title='bbox 1817 4649 1941 4716; x_wconf 82' lang='lat' dir='ltr'><strong>dociles</strong></span> <span class='ocrx_word' id='word_1_614' title='bbox 1963 4651 2100 4727; x_wconf 90' lang='lat' dir='ltr'><strong>animos,</strong></span> <span class='ocrx_word' id='word_1_615' title='bbox 2123 4661 2154 4713; x_wconf 91' lang='lat' dir='ltr'><strong>et</strong></span> <span class='ocrx_word' id='word_1_616' title='bbox 2176 4659 2228 4713; x_wconf 90' lang='lat' dir='ltr'><strong>est</strong></span> <span class='ocrx_word' id='word_1_617' title='bbox 2249 4645 2366 4712; x_wconf 83' lang='lat' dir='ltr'><strong>efficax</strong></span> <span class='ocrx_word' id='word_1_618' title='bbox 2389 4667 2450 4730; x_wconf 89' lang='lat' dir='ltr'><strong>per</strong></span> <span class='ocrx_word' id='word_1_619' title='bbox 2470 4663 2543 4707; x_wconf 84' lang='lat' dir='ltr'><strong>ver-</strong></span> 
     </span>
     <span class='ocr_line' id='line_1_46' title="bbox 566 4729 2542 4828; baseline -0.013 -13"><span class='ocrx_word' id='word_1_620' title='bbox 566 4761 599 4816; x_wconf 90' lang='lat' dir='ltr'><strong>et</strong></span> <span class='ocrx_word' id='word_1_621' title='bbox 626 4764 836 4822; x_wconf 74' lang='lat' dir='ltr'><strong>conseruare.</strong></span> <span class='ocrx_word' id='word_1_622' title='bbox 881 4744 922 4808; x_wconf 88' lang='lat' dir='ltr'><strong>Et</strong></span> <span class='ocrx_word' id='word_1_623' title='bbox 949 4744 1102 4828; x_wconf 87' lang='lat' dir='ltr'><strong>quoniam</strong></span> <span class='ocrx_word' id='word_1_624' title='bbox 1148 4741 1261 4805; x_wconf 85' lang='lat' dir='ltr'><strong>atinde</strong></span> <span class='ocrx_word' id='word_1_625' title='bbox 1284 4761 1346 4804; x_wconf 84' lang='lat' dir='ltr'><strong>rros</strong></span> <span class='ocrx_word' id='word_1_626' title='bbox 1368 4737 1532 4814; x_wconf 88' lang='lat' dir='ltr'><strong>Ecclesia,</strong></span> <span class='ocrx_word' id='word_1_627' title='bbox 1575 4740 1669 4814; x_wconf 73' lang='lat' dir='ltr'><strong>bum,</strong></span> <span class='ocrx_word' id='word_1_628' title='bbox 1691 4737 1739 4801; x_wconf 92' lang='lat' dir='ltr'><strong>lta</strong></span> <span class='ocrx_word' id='word_1_629' title='bbox 1757 4738 1954 4801; x_wconf 83' lang='lat' dir='ltr'><strong>conveniunt</strong></span> <span class='ocrx_word' id='word_1_630' title='bbox 1973 4746 2005 4799; x_wconf 92' lang='lat' dir='ltr'><strong>et</strong></span> <span class='ocrx_word' id='word_1_631' title='bbox 2024 4748 2164 4799; x_wconf 87' lang='lat' dir='ltr'><strong>caetera.</strong></span> <span class='ocrx_word' id='word_1_632' title='bbox 2193 4733 2238 4796; x_wconf 86' lang='lat' dir='ltr'><strong>Ut</strong></span> <span class='ocrx_word' id='word_1_633' title='bbox 2255 4731 2359 4795; x_wconf 90' lang='lat' dir='ltr'><strong>fibrae</strong></span> <span class='ocrx_word' id='word_1_634' title='bbox 2376 4729 2542 4794; x_wconf 88' lang='lat' dir='ltr'><strong>attrahunt</strong></span> 
     </span>
     <span class='ocr_line' id='line_1_47' title="bbox 564 4813 2542 4926; baseline -0.013 -27"><span class='ocrx_word' id='word_1_635' title='bbox 564 4843 603 4899; x_wconf 88' lang='lat' dir='ltr'><strong>ut</strong></span> <span class='ocrx_word' id='word_1_636' title='bbox 623 4829 719 4897; x_wconf 87' lang='lat' dir='ltr'><strong>alvus</strong></span> <span class='ocrx_word' id='word_1_637' title='bbox 739 4829 863 4896; x_wconf 78' lang='lat' dir='ltr'><strong>loetum</strong></span> <span class='ocrx_word' id='word_1_638' title='bbox 886 4831 1030 4893; x_wconf 87' lang='lat' dir='ltr'><strong>continet</strong></span> <span class='ocrx_word' id='word_1_639' title='bbox 1050 4847 1090 4892; x_wconf 94' lang='lat' dir='ltr'><strong>ac</strong></span> <span class='ocrx_word' id='word_1_640' title='bbox 1126 4837 1218 4903; x_wconf 86' lang='lat' dir='ltr'><strong>ovet,</strong></span> <span class='ocrx_word' id='word_1_641' title='bbox 1241 4844 1341 4926; x_wconf 89' lang='lat' dir='ltr'><strong>saepe</strong></span> <span class='ocrx_word' id='word_1_642' title='bbox 1364 4825 1447 4887; x_wconf 90' lang='lat' dir='ltr'><strong>anim</strong></span> <span class='ocrx_word' id='word_1_643' title='bbox 1468 4821 1533 4886; x_wconf 86' lang='lat' dir='ltr'><strong>bac</strong></span> <span class='ocrx_word' id='word_1_644' title='bbox 1574 4824 1815 4897; x_wconf 88' lang='lat' dir='ltr'><strong>nutrimentum,</strong></span> <span class='ocrx_word' id='word_1_645' title='bbox 1836 4839 1898 4902; x_wconf 91' lang='lat' dir='ltr'><strong>per</strong></span> <span class='ocrx_word' id='word_1_646' title='bbox 1919 4819 2066 4885; x_wconf 88' lang='lat' dir='ltr'><strong>chorium</strong></span> <span class='ocrx_word' id='word_1_647' title='bbox 2084 4817 2203 4883; x_wconf 81' lang='lat' dir='ltr'><strong>affixae</strong></span> <span class='ocrx_word' id='word_1_648' title='bbox 2221 4815 2476 4901; x_wconf 89' lang='lat' dir='ltr'><strong>cotylidonibus,</strong></span> <span class='ocrx_word' id='word_1_649' title='bbox 2498 4813 2542 4874; x_wconf 91' lang='lat' dir='ltr'><strong>ita</strong></span> 
     </span>
     <span class='ocr_line' id='line_1_48' title="bbox 566 4905 2542 5002; baseline -0.012 -21"><span class='ocrx_word' id='word_1_650' title='bbox 566 4914 774 4982; x_wconf 84' lang='lat' dir='ltr'><strong>similitudine</strong></span> <span class='ocrx_word' id='word_1_651' title='bbox 801 4912 988 4998; x_wconf 88' lang='lat' dir='ltr'><strong>Prophetae</strong></span> <span class='ocrx_word' id='word_1_652' title='bbox 1013 4913 1162 4986; x_wconf 80' lang='lat' dir='ltr'><strong>utuntur,</strong></span> <span class='ocrx_word' id='word_1_653' title='bbox 1194 4910 1278 4974; x_wconf 90' lang='lat' dir='ltr'><strong>haec</strong></span> <span class='ocrx_word' id='word_1_654' title='bbox 1306 4927 1379 4993; x_wconf 79' lang='lat' dir='ltr'><strong>ipsa</strong></span> <span class='ocrx_word' id='word_1_655' title='bbox 1428 4907 1533 4972; x_wconf 87' lang='lat' dir='ltr'><strong>icturn</strong></span> <span class='ocrx_word' id='word_1_656' title='bbox 1575 4927 1638 4971; x_wconf 90' lang='lat' dir='ltr'><strong>nos</strong></span> <span class='ocrx_word' id='word_1_657' title='bbox 1665 4923 1796 4991; x_wconf 89' lang='lat' dir='ltr'><strong>qnoque</strong></span> <span class='ocrx_word' id='word_1_658' title='bbox 1824 4906 1994 4983; x_wconf 88' lang='lat' dir='ltr'><strong>docemur,</strong></span> <span class='ocrx_word' id='word_1_659' title='bbox 2028 4917 2060 4968; x_wconf 92' lang='lat' dir='ltr'><strong>et</strong></span> <span class='ocrx_word' id='word_1_660' title='bbox 2087 4905 2225 4987; x_wconf 87' lang='lat' dir='ltr'><strong>primum</strong></span> <span class='ocrx_word' id='word_1_661' title='bbox 2254 4921 2334 4984; x_wconf 91' lang='lat' dir='ltr'><strong>epar</strong></span> <span class='ocrx_word' id='word_1_662' title='bbox 2354 4907 2542 5002; x_wconf 73' lang='lat' dir='ltr'><strong>generatur,</strong></span> 
     </span>
     <span class='ocr_line' id='line_1_49' title="bbox 504 4987 2542 5069; baseline -0.01 -5"><span class='ocrx_word' id='word_1_663' title='bbox 504 5054 510 5064; x_wconf 93' lang='lat'><strong>.</strong></span> <span class='ocrx_word' id='word_1_664' title='bbox 565 4997 677 5066; x_wconf 87' lang='lat' dir='ltr'><strong>multis</strong></span> <span class='ocrx_word' id='word_1_665' title='bbox 698 4999 862 5064; x_wconf 89' lang='lat' dir='ltr'><strong>derebus</strong></span> <span class='ocrx_word' id='word_1_666' title='bbox 883 5015 947 5060; x_wconf 89' lang='lat' dir='ltr'><strong>nos</strong></span> <span class='ocrx_word' id='word_1_667' title='bbox 968 4995 1130 5060; x_wconf 88' lang='lat' dir='ltr'><strong>admonet.</strong></span> <span class='ocrx_word' id='word_1_668' title='bbox 1173 4989 1281 5058; x_wconf 74' lang='lat' dir='ltr'><strong>alvus</strong></span> <span class='ocrx_word' id='word_1_669' title='bbox 1302 4990 1394 5058; x_wconf 87' lang='lat' dir='ltr'><strong>velut</strong></span> <span class='ocrx_word' id='word_1_670' title='bbox 1445 4989 1534 5057; x_wconf 93' lang='lat' dir='ltr'><strong>ccle-</strong></span> <span class='ocrx_word' id='word_1_671' title='bbox 1575 4993 1641 5055; x_wconf 90' lang='lat' dir='ltr'><strong>hoc</strong></span> <span class='ocrx_word' id='word_1_672' title='bbox 1661 5002 1722 5068; x_wconf 84' lang='lat' dir='ltr'><strong>est,</strong></span> <span class='ocrx_word' id='word_1_673' title='bbox 1749 4990 2004 5053; x_wconf 85' lang='lat' dir='ltr'><strong>ceremoniarum</strong></span> <span class='ocrx_word' id='word_1_674' title='bbox 2027 4989 2176 5054; x_wconf 87' lang='lat' dir='ltr'><strong>doctrina</strong></span> <span class='ocrx_word' id='word_1_675' title='bbox 2197 4997 2230 5050; x_wconf 87' lang='lat' dir='ltr'><strong>et</strong></span> <span class='ocrx_word' id='word_1_676' title='bbox 2250 4987 2456 5069; x_wconf 78' lang='lat' dir='ltr'><strong>paedagogia</strong></span> <span class='ocrx_word' id='word_1_677' title='bbox 2477 4993 2542 5048; x_wconf 90' lang='lat' dir='ltr'><strong>tra·</strong></span> 
     </span>
     <span class='ocr_line' id='line_1_50' title="bbox 566 5065 2542 5164; baseline -0.012 -15"><span class='ocrx_word' id='word_1_678' title='bbox 566 5083 618 5149; x_wconf 82' lang='lat' dir='ltr'><strong>sla</strong></span> <span class='ocrx_word' id='word_1_679' title='bbox 646 5091 716 5162; x_wconf 82' lang='lat' dir='ltr'><strong>est,</strong></span> <span class='ocrx_word' id='word_1_680' title='bbox 748 5101 853 5146; x_wconf 88' lang='lat' dir='ltr'><strong>venae</strong></span> <span class='ocrx_word' id='word_1_681' title='bbox 881 5079 1025 5164; x_wconf 89' lang='lat' dir='ltr'><strong>undique</strong></span> <span class='ocrx_word' id='word_1_682' title='bbox 1053 5079 1086 5143; x_wconf 92' lang='lat' dir='ltr'><strong>in</strong></span> <span class='ocrx_word' id='word_1_683' title='bbox 1112 5074 1222 5143; x_wconf 86' lang='lat' dir='ltr'><strong>alvum</strong></span> <span class='ocrx_word' id='word_1_684' title='bbox 1255 5079 1414 5142; x_wconf 87' lang='lat' dir='ltr'><strong>deductae</strong></span> <span class='ocrx_word' id='word_1_685' title='bbox 1446 5085 1534 5152; x_wconf 90' lang='lat' dir='ltr'><strong>sunt,</strong></span> <span class='ocrx_word' id='word_1_686' title='bbox 1576 5075 1676 5148; x_wconf 79' lang='lat' dir='ltr'><strong>ditur3</strong></span> <span class='ocrx_word' id='word_1_687' title='bbox 1715 5073 1807 5139; x_wconf 88' lang='lat' dir='ltr'><strong>llaec</strong></span> <span class='ocrx_word' id='word_1_688' title='bbox 1841 5075 1924 5137; x_wconf 91' lang='lat' dir='ltr'><strong>enim</strong></span> <span class='ocrx_word' id='word_1_689' title='bbox 1956 5074 2138 5138; x_wconf 88' lang='lat' dir='ltr'><strong>rudimenta</strong></span> <span class='ocrx_word' id='word_1_690' title='bbox 2170 5081 2261 5146; x_wconf 85' lang='grc' dir='ltr'>ειιιιι,</span> <span class='ocrx_word' id='word_1_691' title='bbox 2300 5066 2390 5132; x_wconf 83' lang='grc' dir='ltr'>ιιε1ιιι</span> <span class='ocrx_word' id='word_1_692' title='bbox 2421 5065 2476 5129; x_wconf 90' lang='lat' dir='ltr'><strong>lac</strong></span> <span class='ocrx_word' id='word_1_693' title='bbox 2510 5074 2542 5126; x_wconf 91' lang='lat' dir='ltr'><strong>et</strong></span> 
     </span>
     <span class='ocr_line' id='line_1_51' title="bbox 568 5153 2543 5253; baseline -0.012 -18"><span class='ocrx_word' id='word_1_694' title='bbox 568 5181 706 5253; x_wconf 79' lang='lat' dir='ltr'><strong>quarum</strong></span> <span class='ocrx_word' id='word_1_695' title='bbox 728 5165 870 5242; x_wconf 84' lang='lat' dir='ltr'><strong>crificia,</strong></span> <span class='ocrx_word' id='word_1_696' title='bbox 899 5175 935 5227; x_wconf 93' lang='grc' dir='ltr'><strong>ιιι</strong></span> <span class='ocrx_word' id='word_1_697' title='bbox 963 5161 1113 5246; x_wconf 89' lang='lat' dir='ltr'><strong>amplecti</strong></span> <span class='ocrx_word' id='word_1_698' title='bbox 1134 5160 1257 5228; x_wconf 87' lang='lat' dir='ltr'><strong>foetum</strong></span> <span class='ocrx_word' id='word_1_699' title='bbox 1278 5163 1425 5246; x_wconf 89' lang='lat' dir='ltr'><strong>possint,</strong></span> <span class='ocrx_word' id='word_1_700' title='bbox 1458 5169 1534 5224; x_wconf 89' lang='lat' dir='ltr'><strong>sunt</strong></span> <span class='ocrx_word' id='word_1_701' title='bbox 1575 5159 1714 5244; x_wconf 88' lang='lat' dir='ltr'><strong>primum</strong></span> <span class='ocrx_word' id='word_1_702' title='bbox 1740 5157 1968 5223; x_wconf 86' lang='lat' dir='ltr'><strong>nutrimentum</strong></span> <span class='ocrx_word' id='word_1_703' title='bbox 1994 5158 2141 5240; x_wconf 81' lang='lat' dir='ltr'><strong>pietatis3</strong></span> <span class='ocrx_word' id='word_1_704' title='bbox 2172 5153 2293 5217; x_wconf 88' lang='lat' dir='ltr'><strong>Postea</strong></span> <span class='ocrx_word' id='word_1_705' title='bbox 2315 5153 2487 5217; x_wconf 86' lang='lat' dir='ltr'><strong>cerebrum</strong></span> <span class='ocrx_word' id='word_1_706' title='bbox 2510 5159 2543 5212; x_wconf 90' lang='lat' dir='ltr'><strong>et</strong></span> 
     </span>
     <span class='ocr_line' id='line_1_52' title="bbox 568 5235 2543 5335; baseline -0.009 -19"><span class='ocrx_word' id='word_1_707' title='bbox 568 5250 657 5318; x_wconf 82' lang='lat' dir='ltr'><strong>velut</strong></span> <span class='ocrx_word' id='word_1_708' title='bbox 687 5248 799 5335; x_wconf 91' lang='lat' dir='ltr'><strong>polypi</strong></span> <span class='ocrx_word' id='word_1_709' title='bbox 827 5246 1042 5333; x_wconf 89' lang='lat' dir='ltr'><strong>cotylidcnes.</strong></span> <span class='ocrx_word' id='word_1_710' title='bbox 1084 5245 1222 5312; x_wconf 85' lang='lat' dir='ltr'><strong>Foetum</strong></span> <span class='ocrx_word' id='word_1_711' title='bbox 1246 5259 1353 5310; x_wconf 89' lang='lat' dir='ltr'><strong>autem</strong></span> <span class='ocrx_word' id='word_1_712' title='bbox 1381 5240 1535 5326; x_wconf 86' lang='lat' dir='ltr'><strong>pellicula</strong></span> <span class='ocrx_word' id='word_1_713' title='bbox 1576 5262 1647 5320; x_wconf 88' lang='lat' dir='ltr'><strong>cor,</strong></span> <span class='ocrx_word' id='word_1_714' title='bbox 1666 5240 1732 5307; x_wconf 90' lang='lat' dir='ltr'><strong>hoc</strong></span> <span class='ocrx_word' id='word_1_715' title='bbox 1755 5253 1817 5319; x_wconf 91' lang='lat' dir='ltr'><strong>est,</strong></span> <span class='ocrx_word' id='word_1_716' title='bbox 1840 5242 1989 5307; x_wconf 89' lang='lat' dir='ltr'><strong>doctrina</strong></span> <span class='ocrx_word' id='word_1_717' title='bbox 2010 5240 2086 5305; x_wconf 88' lang='lat' dir='ltr'><strong>fidei</strong></span> <span class='ocrx_word' id='word_1_718' title='bbox 2108 5249 2141 5304; x_wconf 90' lang='lat' dir='ltr'><strong>et</strong></span> <span class='ocrx_word' id='word_1_719' title='bbox 2155 5257 2243 5302; x_wconf 87' lang='lat' dir='ltr'><strong>nova</strong></span> <span class='ocrx_word' id='word_1_720' title='bbox 2258 5237 2326 5301; x_wconf 88' lang='lat' dir='ltr'><strong>vita</strong></span> <span class='ocrx_word' id='word_1_721' title='bbox 2343 5248 2377 5300; x_wconf 92' lang='lat' dir='ltr'><strong>et</strong></span> <span class='ocrx_word' id='word_1_722' title='bbox 2391 5235 2543 5319; x_wconf 83' lang='lat' dir='ltr'><strong>spiritua·</strong></span> 
     </span>
     <span class='ocr_line' id='line_1_53' title="bbox 569 5319 2542 5435; baseline -0.011 -34"><span class='ocrx_word' id='word_1_723' title='bbox 569 5336 760 5412; x_wconf 85' lang='lat' dir='ltr'><strong>circumdat,</strong></span> <span class='ocrx_word' id='word_1_724' title='bbox 782 5353 866 5416; x_wconf 87' lang='lat' dir='ltr'><strong>quae</strong></span> <span class='ocrx_word' id='word_1_725' title='bbox 887 5331 986 5433; x_wconf 65' lang='lat' dir='ltr'><strong>gipsae</strong></span> <span class='ocrx_word' id='word_1_726' title='bbox 1006 5343 1274 5435; x_wconf 38' lang='lat' dir='ltr'><strong>vocatur,.quam</strong></span> <span class='ocrx_word' id='word_1_727' title='bbox 1296 5328 1535 5412; x_wconf 88' lang='lat' dir='ltr'><strong>amplectuntur</strong></span> <span class='ocrx_word' id='word_1_728' title='bbox 1572 5325 1616 5390; x_wconf 89' lang='lat' dir='ltr'><strong>lls</strong></span> <span class='ocrx_word' id='word_1_729' title='bbox 1646 5327 1782 5390; x_wconf 88' lang='lat' dir='ltr'><strong>accedit.</strong></span> <span class='ocrx_word' id='word_1_730' title='bbox 1821 5326 1937 5410; x_wconf 89' lang='lat' dir='ltr'><strong>Neque</strong></span> <span class='ocrx_word' id='word_1_731' title='bbox 1964 5324 2048 5388; x_wconf 89' lang='lat' dir='ltr'><strong>haec</strong></span> <span class='ocrx_word' id='word_1_732' title='bbox 2075 5324 2196 5386; x_wconf 88' lang='lat' dir='ltr'><strong>debent</strong></span> <span class='ocrx_word' id='word_1_733' title='bbox 2218 5341 2295 5385; x_wconf 80' lang='lat' dir='ltr'><strong>esse</strong></span> <span class='ocrx_word' id='word_1_734' title='bbox 2323 5321 2449 5396; x_wconf 84' lang='lat' dir='ltr'><strong>otiosa,</strong></span> <span class='ocrx_word' id='word_1_735' title='bbox 2480 5319 2542 5381; x_wconf 88' lang='lat' dir='ltr'><strong>sed</strong></span> 
     </span>
     <span class='ocr_line' id='line_1_54' title="bbox 569 5409 1963 5646; baseline -0.004 -81"><span class='ocrx_word' id='word_1_736' title='bbox 569 5409 1535 5646; x_wconf 56' lang='lat' dir='ltr'><strong>ip..</strong></span> <span class='ocrx_word' id='word_1_737' title='bbox 1578 5448 1773 5460; x_wconf 85' lang='grc'><strong>--</strong></span> <span class='ocrx_word' id='word_1_738' title='bbox 1912 5513 1963 5574; x_wconf 82' lang='lat'><strong>...</strong></span> 
     </span>
    </p>
   </div>
   <div class='ocr_carea' id='block_1_3' title="bbox 571 5581 2091 5668">
    <p class='ocr_par' dir='ltr' id='par_1_3' title="bbox 571 5581 2091 5668">
     <span class='ocr_line' id='line_1_55' title="bbox 571 5581 2091 5668; baseline -0.005 -20"><span class='ocrx_word' id='word_1_739' title='bbox 571 5585 696 5650; x_wconf 87' lang='lat' dir='ltr'><strong>crificia</strong></span> <span class='ocrx_word' id='word_1_740' title='bbox 713 5588 860 5663; x_wconf 89' lang='lat' dir='ltr'><strong>tendunt,</strong></span> <span class='ocrx_word' id='word_1_741' title='bbox 879 5603 963 5668; x_wconf 90' lang='lat' dir='ltr'><strong>qnae</strong></span> <span class='ocrx_word' id='word_1_742' title='bbox 979 5594 1026 5647; x_wconf 91' lang='lat' dir='ltr'><strong>att</strong></span> <span class='ocrx_word' id='word_1_743' title='bbox 1087 5592 1145 5646; x_wconf 89' lang='lat' dir='ltr'><strong>unt</strong></span> <span class='ocrx_word' id='word_1_744' title='bbox 1162 5581 1354 5666; x_wconf 76' lang='lat' dir='ltr'><strong>sanguinem</strong></span> <span class='ocrx_word' id='word_1_745' title='bbox 1372 5599 1414 5644; x_wconf 87' lang='lat' dir='ltr'><strong>ex</strong></span> <span class='ocrx_word' id='word_1_746' title='bbox 1430 5581 1535 5656; x_wconf 88' lang='lat' dir='ltr'><strong>venis,</strong></span> <span class='ocrx_word' id='word_1_747' title='bbox 1574 5596 1643 5659; x_wconf 74' lang='grc' dir='ltr'>ιιι)</span> <span class='ocrx_word' id='word_1_748' title='bbox 1662 5598 1736 5660; x_wconf 68' lang='lat' dir='ltr'><strong>sapa</strong></span> <span class='ocrx_word' id='word_1_749' title='bbox 1753 5596 1834 5657; x_wconf 75' lang='lat' dir='ltr'><strong>natta.</strong></span> <span class='ocrx_word' id='word_1_750' title='bbox 1852 5597 1909 5646; x_wconf 78' lang='lat' dir='ltr'><strong>ara.</strong></span> <span class='ocrx_word' id='word_1_751' title='bbox 1928 5594 1967 5645; x_wconf 81' lang='lat' dir='ltr'><strong>eo.</strong></span> <span class='ocrx_word' id='word_1_752' title='bbox 1984 5592 2091 5644; x_wconf 77' lang='lat' dir='ltr'><strong>emaci.</strong></span> 
     </span>
    </p>
   </div>
   <div class='ocr_carea' id='block_1_4' title="bbox 0 0 2938 6724">
    <p class='ocr_par' dir='ltr' id='par_1_4' title="bbox 0 0 2938 6724">
     <span class='ocr_line' id='line_1_56' title="bbox 0 0 2938 6724; baseline 0 0"><span class='ocrx_word' id='word_1_753' title='bbox 0 0 2938 6724; x_wconf 95' lang='lat' dir='ltr'><strong> </strong></span> 
     </span>
    </p>
   </div>
  </div>
 </body>
</html>
