5859 6734
436 702 499 768 tob
555 705 560 716 '
878 701 902 764 l.
924 697 1026 765 Loci
1046 693 1322 764 Tflaoaoarca·
1355 696 1393 764 G.
1415 697 1627 765 SECUNDA
1647 699 1805 767 EORUM
1825 700 1982 767 AETAS.
2362 706 2426 773 ιω

438 889 629 953 discendum
647 899 726 965 est,
758 884 852 971 leges
880 899 1016 951 naturae
1047 906 1127 950 vere
1159 885 1286 949 divinas
1319 903 1406 949 esse.
1427 900 1430 933 ι
1452 886 1559 963 [Rom.
1581 886 1614 963 3,
1629 886 1722 964 204:
1751 884 1817 950 Per
1844 885 1953 974 legem
1981 909 2021 952 co
2069 891 2127 955 itio
2199 891 2295 955 coeti.
2345 890 2425 958 item

438 972 550 1045 Quare
571 973 627 1055 qui
648 990 707 1035 eas
728 969 869 1046 violant,
890 968 1071 1034 mortaliter
1092 980 1242 1052 peccaut.
1284 967 1408 1054 Magna
1452 970 1606 1050 [Rom.4‚
1620 970 1702 1051 l5.]:
1723 969 1793 1034 Lex
1807 971 1890 1036 iram
1901 968 2014 1037 efficit.
2051 983 2133 1037 tem:
2180 973 2244 1039 erl
2288 995 2338 1040 em
2373 997 2425 1042 ec·

436 1058 516 1123 item
537 1057 679 1141 dignitas
702 1065 754 1119 est
774 1052 1021 1201 philosophiae,
1043 1066 1076 1117 et
1098 1074 1210 1118 earum
1232 1057 1408 1119 sententia·
1452 1067 1562 1119 catum
1574 1054 1610 1118 iit
1621 1052 1825 1119 excellenter
1836 1077 1938 1120 reum.
1957 1057 2037 1121 ltem
2050 1058 2093 1133 [l.
2105 1057 2182 1123 Gor.
2194 1060 2227 1138 5,
2242 996 2412 1139 scitulae

438 1162 529 1219 rum,
561 1159 645 1224 quae
675 1139 741 1204 hoc
772 1142 824 1203 ius
852 1159 915 1223 exp
929 1141 1033 1213 ieant3
1065 1149 1097 1201 et
1125 1158 1199 1202 cum
1228 1157 1348 1209 causas
1375 1140 1408 1201 in
1450 1136 1526 1202 leus
1549 1141 1665 1203 mortis
1685 1152 1872 1223 peccatum,
1890 1143 1997 1205 virtus
2008 1153 2116 1207 antem
2127 1145 2255 1225 peccati
2265 1142 2331 1208 lex.
2352 1145 2426 1209 liae

438 1238 556 1292 natura
576 1225 702 1307 positas
724 1234 897 1308 quaerunt,
918 1235 1103 1287 monstrant
1123 1220 1323 1287 voluntatem
1345 1222 1408 1285 Dei
1451 1221 1817 1289 seutentiaeetsimiles
1831 1225 2037 1311 doeentlegc
2053 1228 2170 1290 terreri
2182 1229 2426 1305 conscientiam

438 1313 471 1375 in
497 1321 615 1373 natura
641 1310 805 1395 scriptam.
849 1307 960 1381 Quare
986 1318 1176 1372 reverenter
1202 1307 1408 1371 sentiendum
1452 1309 1531 1392 quia
1542 1327 1672 1391 semper
1682 1320 1822 1373 accusat
1831 1329 1907 1387 nos,
1925 1319 2037 1375 etnon
2053 1307 2163 1377 solum
2179 1323 2316 1377 accusat
2324 1310 2425 1393 facta,

439 1406 491 1461 est
518 1395 560 1457 de
590 1391 779 1458 huiusmodi
806 1390 1036 1475 philosophia,
1069 1410 1154 1475 quae
1181 1388 1284 1456 habet
1309 1410 1408 1456 veras
1452 1392 1515 1456 sed
1532 1392 1676 1456 ostendit
1692 1393 1791 1456 etiam
1812 1405 1844 1457 et
1861 1396 1994 1459 damnat
2015 1393 2198 1460 neutralem
2222 1394 2426 1463 imbecillita-

438 1478 754 1552 demonstrationes,
787 1487 819 1540 et
840 1477 882 1539 de
903 1477 1074 1540 sententiis
1098 1476 1289 1554 doctorum,
1322 1493 1408 1560 quae
1452 1488 1535 1553 tem,
1558 1477 1800 1561 ignorationem
1818 1476 1894 1556 Dei,
1918 1490 2140 1562 contemptum
2156 1478 2232 1560 Dei,
2249 1493 2283 1545 et
2299 1478 2424 1547 similes

440 1583 513 1631 caut
534 1560 600 1627 illis
623 1561 960 1626 demonstrationibus
984 1561 1205 1625 consentiunt.
1451 1559 1602 1625 allectus.
1635 1559 1772 1625 Etcum
1788 1559 2076 1627 vehementissime
2094 1576 2257 1629 conantur
2272 1564 2424 1631 laonrines

1451 1646 1523 1709 sine
1539 1644 1658 1707 notitia
1673 1645 1835 1728 gratuitae
1848 1646 2096 1712 misericordiae
2112 1646 2246 1730 placem
2260 1650 2344 1715 iram
2359 1648 2424 1715 Dei

658 1746 716 1811 ne
748 1766 824 1811 usu
855 1743 966 1831 regis
999 1745 1177 1809 divinae
1449 1727 1539 1878 {1²⁸ss
1563 1726 1975 1879 amendatassprofiapirp,
1993 1732 2057 1795 aar
2075 1742 2179 1797 utmn
2204 1735 2233 1796 's
2251 1735 2358 1883 'mffi
2404 1753 2425 1797 e

523 1900 683 1983 Superest
718 1910 756 1962 ut
794 1899 836 1962 de
868 1917 933 1962 usu
964 1894 1050 1982 legis
1083 1897 1214 1962 divinae
1247 1896 1407 1960 dicamus·
1426 1828 1431 1974 l
1452 1835 1507 1983 qlli
1520 1824 1605 1981 ¹lplulla
1614 1824 1937 1982 zomeepppgeppoem
1956 1835 2183 1982 lllllrlelnxepnel
2196 1818 2425 1967 lllcllfiaiael

438 1984 569 2050 Erimus
598 1995 706 2048 autem
732 1982 788 2046 hic
809 1983 992 2059 breviores,
1014 1983 1091 2065 quia
1112 2000 1215 2065 supra
1234 1979 1289 2045 hic
1309 1977 1407 2045 locus
1450 1984 1541 2047 bona
1562 1999 1675 2065 opera,
1696 1991 1807 2047 tamen
1827 2001 1894 2047 non
1910 1994 2021 2065 potest
2031 1985 2262 2068 acquiescere,
2283 1987 2345 2050 sed
2366 1988 2425 2053 du·

438 2080 600 2135 tractatus
622 2077 690 2145 est,
710 2068 767 2133 ubi
789 2069 990 2148 disputatur:
1019 2067 1185 2149 quomodo
1206 2064 1279 2130 Lex
1345 2064 1409 2127 ssi·
1451 2068 1534 2131 bitat
1555 2086 1596 2129 ac
1617 2066 1782 2149 desperat
1815 2064 1921 2130 Porro
1942 2067 2032 2131 hunc
2042 2088 2141 2133 usum
2151 2090 2218 2134 non
2235 2068 2336 2135 habet
2352 2068 2424 2136 Lex

439 2150 515 2219 bilia
547 2153 609 2229 sit,
641 2170 703 2217 seu
735 2152 901 2235 quomodo
935 2147 1001 2236 legi
1031 2151 1139 2232 possit
1166 2150 1293 2214 obediri
1356 2145 1408 2212 Ac
1451 2150 1486 2214 in
1506 2149 1694 2215 hominibus
1715 2150 1863 2227 securis;
1884 2153 1971 2217 sicut
1990 2153 2036 2217 ait
2052 2148 2177 2217 Paulus
2200 2152 2308 2231 [Rom.
2317 2152 2423 2235 zap

438 2239 576 2322 primmn
596 2236 651 2302 hie
671 2238 789 2300 itemm
810 2235 994 2299 monendus
1018 2246 1071 2298 est
1090 2231 1216 2311 lector,
1246 2230 1324 2319 lege
1345 2232 1408 2297 Dei
1452 2233 1527 2320 Ego
1554 2234 1707 2298 vivebam
1733 2231 1910 2318 aliquando
1939 2237 2012 2301 sine
2032 2234 2144 2321 Lege,
2175 2239 2210 2303 id
2237 2250 2306 2319 est,
2333 2258 2424 2319 arm

438 2322 560 2407 reqnlri
596 2319 776 2403 perlectam
813 2321 1031 2405 obedientiam
1065 2317 1228 2383 hmnanae
1259 2328 1407 2384 naturae.
1453 2336 1594 2383 secante
1625 2318 1810 2403 hypocrita.
1863 2319 1988 2385 Verum
2017 2333 2137 2403 postea
2166 2332 2239 2403 pert
2285 2322 2300 2341 ’·

438 2405 545 2469 Ροιτο
569 2426 643 2470 cum
663 2405 751 2469 hanc
773 2401 954 2486 perlectam
971 2402 1191 2466 obedientiam
1211 2421 1279 2465 non
1299 2404 1409 2485 possit
1451 2403 1574 2489 agnovi
1603 2421 1708 2467 meam
1735 2400 1992 2468 imbecillitatem
2019 2416 2053 2469 et
2071 2424 2146 2469 mea
2166 2418 2314 2509 peccata.

439 2490 582 2555 hmrrana
607 2500 724 2554 marra
751 2500 940 2571 praestare,
974 2487 1124 2570 sequitur
1154 2484 1308 2551 homines
1339 2501 1408 2550 non
1452 2488 1523 2552 buit
1547 2484 1637 2550 hunc
1664 2506 1760 2551 usum
1780 2484 1854 2559 Lex
1879 2488 1913 2551 in
1933 2487 2066 2553 Davide
2097 2488 2142 2565 [2.
2164 2492 2255 2569 bam,
2279 2490 2333 2569 12,
2400 2496 2422 2573 ]

438 2574 644 2659 pronuntiari
664 2574 771 2637 iustos
793 2591 905 2635 coram
920 2569 995 2635 Deo
1017 2581 1154 2653 propter
1173 2569 1301 2657 legem
1323 2589 1407 2635 sem·
1452 2590 1528 2635 cum
1550 2572 1742 2656 obiurgatus
1763 2591 1785 2635 a
1805 2570 1968 2655 propheta
1986 2583 2124 2656 propter
2137 2570 2422 2661 adulteriumpb'r·

438 2659 602 2807 perenim
618 2656 733 2721 haeret
754 2657 787 2721 in
810 2667 929 2721 natura
945 2667 1129 2738 peecatum.
1165 2652 1289 2721 Paulus
1305 2654 1408 2742 igitur
1451 2654 1643 2720 terreiieret.
1685 2654 1838 2739 Denique
1858 2656 2022 2735 contritio,
2043 2652 2143 2741 quaint
2164 2660 2214 2724 sic
2234 2668 2369 2739 vocant,
2387 2658 2423 2723 in

463 2741 581 2807 etrahit
601 2738 670 2828 legi
692 2740 956 2806 iustificationem
977 2742 1011 2804 in
1027 2737 1093 2804 hac
1107 2751 1265 2823 corrupta
1279 2750 1407 2805 natura.
1451 2740 1671 2823 poenitentia,
1702 2740 1750 2805 ita
1780 2738 1871 2807 clare
1895 2738 2035 2827 intelligi
2062 2752 2189 2824 potest,
2221 2744 2252 2809 si
2276 2736 2423 2813 sciamus
2519 2742 2525 2753 '

440 2826 514 2907 lloe
534 2829 650 2894 ιιιιιιο8
701 2826 846 2890 breviter
865 2844 1001 2889 monere
1021 2820 1110 2889 volui
1129 2824 1170 2889 de
1186 2821 1336 2890 usibnsl
1380 2824 1388 2843 '
1453 2844 1526 2889 eam
1551 2823 1739 2889 huiusmodi
1765 2843 1867 2889 veros
1895 2837 2040 2891 terrores
2062 2846 2149 2891 esse.
2192 2828 2261 2909 Sed
2281 2828 2422 2905 docemi

440 2912 582 2991 dicbus,
602 2831 732 2997 nelegi
754 2910 917 2974 tribuatur
937 2905 1137 2975 laetificatio.
1176 2907 1302 2973 Postea
1323 2928 1408 2973 emm
1453 2920 1533 2974 sunt
1552 2907 1703 2973 homines
1725 2909 1767 2972 de
1789 2908 1873 2985 line,
1905 2929 2008 2993 quare
2033 2908 2068 2973 hi
2090 2923 2236 2977 terrores
2257 2912 2356 2978 uobis
2375 2910 2424 2977 in-

439 2995 497 3061 hic
516 2995 613 3061 locus
634 2998 761 3081 integre
782 2994 973 3059 aactmdus
996 3003 1059 3059 est.
1455 2994 1631 3069 cuduntur,
1652 2991 1819 3071 videlieet,
1839 3014 1906 3059 non
1925 3005 1963 3059 ut
1978 3012 2162 3078 pereamus,
2184 2997 2245 3061 sed
2265 3007 2301 3061 ut
2321 3015 2424 3081 agno·

581 3116 586 3123 ·
1454 3096 1605 3154 mnino,
1627 3078 1725 3142 nobis
1753 3098 1839 3161 opus
1860 3098 1938 3143 esse
1950 3082 1996 3161 ⁸⁸)
2023 3078 2251 3144 misericordia
2272 3090 2306 3145 et
2326 3080 2424 3147 berte-

525 3334 619 3409 Quae
646 3345 724 3400 sunt
751 3334 853 3419 igitur
874 3330 961 3417 legis
982 3326 1093 3393 offitia
1114 3330 1148 3392 in
1168 3324 1233 3391 lrac
1254 3347 1355 3392 corru
1452 3338 1573 3391 reatur.
1601 3327 1724 3412 lngeus
1745 3328 1781 3391 in
1796 3327 1861 3394 bac
1876 3328 2040 3395 sententia
2056 3290 2247 3396 crlrrsolatio¹
2257 3341 2324 3396 este
2346 3350 2424 3397 con·

441 3420 579 3485 namra‘i
621 3418 730 3502 Supra
750 3417 903 3481 recensui
931 3414 1005 3478 oia.
1047 3411 1192 3479 Primum
1220 3423 1272 3475 est
1301 3337 1411 3489 eivffen,
1454 3408 1542 3475 eludi
1568 3411 1632 3476 sub
1652 3421 1809 3495 peccato,
1834 3411 1901 3477 boc
1922 3422 1991 3490 est,
2017 3416 2171 3479 accusari
2191 3434 2272 3495 nos,
2297 3435 2368 3480 non
2386 3426 2423 3481 ιιι

441 3502 611 3581 videlicet,
644 3514 679 3567 ut
708 3500 888 3600 coherceat
914 3514 1029 3597 omnes
1056 3493 1209 3559 homines
1237 3490 1410 3578 disciplina
1452 3513 1640 3600 percamus,⁴
1658 3496 1720 3561 sod
1740 3506 1778 3561 nt
1797 3496 2056 3563 misericordiam
2076 3518 2285 3583 quaeramus.
2323 3498 2368 3565 Et
2386 3511 2424 3599 ut

441 3590 593 3752 ιι
617 3581 924 3748 ιιιιι
934 3579 1078 3663 ¹
1099 3574 1245 3748 ιι
1266 3590 1410 3743 ιι
1451 3575 1574 3740 ιι
1591 3579 2232 3749 ιιι·,;·ι.ιι.ι
2246 3592 2425 3732 ιιι

440 3756 536 3821 Deus
559 3752 730 3818 coherceri
755 3749 826 3817 vnit
847 3752 945 3815 etiam
965 3747 1103 3832 impios,
1134 3765 1178 3811 ne
1198 3758 1333 3815 externa
1354 3748 1410 3813 de-
1454 3748 1591 3827 Omnes,
1611 3758 1649 3814 ut
1669 3746 1823 3815 Omnium
1842 3750 2050 3815 mnermtur.

440 3837 521 3904 licta
542 3838 754 3903 committant.
783 3836 825 3900 Ει
846 3836 890 3900 ed
910 3832 996 3897 hanc
1018 3828 1225 3917 disciplinam
1247 3832 1412 3897 ordmavit
1539 3831 1684 3897 Tertium
1714 3828 1859 3897 officium
1888 3831 1973 3918 legis
2004 3834 2039 3899 in
2069 3833 2141 3915 iria,
2172 3834 2228 3919 qui
2257 3844 2334 3899 sunt
2358 3830 2424 3917 lide

440 3924 668 4009 magistratus,
689 3920 809 4009 legem,
832 3919 1027 3994 doctrinam,
1046 3936 1185 4001 poenas,
1207 3914 1410 3981 calamitates
1452 3917 1551 3996 inisti,
1579 3927 1648 3993 est,
1675 3928 1712 3981 ut
1737 3926 1773 3981 et
1793 3918 1911 3983 doceat
1932 3919 2052 4003 coast)
2077 3918 2237 3983 debonis
2258 3918 2424 4003 operibus,

441 4008 614 4073 humanas.
657 4006 733 4073 lluc
760 4002 901 4089 pertinet
927 4002 1024 4068 etiam
1053 4003 1177 4068 dicum
1197 3999 1291 4067 Pauli
1320 3998 1410 4081 [Gal.
1454 4022 1616 4087 quaem
1643 4020 1745 4085 opera
1766 4000 1842 4067 Deo
1869 4000 2040 4086 placeant,
2072 4013 2106 4067 et
2195 4002 2313 4087 ecipiat
2333 4010 2425 4067 certa
2505 4062 2511 4073 ,

443 4092 475 4173 3,
495 4092 580 4175 rap
608 4090 680 4157 Lex
701 4101 753 4157 est
773 4091 988 4176 paedagogus
1009 4087 1043 4150 in
1065 4085 1245 4153 Cirrismm.
1288 4085 1412 4169 lilagna
1588 4086 1623 4151 in
1690 4086 1764 4150 'bus
1784 4086 2002 4153 obedientiam
2022 4106 2102 4171 erga
2150 4106 2224 4151 eum
2240 4094 2423 4151 eamcam.

443 4189 553 4245 autem
573 4172 648 4243 laus
669 4190 722 4243 est
743 4173 950 4259 disciplinae,
971 4172 1061 4274 quod
1081 4183 1182 4237 vocat
1204 4190 1276 4235 eam
1291 4171 1412 4253 paeda-
1484 4172 1528 4237 tsi
1548 4106 1750 4235 enimliberi
1770 4188 1884 4235 summ
1904 4170 2033 4256 alege,
2053 4171 2144 4255 quod
2163 4170 2207 4237 ad
2223 4168 2424 4247 iudicatio

523 4282 576 4329 am
602 4264 636 4327 in
659 4261 843 4335 Christum
876 4260 953 4345 quia
979 4256 1157 4334 institutio,
1189 4256 1278 4319 bona
1298 4273 1412 4320 assue-
1454 4274 1530 4321 nem
1556 4256 1688 4332 attinet,
1715 4265 1844 4333 umen,
1871 4255 1962 4341 quod
1985 4256 2029 4321 ad
2055 4254 2271 4319 obedientiam
2297 4252 2424 4331 attinet,

444 4264 544 4413 goello
573 4360 606 4414 et
633 4344 807 4430 disciplina
839 4345 978 4410 invitant
1004 4343 1047 4406 ad
1074 4339 1273 4407 audiendum
1305 4350 1338 4405 et
1364 4338 1412 4403 di·
1454 4350 1566 4405 manet
1592 4338 1674 4403 Lex.
1716 4338 1802 4403 Nam
1825 4340 2020 4405 iustificatos
2048 4356 2188 4403 noemae
2214 4348 2266 4402 est
2291 4334 2425 4415 obedire

446 4433 603 4499 scendum
623 4430 849 4517 Evangelium.
888 4428 961 4493 llae
981 4446 1122 4513 magnae
1141 4422 1258 4491 landes
1279 4422 1413 4511 ingenia
1455 4424 1542 4491 Deo.
1584 4422 1629 4487 Et
1654 4422 1784 4507 quidem
1809 4422 1966 4525 incipiunt
1990 4420 2101 4508 aliqua
2129 4442 2170 4485 ex
2195 4432 2289 4503 parte
2314 4418 2425 4491 lacere

446 4520 613 4585 moderata
634 4518 772 4582 incitare
787 4516 920 4590 debent,
940 4525 977 4578 ut
995 4508 1201 4595 disciplinam
1218 4528 1287 4574 non
1300 4527 1413 4591 asper·
1455 4507 1575 4593 legem
1607 4506 1651 4571 Et
1670 4504 1783 4590 placet
1801 4505 1861 4571 illa
1881 4506 2035 4573 moltoata
2055 4504 2255 4581 obedientia,-
2276 4522 2339 4588 pro
2360 4512 2424 4567 ter·

445 4614 574 4669 nentur.
624 4602 702 4667 Dixi
735 4614 843 4667 autem
870 4618 972 4681 supra
1003 4617 1071 4661 non
1102 4594 1302 4662 manendam
1335 4611 1413 4695 esse
1457 4612 1498 4657 ea
1524 4592 1601 4693 quia
1650 4610 1789 4693 emonae
1815 4588 1947 4677 placent
2049 4602 2101 4655 tar
2121 4588 2298 4655 Christum·

448 4687 756 4834 opinionemtquod
776 4682 852 4749 talis
874 4678 1048 4767 disciplina
1068 4690 1231 4746 mereanu
1247 4678 1413 4741 remissio·
1456 4677 1542 4827 liaall
1563 4613 1701 4824 ppmlrppe
1716 4674 1949 4823 ppsrnfflitpgpe
1965 4692 2111 4823 30⁰3
2129 4692 2192 4822 adep
2200 4658 2425 4821 szpnmfflffi

446 4794 519 4839 m
578 4793 892 4925 crlrldlrlnumofficinm
917 4872 960 4915 ae
987 4852 1155 4936 proprimn
1175 4846 1262 4934 legis
1285 4844 1415 4909 divinae
1457 4844 1543 4931 legis
1564 4846 1681 4908 iterum
1702 4844 1874 4909 dicendam
1895 4844 1966 4907 erit.
2009 4802 2139 4905 'lertirls
2160 4848 2426 4923 ususrepetetur

448 4954 480 5008 et
505 4944 718 5027 praecipuum
746 4949 815 5015 est,
848 4936 1025 5001 ostendere
1053 4946 1209 5039 peccata,
1241 4948 1414 5007 accusare,
1457 4932 1493 4995 in
1512 4929 1589 4993 loco
1612 4928 1653 4991 de
1675 4929 1847 5011 operibns3
1867 4928 1955 5005 item,
1977 4928 2019 4990 de
2038 4927 2253 5010 abrogatione
2272 4920 2371 5008 legis.

448 5026 780 5199 ιιιιι
803 5023 958 5191 ιιι
972 5013 1417 5183 arata-,dala
1501 5045 1511 5067 ·

523 5194 525 5199 Ι
1461 5216 1508 5281 ιι)
1532 5227 1596 5279 opas
1613 5214 1683 5280 esse]
1702 5213 1775 5267 aaa
1795 5214 1835 5263 ιι.
1854 5212 1895 5264 18.
1912 5224 1973 5267 esse
1989 5224 2054 5278 opus

1462 5317 1509 5380 ιι)
1535 5320 1563 5368 ιιι
1586 5319 1614 5367 et
1636 5315 1726 5369 doceat
1749 5314 1805 5379 eos]
1834 5314 1908 5367 Edita
1933 5314 1956 5379 7,.
1982 5315 2006 5364 t.
2030 5312 2150 5361 11—14.
2177 5312 2204 5360 et
2224 5310 2296 5375 opp:
2326 5313 2355 5361 ιιι
2380 5319 2427 5385 aaa

452 5387 499 5451 ιι)
523 5384 664 5507 ιιὲιιιλίιὲι.
686 5385 708 5435 t.
727 5383 821 5445 typam
843 5390 944 5433 errore:
969 5378 1033 5439 ade,
1057 5388 1090 5428 ex
1106 5385 1156 5440 qno
1172 5372 1199 5425 in
1215 5371 1260 5425 Ed.
1278 5373 1303 5424 5.
1321 5369 1418 5423 ιιοιιιιιι
1530 5382 1620 5435 (100032

519 5468 534 5507 e
567 5467 574 5505 :
1439 5478 1441 5484 ·

453 5557 499 5619 ³⁷)
525 5557 594 5607 iiam
611 5551 798 5614 inscriptionem
817 5549 914 5602 addunt
930 5548 1003 5601 aona
1020 5545 1061 5593 12.
1082 5542 1120 5591 1³.
