5859 6734
467 704 534 772 sto
1089 699 1201 767 Pttln.
1223 699 1328 768 blEL.
1349 701 1534 769 SCRIPTA
1558 701 1831 773 noetianos.
2412 708 2472 775 Sil

517 911 610 968 orum
632 900 710 954 suut
730 888 860 961 vitiosi3
882 887 951 951 Sed
972 907 1046 952 cum
1066 885 1152 952 falsa
1173 885 1444 953 doctrinadefen-
1487 901 1603 955 coetus
1635 893 1679 955 sit
1700 889 1862 970 senaa,
1894 911 1996 974 supra
2026 894 2214 959 testimonia
2236 888 2408 978 recitavi,
2437 910 2466 962 at

504 989 568 1054 tur,
599 986 633 1038 et
653 972 817 1038 stabilitur
839 969 1040 1049 idololatria,
1062 983 1205 1036 mutatur
1225 973 1236 1035 i
1259 992 1332 1037 sum
1352 974 1444 1038 mini·
1486 976 1629 1058 satis-pe
1688 978 1763 1041 icua
1783 988 1862 1039 sunt
1882 974 1978 1043 baec.
2006 974 2091 1060 pr.
2110 975 2143 1039 B.
2166 982 2233 1055 [vs.
2258 977 2334 1057 aa]
2360 977 2466 1066 Serpa

471 1061 616 1125 starium.
658 1058 759 1124 'ldeo
797 1056 917 1121 horum
947 1058 1162 1121 ministerium
1195 994 1444 1142 reiinquendum
1484 1056 1727 1125 fundamentum
1748 1059 1989 1143 Apostnomm
2020 1071 2054 1125 et
2074 1060 2322 1145 Prophetarum
2359 1076 2465 1132 extra·

471 1156 532 1221 est,
555 1145 611 1230 qui
632 1144 814 1207 doctrinam
836 1152 1058 1225 corrumpunt.
1102 1141 1174 1206 Etsi
1196 1153 1303 1206 antem
1325 1143 1443 1226 princi·
1484 1144 1529 1207 cti
1550 1147 1630 1208 estis
1653 1157 1716 1209 etc.
1759 1143 1839 1208 ltem
1856 1143 1919 1209 les.
1941 1144 1994 1209 59.
2012 1150 2076 1224 [vs.
2097 1144 2164 1224 BL]
2183 1144 2336 1229 Spiritus
2359 1168 2463 1226 mem,

470 1226 556 1314 palis
587 1248 668 1311 pars
694 1228 861 1290 ministerii
884 1238 935 1290 est
958 1227 1118 1303 doctrina,
1150 1239 1258 1290 tamen
1280 1228 1442 1290 interdum
1483 1230 1538 1312 qui
1561 1241 1614 1293 est
1636 1231 1670 1293 in
1692 1241 1736 1308 te,
1758 1239 1792 1294 et
1812 1231 1916 1293 verba
1937 1250 2022 1308 mea,
2043 1249 2128 1314 quae
2150 1232 2250 1315 posui
2261 1235 2323 1307 ¹⁰⁰)
2346 1234 2382 1298 in
2405 1254 2462 1299 ore

470 1335 551 1398 pars
583 1313 762 1415 ministerii,
794 1323 831 1412 pt
853 1310 1058 1414 Sacramenti
1075 1309 1217 1412 alicuius
1239 1312 1443 1414 administra·
1483 1325 1561 1417 ¹⁸9⁹.
1574 1334 1642 1377 non
1672 1313 1827 1377 recedent
1848 1315 1890 1378 ab
1924 1334 1983 1378 ore
2010 1325 2066 1379 tuo
2087 1333 2151 1378 nec
2170 1316 2215 1378 ab
2239 1334 2300 1379 ore
2320 1321 2460 1384 aemma

471 1394 1442 1558 britiitiislitteratissimis
1484 1409 2078 1571 ‘³¹¹¹l1i⁶‘⁶i⁰„lild,i⁰‘rmmm
2110 1483 2299 1567 ,onam
2329 1490 2455 1554 ,mn

470 1568 597 1632 etiamsi
619 1563 727 1642 cultus
747 1566 865 1650 impios
886 1577 1005 1649 postea
1020 1566 1201 1640 addebant;
1242 1564 1387 1648 caiphas
1408 1576 1442 1628 et
1481 1562 1655 1631 Ecclesiae
1693 1564 1777 1631 haec
1809 1568 1922 1651 signa:
1967 1568 2173 1633 Ordinariam
2205 1573 2455 1639 successionem

464 1651 642 1718 Pharisaei
680 1651 866 1715 retinebant
906 1650 1205 1727 circumcisionem,
1247 1651 1375 1714 etiamsi
1407 1651 1440 1712 irr
1482 1649 1720 1736 Episcopomm
1742 1663 1775 1715 et
1796 1652 2013 1717 obedientiam
2033 1654 2067 1716 in
2092 1652 2325 1719 traditionibus
2346 1656 2457 1724 num

470 1733 543 1800 aliis
564 1736 709 1799 materiis
732 1755 854 1821 graves
878 1753 1010 1798 errores
1032 1733 1330 1818 amplectebantur,
1352 1732 1440 1798 vale-
1481 1738 1544 1799 nis.
1577 1735 1620 1799 Et
1639 1747 1757 1820 postea
1778 1733 1963 1819 Episcopos
1986 1738 2202 1802 audacissime
2221 1753 2359 1805 armant
2381 1743 2456 1808 duo·

470 1823 527 1888 bat
558 1831 667 1884 tamen
700 1821 908 1886 circumcisio
937 1839 1003 1884 noa
1020 1832 1157 1903 propter
1181 1817 1246 1884 bas
1267 1837 1441 1903 personas,
1483 1822 1544 1883 bus
1566 1821 1666 1904 regiis
1689 1821 1819 1897 nervis,
1841 1831 2007 1903 potestate
2026 1823 2295 1903 interpretandae
2316 1829 2456 1910 scripta·

471 1906 532 1970 sed
553 1905 632 2052 guia
653 1903 754 1968 fiebat
775 1905 848 1968 vice
869 1901 1052 1969 Ecclesiae.
1482 1924 1539 1969 rae
1560 1916 1594 1968 et
1613 1915 1779 1988 potestate
1798 1902 1909 1990 legum
1931 1902 2140 1970 ferendarum
2162 1918 2197 1970 et
2218 1905 2332 1972 cultus
2351 1930 2456 1976 novos

571 1990 614 2072 ic
637 1989 678 2053 de
699 1988 868 2071 Baptismo
891 1989 1038 2054 dicarms
1060 2009 1185 2066 eorum,
1207 1989 1261 2072 qni
1284 1990 1328 2054 ba
1350 1988 1440 2052 tiaati
1481 1990 1678 2053 instituendi.
1721 1989 1930 2055 Admouendi
1958 2003 2035 2054 sunt
2056 2002 2166 2054 autem
2180 1992 2242 2073 pii,
2266 2006 2304 2057 ut
2325 1992 2394 2058 baa
2413 1998 2455 2060 in-

470 2085 548 2138 sunt
558 2075 589 2136 in
600 2070 847 2150 Ecclesiis,ubi
858 2083 1039 2159 regnarunt
1047 2070 1125 2137 mali
1136 2074 1300 2137 doctores.
1361 2070 1440 2137 aluit
1482 2073 1583 2137 sidias
1615 2072 1788 2157 diligenter
1816 2086 1967 2139 caveant.
2009 2074 2092 2138 Nam
2115 2077 2268 2139 omnibus
2292 2083 2456 2147 aetatibus

470 2161 555 2235 enirn
576 2157 781 2241 Baptismus,
803 2159 879 2241 quia
910 2156 1010 2222 fiebat
1035 2160 1109 2221 vice
1135 2177 1236 2222 verae
1258 2154 1440 2236 Ecclesiae,
1480 2160 1514 2222 in
1542 2156 1712 2222 Ecclesiae
1744 2159 1982 2242 gubernatione
2002 2158 2151 2223 homines
2181 2158 2330 2241 politici,
2353 2165 2455 2250 ignari

471 2256 504 2308 et
526 2244 707 2306 retinentur
729 2243 1061 2306 verbainstitutionis
1085 2253 1255 2306 eteorum
1279 2244 1441 2306 sententia
1482 2245 1652 2308 doetrinae
1674 2241 1857 2326 Evangelii,
1884 2244 2059 2326 pinxerunt
2091 2245 2155 2307 sibi
2176 2242 2371 2311 Ecclesiam
2404 2247 2455 2312 tali

468 2330 542 2394 siue
573 2323 757 2391 idololatria
777 2328 811 2390 irr
832 2327 898 2392 boo
926 2326 1151 2392 Sacramenta.
1194 2326 1264 2391 Sed
1285 2325 1440 2391 Samosa-
1481 2329 1657 2391 imitatione
1685 2324 1881 2411 politiorum,
1913 2339 1947 2390 et
1978 2328 2090 2411 magni
2107 2346 2244 2401 ,errores
2268 2327 2338 2396 boc
2361 2335 2454 2397 modo

469 2414 547 2489 terri,
567 2410 846 2490 Manichaeorum,
868 2412 1064 2476 Arianorum
1085 2411 1273 2494 Baptismus
1294 2431 1363 2475 nou
1384 2431 1440 2475 va·
1481 2409 1697 2478 stabiliuntur.

468 2495 577 2573 lebat,
608 2498 683 2580 quia
714 2517 781 2561 non
812 2498 995 2562 retinebant
1025 2497 1221 2562 sententiam
1241 2498 1439 2560 verborum:
1567 2496 1678 2569 Quare
1711 2517 1785 2561 cum
1805 2495 1891 2562 baec
1911 2498 2045 2560 nomina
2063 2498 2171 2574 audis,
2204 2502 2385 2565 sucoessto
2408 2525 2454 2566 or-

408 2599 414 2618 '
468 2580 606 2664 Baptizo
639 2593 672 2644 te
703 2583 738 2646 in
770 2584 900 2646 nomine
932 2581 1040 2646 Patris
1070 2594 1104 2646 et
1134 2578 1208 2645 Filii
1240 2593 1272 2645 et
1299 2579 1440 2663 Spiritus
1482 2582 1618 2658 dinaria
1652 2592 1801 2664 potestas
1821 2581 2109 2664 interpretationis,
2130 2593 2284 2663 potestas
2306 2582 2455 2651 ferenda·

470 2666 586 2732 sancti.
614 2664 706 2729 Haec
729 2668 873 2731 breviter
894 2667 998 2751 attigi,
1015 2678 1051 2730 ut
1072 2667 1257 2731 muniantur
1266 2666 1312 2750 pii
1324 2676 1440 2728 contra
1482 2688 1553 2730 mm
1574 2664 1697 2751 legum,
1730 2666 1820 2730 scias
1841 2665 1978 2730 insidias
1999 2684 2100 2730 rarae
2123 2666 2297 2731 doctrinae
2314 2672 2404 2734 strui
2424 2684 2455 2734 ct

469 2750 707 2833 anabapttsus
740 2762 773 2815 et
805 2752 951 2836 cogitent
983 2770 1085 2834 saepe
1111 2752 1145 2815 irr
1166 2748 1319 2814 Ecclesia
1340 2750 1441 2813 domi·
1482 2751 1596 2835 quaeri
1616 2761 1806 2833 praetextus
1826 2750 1872 2813 ad
1891 2745 2105 2813 stabiliendos
2127 2770 2262 2815 errores
2285 2754 2322 2816 in
2344 2751 2455 2818 Eccle-

469 2835 540 2898 rrari
572 2831 690 2898 malos.
735 2834 829 2900 Sicut
850 2837 895 2899 ait
916 2833 1085 2912 Christus,
1118 2834 1256 2898 similem
1278 2851 1356 2898 esse
1378 2833 1440 2897 Ec·
1481 2837 1542 2899 sia.
1585 2833 1798 2900 Removenda
1829 2846 1882 2897 est
1906 2835 2007 2919 igitur
2027 2830 2084 2897 illa
2100 2837 2214 2920 imago
2238 2833 2453 2904 minanam

471 2917 605 2990 alasiam
636 2938 795 3005 sagenae,
827 2921 861 2983 irr
885 2940 949 3004 qua
970 2929 1048 2984 srmt
1068 2920 1147 2984 boni
1167 2932 1201 2983 et
1221 2917 1298 2983 mali
1319 2919 1439 3001 pisces.
1482 2917 1666 3003 politiannn
1700 2930 1733 2982 et
1746 2940 1751 2950 ’
1765 2915 1861 2983 aliter
1881 2920 1923 2983 de
1943 2910 2095 2984 Ecclesia
2115 2921 2339 2986 sentiendum.
2381 2923 2453 2988 Dixi

469 3000 569 3068 Valet
589 3003 687 3088 igitur
707 3004 929 3083 ministerium,
950 3004 1039 3088 qnod
1061 3002 1306 3069 retinentinhis
1324 3003 1441 3068 Sacra·
1483 3025 1595 3087 supra,
1613 3002 1800 3068 Ecclesiam
1820 3023 1887 3068 nou
1914 3022 1991 3067 esse
2013 3000 2181 3089 alligatam
2202 3005 2248 3068 ad
2268 3010 2453 3072 successio·

433 3155 438 3166 ,
470 3089 599 3165 mentis,
618 3107 704 3171 quae
723 3108 790 3152 non
812 3108 853 3152 err
874 3085 1028 3172 professo
1050 3101 1271 3172 corrumpunt.
1482 3110 1558 3153 nem
1590 3088 1797 3164 ordinariam,
1821 3098 1857 3150 ut
1888 3098 2019 3163 vocant,
2052 3087 2306 3172 Episcoporum,
2327 3093 2387 3154 scd
2409 3093 2452 3154 ad

555 3170 627 3238 Etsi
636 3175 683 3250 ⁹⁶)
715 3182 822 3238 autem
853 3173 1043 3257 Baptismus
1077 3193 1202 3252 eorum,
1225 3175 1280 3258 qui
1302 3175 1441 3238 retinent
1482 3170 1706 3261 Evangelium.
1750 3169 1833 3236 Cum
1853 3170 2009 3255 Episcopi
2040 3191 2107 3236 norr
2129 3188 2222 3237 recte
2244 3174 2368 3251 docent,
2401 3176 2449 3238 rri-

466 3257 646 3322 'verbor'um
668 3260 880 3335 sententiam,
901 3256 1000 3333 valet,
1017 3268 1054 3322 ut
1075 3259 1158 3333 dixi3
1202 3258 1341 3334 Tamen,
1364 3259 1440 3342 quia
1481 3257 1527 3322 hil
1559 3259 1603 3324 ad
1623 3256 1809 3323 Ecclesiam
1841 3258 1981 3341 pertinet
2001 3257 2166 3322 ordinaria
2187 3259 2369 3335 successio,
2389 3263 2450 3323 sed

468 3340 588 3406 docent
608 3342 759 3426 impia⁰⁷)
782 3343 824 3407 de
846 3344 966 3406 ceteris
976 3343 1088 3420 rebuS,
1105 3346 1265 3427 praebent
1276 3362 1439 3419 caussam,
1480 3345 1673 3408 necessario
1694 3341 1899 3426 relinquendi
1919 3352 2006 3406 sunt.
2364 3411 2377 3424 ,Ι

470 3444 529 3490 cur
549 3428 742 3489 necessario
760 3427 803 3490 ab
824 3428 906 3511 ipsis
926 3424 1077 3491 Ecclesia
1099 3428 1259 3493 discedat.
1566 3427 1619 3492 lle
1656 3437 1821 3512 potestate
1857 3446 1936 3491 vero
1974 3427 2253 3511 interpretationis
2285 3430 2452 3494 sciendum

554 3509 742 3575 Diserimen
774 3522 828 3574 est
858 3511 1009 3596 etiam⁹⁸)
1042 3514 1127 3576 inter
1147 3533 1321 3596 personas,
1354 3531 1439 3596 quae
1481 3526 1544 3591 est,
1575 3533 1730 3599 magnum
1763 3513 1939 3576 discrimen
1973 3529 2051 3575 essa
2082 3512 2168 3575 inter
2198 3524 2403 3595 potestatem
2422 3528 2453 3578 et

468 3594 963 3745 Ῑὴιῗέεεέθωιιιθθ)ῖίςηοιξιιιιὶε,
984 3607 1018 3660 et
1038 3594 1125 3746 illlas,
1146 3595 1439 3746 quaghpalpimsunt
1480 3598 1624 3746 donuffiii
1665 3597 1701 3746 ln
1733 3594 2046 3744 Ecgltesiarddonum
2079 3607 2133 3745 εἰει
2163 3598 2453 3746 ἰηιῑειριίειειὶοιιὶέ,

469 3698 696 3846 ortloffii?
709 3700 859 3829 sinui?
886 3700 1203 3843 remittas„
1225 3699 1437 3849 ,aprinis
1478 3704 1606 3832 aar„
1625 3702 1810 3830 {33⁰3ss
1830 3699 2453 3848 §sacristariam

470 3859 501 3910 et
534 3844 708 3914 manifesta
737 3847 827 3914 idola
858 3847 1072 3914 defendentes
1094 3847 1326 3933 relinquendos
1348 3867 1437 3925 esse,
1480 3864 1531 3917 est
1562 3863 1715 3935 potestas
1747 3847 1883 3935 alligata
1904 3849 2011 3913 ordini
2032 3869 2092 3914 seu
2113 3848 2221 3929 titulo,
2244 3852 2299 3915 cui
2350 3865 2453 3937 ropte

469 3933 554 3996 sieut
575 3934 732 4013 scriptum
754 3944 818 3998 estz
840 3933 959 4017 Fugite
975 3929 1075 3998 idola.
1478 3937 1626 4002 ordinem
1647 3955 1766 4019 parere
1786 3934 2004 4011 accessesit,
2036 3935 2124 3999 sicut
2143 3936 2258 4020 regiae
2288 3958 2308 3999 v
2368 3957 2453 4021 prae

1478 4025 1581 4087 toriae
1602 4021 1859 4102 interpretationi
1879 4031 2015 4102 propter·
2033 4021 2179 4084 ordinem
2200 4039 2322 4102 parere
2346 4041 2453 4086 neces·

1479 4127 1516 4171 se
1548 4118 1609 4170 est.
1652 4103 1747 4170 Deus
1779 4106 1864 4170 enim
1897 4105 1986 4170 dedit
2016 4106 2267 4189 magistratibus
2303 4104 2452 4171 civilibus

468 4183 528 4248 DE
573 4183 716 4270 Staius
758 4181 1130 4251 MONSTRANTIBUS
1173 4184 1436 4263 EGCLESlAM,
1477 4201 1674 4275 potestatem
1696 4190 1857 4254 condendi
1879 4187 1972 4276 leges
1995 4202 2217 4274 congruentes
2239 4210 2318 4255 cum
2330 4193 2456 4256 ratione

621 4337 743 4413 QUAE
764 4337 854 4404 mu
876 4338 1023 4407 noris
1039 4337 1283 4405 nonmnr.
1434 4274 1917 4426 tissaitti‘tt'da
1935 4274 2009 4436 {st
2030 4274 2457 4425 assistit

1479 4467 1524 4509 nu
1556 4445 1681 4509 aeterni
1729 4444 1810 4508 atris
1842 4438 1987 4526 protulit
2031 4441 2073 4507 Et
2093 4455 2146 4507 est
2167 4446 2337 4509 sententia
2361 4466 2458 4530 supra

532 4524 647 4612 Signa,
680 4547 766 4611 quae
796 4537 980 4591 monstrant
1001 4524 1198 4603 Ecclesiam
1232 4538 1308 4591 sunt
1330 4523 1437 4591 Evan·
1480 4531 1639 4595 rationem
1670 4530 1780 4612 posita
1812 4528 1854 4592 de
1886 4527 2053 4613 agnitione
2074 4526 2148 4605 Dei,
2181 4528 2295 4593 deira
2311 4526 2385 4595 Dei
2406 4531 2456 4595 ad·

468 4608 590 4695 galium
611 4613 835 4696 incorruptum
862 4620 897 4674 at
916 4607 949 4673 le
975 4611 1082 4675 'timus
1104 4630 1185 4673 usus
1207 4610 1438 4675 Sacramentu-
1479 4634 1597 4679 versus
1618 4624 1799 4696 peccatum,
1822 4612 1864 4677 de
1885 4612 2109 4695 magnitudine
2130 4613 2271 4697 peccati,
2294 4614 2338 4678 de
2364 4614 2458 4681 lusti·

467 4714 551 4758 rom.
605 4692 647 4758 Et
678 4715 864 4780 quanquam
895 4631 984 4759 Eccl¹
1017 4696 1047 4759 ia
1078 4715 1146 4759 non
1178 4715 1308 4777 semper
1340 4695 1438 4759 floret
1480 4701 1526 4762 tia
1547 4700 1669 4763 donata
1689 4718 1749 4781 per
1770 4694 1872 4761 filium
1893 4695 1974 4775 Dei,
1997 4696 2039 4761 de
2060 4696 2207 4774 Timore,
2228 4698 2270 4760 de
2292 4697 2399 4778 atne,
2422 4701 2460 4765 de

469 4776 565 4842 simili
587 4775 703 4863 gioria,
738 4791 847 4844 tamen
868 4779 1009 4844 subinde
1029 4777 1160 4864 aliquae
1181 4779 1436 4864 significationes
1480 4782 1599 4862 Gracc,
1627 4784 1669 4848 de
1690 4779 1824 4846 Auxilio
1845 4779 1920 4860 Dei,
1953 4783 1995 4847 de
2016 4779 2291 4858 Resurrectione,
2327 4784 2374 4849 de
2399 4784 2459 4850 Ee

469 4861 610 4945 Spiritus
643 4866 747 4929 sancti
779 4866 813 4930 in
834 4865 983 4929 miranda
1004 4865 1242 4950 gubernatione
1263 4867 1436 4932 accedunt·
1481 4868 1594 4946 clesia,
1617 4869 1659 4931 de
1680 4868 1749 4930 vita
1770 4876 1916 4944 aeterna,
1938 4867 1980 4930 de
2002 4868 2130 4931 duabus
2152 4867 2277 4931 naturis
2302 4868 2337 4931 in
2361 4868 2460 4935 curt

469 4944 566 5019 Quod
589 4959 696 5014 autem
711 4947 927 5035 Evangelium
948 4950 991 5012 sit
1012 4950 1140 5033 signum
1161 4962 1360 5028 monstrans,
1383 4953 1437 5035 qui
1480 4966 1545 5031 sto,
1568 4954 1609 5017 de
1630 4950 1742 5028 Patre,
1764 4949 1846 5015 Filio
1869 4963 1902 5015 et
1923 4952 1948 5018 S
1970 4952 2046 5015 iritu
2068 4963 2196 5017 sancto.
2219 4979 2232 5005 s

1565 5036 1649 5102 Cura
1670 5036 1768 5121 iffitur
1788 5038 1921 5101 iusserit
1975 5054 2034 5099 eus
2056 5038 2160 5101 audiri
2180 5034 2318 5115 Filium,
2337 5040 2460 5106 deinde

1480 5133 1512 5183 et
1533 5119 1605 5184 Filii
1625 5123 1779 5186 mandato
1801 5123 1892 5185 missi
1914 5121 2018 5204 sint1)
2052 5118 2221 5266 Apostoli,
2255 5133 2292 5184 ut
2316 5144 2380 5189 eos
2406 5149 2462 5191 au·

469 5253 515 5316 93)
531 5253 595 5319 mu
613 5253 684 5317 cm¹
703 5256 724 5307 ⁸·
742 5259 791 5317 ,m
805 5265 907 5307 emm
924 5255 966 5308 ω
1480 5205 1619 5282 diamus,
1651 5227 1789 5271 necesse
1822 5221 1873 5270 est
1907 5208 2048 5269 retinere
2077 5208 2257 5270 ‹octrinam
2279 5228 2346 5289 per
2369 5212 2463 5298 Apo

469 5356 517 5421 97)
534 5354 620 5420 impia]
641 5356 713 5419 corp.
736 5356 808 5404 1-t.
827 5357 903 5417 impie

469 5458 517 5522 os)
536 5462 577 5511 est
594 5456 681 5524 etiam]
702 5457 773 5521 corp.
793 5457 867 5507 1-8.
886 5458 962 5510 etiam
982 5462 1022 5510 est
1482 5461 1543 5524 100)
1562 5459 1648 5524 posui]
1665 5460 1739 5513 lidia.
1762 5465 1783 5507 1.
1803 5461 1827 5508 a.
1845 5467 1905 5513 sunt

469 5558 516 5620 99)
532 5558 711 5624 peccat-emat]
729 5557 801 5611 atat
819 5560 911 5611 1-rt.
930 5559 971 5608 ιι.
989 5565 1128 5622 perurunt
1520 5561 1547 5624 l)
1565 5560 1630 5627 aiot]
1650 5562 1725 5615 ruta.
1748 5564 1770 5610 1.
1790 5559 1815 5608 ³.
1833 5568 1892 5613 suot
