5859 6734
379 555 397 704 ,-
439 623 507 692 959
596 669 598 674 ,
996 616 1109 682 PlllL.
1130 616 1233 683 utut..
1255 614 1442 683 SCRIPTA
1462 612 1759 685 1011111111.-
1775 635 1787 640 ’·
1826 639 1828 644 ·
1875 641 1878 646 ·
2372 612 2441 678 wil

439 817 549 875 torum
572 806 739 888 promissa
765 812 902 886 propter
929 799 1104 866 Christum.
1148 800 1191 864 Et
1217 803 1284 866 sint
1310 800 1700 883 nobis'promissiones,
1721 803 1974 867 utinvitetuos
1996 804 2323 870 111111111111111.
2369 800 2442 866 Sed

440 896 474 957 11
496 899 677 972 conspectu
698 886 828 968 aliquae
846 883 1048 949 clarissimae
1065 887 1257 962 sententiae,
1278 897 1315 949 ut
1332 886 1408 948 Act.
1452 903 1572 966 magua
1589 896 1640 948 est
1655 883 1874 964 imbecillitas,
1890 906 2029 970 magnus
2046 900 2165 969 stupor
2181 886 2325 950 hurnani
2340 887 2441 949 111111

444 976 492 1041 10.
516 980 579 1053 [νε.
602 973 669 1050 43.]
692 973 823 1033 diciturz
859 969 943 1033 Huic
970 989 1082 1034 onmes
1104 968 1291 1052 Prophetae
1319 970 1410 1031 testi·
1452 964 1608 1050 fugientis
1634 966 1752 1032 Deum.
1795 969 1938 1034 Excitati
1970 972 2068 1054 igitur
2102 984 2151 1035 tot
2178 971 2379 1053 praeceptis
2408 981 2443 1034 et

440 1060 585 1125 monium
596 1055 778 1140 perhibent,
797 1056 1023 1117 remissionem
1035 1066 1245 1135 peccatorum
1259 1055 1410 1134 accipere
1453 1052 1727 1134 promissionibus
1750 1056 1953 1136 corrigamus
1972 1056 2204 1119 dubitationem
2223 1065 2386 1119 nostram
2407 1065 2441 1118 et

441 1166 501 1230 per
518 1162 637 1206 nornen
654 1143 725 1203 eius
743 1158 857 1202 ornnes
876 1140 1048 1201 credentes
1061 1139 1093 1200 in
1106 1158 1190 1200 eum.
1219 1136 1261 1200 Et
1272 1136 1409 1200 111115.
1454 1136 1615 1198 accedere
1636 1136 1678 1198 ad
1695 1134 1802 1199 Deum
1824 1129 1964 1200 ducente
1981 1136 2112 1202 Christo
2135 1141 2353 1221 incipiamus,
2375 1155 2440 1202 neo

443 1234 508 1307 [vs.
526 1227 569 1305 1.]
603 1225 771 1288 iustificati
793 1222 857 1285 fide
878 1243 993 1304 pacem
1014 1220 1172 1286 habemus
1195 1241 1276 1306 erga
1291 1220 1409 1285 Deum.
1453 1229 1605 1301 putemus
1625 1220 1862 1301 promissiones
1884 1222 2013 1285 divinas
2037 1225 2151 1286 inanes
2181 1222 2322 1286 sonitus
2350 1241 2438 1300 esse,

527 1309 571 1372 Et
590 1310 725 1390 prodest
745 1304 847 1369 multa
868 1308 1054 1370 testimonia
1074 1308 1279 1381 meminisse,
1300 1316 1337 1367 ut
1357 1325 1411 1367 su·
1454 1314 1492 1365 ut
1508 1301 1634 1386 fingunt
1648 1302 1808 1385 Epicurei.
1844 1305 1919 1366 Non
1941 1302 2066 1371 frustra
2081 1305 2176 1368 Deus
2195 1325 2276 1369 sese
2295 1315 2349 1368 tot
2365 1303 2438 1370 illa·

444 1416 504 1480 pra
521 1395 562 1456 de
578 1391 812 1457 lustiiicatiorre
830 1403 863 1453 et
880 1392 921 1453 de
937 1390 1141 1453 Paenitentia
1157 1388 1259 1453 multa
1277 1387 1413 1472 collegi·
1456 1387 1580 1450 stribus
1598 1387 1791 1450 testimoniis
1810 1385 1974 1470 patefecit,
1995 1410 2062 1453 non
2083 1386 2209 1453 frustra
2226 1387 2436 1454 voluntatem

444 1498 529 1556 mus,
548 1490 585 1541 ut
596 1479 638 1539 sit
653 1475 783 1539 infinum
799 1476 926 1556 animis,
944 1474 1030 1538 hanc
1043 1494 1121 1537 vere
1135 1493 1212 1537 esse
1222 1485 1414 1555 perpetuam
1457 1489 1552 1533 suam
1570 1469 1765 1548 declaravit,
1792 1470 1864 1534 vult
1885 1491 1967 1535 voce
1989 1494 2051 1536 sua
2073 1485 2223 1537 nostram
2244 1470 2434 1558 caliginem,

444 1558 615 1645 Evangelii
641 1580 756 1623 vocem
783 1560 858 1621 inde
883 1578 990 1641 usque
1013 1560 1056 1622 ab
1086 1559 1173 1621 edita
1194 1558 1414 1640 promissione
1456 1566 1591 1617 nostras
1609 1555 1826 1619 dubitationes
1844 1557 2020 1620 emendari.
2043 1554 2219 1621 Praeclare
2235 1556 2435 1641 151111111-

445 1649 487 1709 ad
514 1646 637 1721 Adam,
672 1655 763 1706 certo
792 1655 924 1726 propter
956 1641 1122 1706 Christum
1154 1641 1270 1706 donari
1303 1642 1414 1703 remis·
1456 1636 1548 1701 lerus
1569 1640 1683 1721 inquit,
1704 1638 1856 1702 Animum
1873 1640 2013 1704 bominis
2032 1661 2196 1723 uunquam
2213 1651 2285 1703 tam
2303 1643 2434 1705 avidum

446 1732 589 1804 sionem,
615 1730 702 1790 etin
725 1729 811 1789 omni
833 1728 1040 1789 invocatione
1062 1727 1104 1790 ad
1126 1726 1233 1790 Deum
1255 1726 1415 1788 acceden·
1458 1740 1537 1785 esse
1558 1723 1601 1785 ad
1622 1723 1864 1805 accipiendum,
1892 1727 1969 1807 quin
1990 1723 2084 1787 Deus
2105 1722 2209 1787 multo
2233 1724 2370 1787 avidior
2395 1726 2433 1788 sit

447 1815 523 1877 dmn
551 1831 628 1875 esse
659 1810 779 1874 fiducia
806 1808 930 1873 Christi
960 1809 1170 1887 Mediator-is,
1205 1822 1243 1874 ut
1274 1810 1356 1892 Eph.
1381 1809 1413 1872 3.
1458 1808 1501 1871 ad
1530 1807 1681 1870 dandum.
1725 1806 1787 1871 Est
1815 1810 1900 1872 enim
1929 1829 2029 1871 veras
2062 1819 2095 1870 et
2123 1817 2269 1870 'servans
2302 1827 2432 1872 suarum

446 1903 510 1971 [vs.
529 1896 594 1974 12]
613 1895 742 1957 dicitur:
775 1893 840 1956 Per
861 1914 958 1977 quern
978 1897 1137 1960 audemus
1159 1895 1320 1957 accedere
1342 1913 1417 1957 cum
1459 1892 1723 1974 promissionum.

446 1977 567 2041 fiducia
599 1998 658 2059 per
690 1976 788 2040 fidem
820 1979 853 2042 11
882 1980 987 2078 ipsum
1009 1991 1073 2042 etc.
1115 1977 1158 2041 Et
1186 1979 1229 2042 11
1256 1978 1356 2043 111111.
1383 1978 1416 2042 4.
1836 2005 1842 2016 =

448 2065 511 2136 [vs.
526 2060 590 2139 14.]
614 2060 781 2124 Habentes
793 2061 983 2126 Pontihcem
1000 2062 1110 2127 lesum
1125 2064 1324 2126 accedamus
1342 2081 1417 2126 cum
1545 2058 1726 2130 Quartus
1742 2054 1839 2121 locus
1856 2071 1921 2122 est:
1945 2059 2041 2131 Quod
2059 2058 2154 2123 111111
2172 2062 2206 2124 in
2222 2061 2433 2126 invocatione

446 2142 566 2208 fiducia
585 2145 629 2207 ad
650 2143 801 2208 thronum
823 2148 959 2230 gratiae.
1263 2187 1266 2194 ·
1460 2142 1596 2207 accendi
1617 2160 1759 2206 necesse
1780 2155 1842 2205 est.
1886 2142 1963 2206 ldeo
1986 2146 2071 2206 enim
2094 2144 2234 2207 traditae
2259 2157 2344 2208 sunt
2364 2164 2432 2228 pro·

532 2227 711 2311 Postquam
733 2241 842 2292 autem
869 2231 912 2293 de
938 2226 1204 2295 reconciliatione
1232 2249 1417 2294 commone·
1460 2228 1645 2303 missiones,
1666 2237 1703 2290 ut
1723 2226 1808 2290 fides
1829 2229 2039 2291 accendatur.
2073 2226 2116 2289 Et
2136 2238 2172 2289 ut
2193 2238 2298 2291 antea
2322 2228 2366 2292 de
2385 2249 2431 2292 or-

446 2311 524 2375 11111
544 2332 668 2392 sumus,
691 2313 807 2376 deinde
827 2313 1064 2396 promissiones
1086 2316 1128 2379 de
1148 2316 1245 2378 bonis
1268 2315 1417 2397 spiritua·
1460 2312 1537 2376 diue
1558 2312 1810 2392 promissionum
1832 2312 1913 2390 dixi,
1939 2313 1985 2375 ita
2010 2314 2147 2395 primum
2175 2311 2232 2374 bic
2265 2312 2431 2376 sciendam

446 2395 533 2460 libus
552 2408 584 2459 ct
601 2393 828 2479 corporalibus
846 2395 1051 2484 colligamus.
1084 2398 1416 2478 1111164191]
1461 2407 1513 2460 est
1541 2398 1574 2458 in
1604 2397 1690 2458 omni
1717 2397 1943 2473 invocatione,
1975 2417 2189 2481 quaecunque
2216 2416 2276 2460 res
2306 2399 2433 2478 petitur,

445 2479 551 2543 Amen
573 2501 668 2544 amen
690 2482 765 2544 dico
788 2483 902 2559 vobis,
927 2485 1082 2568 quicquid
1106 2485 1264 2566 petieritis
1287 2483 1418 2546 Patrem
1460 2491 1615 2563 oportere
1632 2478 1827 2562 praelucere
1843 2479 1952 2559 iidem,
1970 2501 2055 2565 quae
2068 2483 2188 2562 accipit
2204 2482 2433 2544 remissionem

445 2564 479 2626 in
500 2566 630 2627 nomine
656 2585 749 2642 meo,
780 2567 872 2629 dabit
893 2568 1001 2630 vobis.
1046 2569 1084 2630 11
1108 2569 1240 2630 nomine
1266 2586 1358 2644 meo,
1384 2567 1418 2629 id
1459 2574 1670 2647 peccatorum
1691 2575 1725 2626 et
1746 2566 1859 2627 statuit
1880 2587 1943 2628 nos
1964 2566 2099 2648 placere
2120 2564 2193 2627 Deo
2220 2574 2257 2627 et
2278 2584 2363 2628 vere
2388 2582 2433 2626 re·

446 2656 516 2722 est,
543 2667 594 2709 me
616 2650 799 2727 nominato,
819 2651 854 2712 id
875 2661 938 2727 est,
978 2650 1014 2714 Si
1035 2653 1153 2735 petetis
1177 2671 1228 2714 me
1250 2651 1417 2713 nominato
1461 2649 1525 2730 cipi
1542 2666 1660 2731 preces
1677 2659 1810 2712 nostras
1827 2661 1962 2732 propter
1979 2648 2095 2712 Filium
2117 2647 2182 2711 Dei
2204 2648 2433 2713 Mediatoren.

445 2728 626 2795 Mediatore
643 2753 683 2795 ac
694 2732 854 2797 Pontifice
872 2732 1100 2815 interpellante
1115 2754 1176 2817 pro
1188 2736 1294 2798 vobis.
1322 2735 1415 2798 lubet
1460 2732 1538 2795 ideo
1560 2743 1594 2794 et
1615 2733 1799 2796 testimonia
1820 2735 1862 2796 de
1884 2736 1959 2810 tide,
1982 2752 2066 2816 quae
2083 2735 2161 2796 citat
2177 2730 2319 2809 Paulus,
2342 2736 2432 2798 etiam

447 2815 549 2892 enim,
576 2827 612 2878 ut
637 2818 835 2882 accedamus
861 2819 904 2880 ad
931 2816 1040 2882 Deum
1068 2816 1187 2881 fiducia
1211 2816 1416 2895 blediatoris,
1461 2836 1536 2879 cum
1553 2812 1617 2877 alia
1632 2817 1761 2879 obiecta
1777 2830 1910 2880 externa
1925 2815 2022 2881 simul
2035 2814 2310 2899 complectuntur,
2328 2829 2435 2880 tamen

446 2899 640 2962 sicuttoties
652 2902 717 2962 iam
729 2899 850 2964 dietum
862 2912 915 2964 est
926 2900 1008 2979 [loh.
1022 2903 1071 2976 14,
1083 2901 1147 2979 6.]:
1163 2901 1268 2965 Nemo
1278 2906 1366 2967 venit
1376 2904 1419 2966 ad
1459 2899 1546 2962 hanc
1569 2899 1666 2962 tidem
1686 2920 1753 2962 una
1775 2899 2072 2984 comprehendunt,
2094 2901 2199 2984 quod,
2220 2903 2279 2982 qui
2300 2921 2369 2963 non
2390 2902 2434 2963 in·

446 2979 577 3045 Patrem
588 2984 649 3045 nisi
661 3003 720 3065 per
730 2980 855 3047 Filium.
867 2984 949 3048 Luc.
963 2988 1087 3063 ll.[vs.
1099 2985 1161 3064 13.]
1175 2984 1303 3056 Quanto
1311 2990 1418 3072 magis
1460 2982 1630 3088 telligunt',
1655 3004 1771 3065 parum
1799 2982 1935 3048 iirleliter
1963 3006 1984 3048 a
2005 2982 2108 3048 Paulo
2137 2985 2230 3046 citari
2254 2987 2434 3048 sententias

446 3063 545 3129 Pater
567 3079 676 3131 vester
705 3065 860 3133 coelestis
888 3071 978 3134 dabit
1002 3072 1159 3154 Spiritmn
1187 3081 1336 3135 sanctum
1362 3091 1419 3155 pe·
1461 3089 1503 3132 ex
1525 3068 1649 3131 (aenesi
1674 3077 1706 3131 et
1732 3065 1908 3151 Prophetis
1938 3069 2165 3141 contendunt;¹
2186 3068 2321 3132 Memini
2350 3070 2435 3131 enim

445 3153 602 3216 tentibus.
634 3150 725 3216 Psal.
748 3152 800 3216 49.
826 3159 891 3233 [νε.
916 3153 980 3233 lit]
1014 3156 1138 3220 invoca
1159 3175 1212 3219 me
1234 3156 1418 3220 11111111-
1460 3173 1514 3216 me
1535 3150 1620 3216 tales
1642 3149 1869 3217 cavillationes
1886 3153 2010 3217 audire.
2050 3153 2118 3216 Sed
2135 3172 2203 3215 non
2221 3165 2347 3234 poterat
2362 3151 2432 3214 Da·

447 3234 634 3314 bulationis,
658 3247 689 3300 et
712 3239 845 3321 eripiam
867 3250 911 3302 te.
931 3238 1022 3303 loan.
1048 3240 1097 3306 15.
1121 3246 1184 3317 [νε.
1203 3241 1249 3319 7.]
1270 3239 1309 3306 Si
1329 3261 1418 3303 man·
1460 3238 1518 3301 vid
1538 3248 1652 3320 petere
1674 3238 1861 3314 victoriam,
1887 3238 1952 3299 nisi
1977 3238 2069 3321 prius
2091 3247 2252 3301 statueret
2271 3238 2332 3299 sibi
2351 3255 2430 3317 peo-

446 3322 556 3384 seritis
583 3323 615 3384 in
645 3341 715 3400 me,
747 3333 781 3385 et
809 3324 914 3386 verba
941 3344 1014 3387 mea
1042 3325 1223 3388 manserint
1251 3326 1285 3388 in
1311 3325 1418 3401 vobis,
1462 3332 1537 3385 cata
1560 3323 1690 3399 remitti,
1712 3340 1751 3385 se
1768 3319 1874 3385 aDeo
1892 3333 2058 3404 receptrnn
2076 3340 2153 3385 esse
2168 3332 2201 3383 et
2216 3339 2334 3403 preces
2350 3336 2431 3383 suas

445 3406 600 3488 quicquid
616 3402 796 3484 volueritis,
813 3408 943 3489 petetis,
961 3418 993 3470 et
1011 3406 1066 3471 fiet
1080 3410 1187 3472 vobis.
1211 3407 1303 3472 llaec
1317 3410 1420 3472 verba
1461 3406 1568 3489 accipi
1594 3426 1615 3469 a
1640 3404 1725 3469 Deo.
1769 3405 1860 3470 llaec
1886 3427 1988 3488 supra
2015 3408 2111 3470 etiam
2144 3406 2257 3489 attigi,
2294 3424 2369 3468 cum
2393 3403 2435 3466 de

445 3485 582 3573 alligant
602 3491 855 3572 promissionem
879 3492 922 3555 ad
943 3490 1145 3568 Ecclesiam,
1175 3494 1208 3555 in
1237 3515 1302 3577 qua
1327 3503 1419 3556 recte
1461 3488 1694 3555 iustificatione
1716 3491 1793 3553 dixi.

446 3584 542 3634 sonat
554 3592 620 3635 vox
631 3572 815 3660 Evangelii.
834 3572 933 3639 Certa
952 3577 996 3639 sit
1009 3578 1109 3661 igitur
1120 3574 1273 3640 Ecclesia
1284 3575 1419 3654 Christi,
1546 3573 1676 3639 Deinde
1709 3576 1947 3639 discernendae
1969 3594 2024 3639 res
2047 3588 2133 3653 sunt,
2161 3595 2247 3658 quae
2270 3584 2434 3658 petuntur.

445 3657 479 3719 11
501 3668 560 3734 est,
583 3667 698 3721 coetus
720 3679 845 3723 sonans
863 3659 1078 3745 Evangelium
1097 3662 1172 3738 Dei,
1194 3662 1284 3745 quod
1301 3681 1418 3726 revera
1461 3658 1530 3722 Aut
1551 3671 1707 3743 petuntur
1728 3659 1912 3742 spiritualia
1934 3662 2039 3739 bona,
2061 3681 2147 3745 quae
2170 3663 2323 3742 promisit
2344 3660 2436 3723 Deus

445 3741 633 3805 exaudiatur
644 3744 814 3826 tantisper,
826 3745 902 3808 dum
912 3749 1031 3810 retinet
1041 3744 1134 3809 Evan
1158 3742 1265 3809 elium.
1292 3744 1417 3810 Eodem
1459 3746 1649 3808 nominatim
1671 3764 1710 3807 se
1732 3748 1882 3809 daturum
1904 3763 1982 3809 esse
2005 3758 2038 3809 et
2060 3745 2131 3811 vult
2152 3746 2225 3808 sine
2247 3746 2436 3809 conditione

444 3826 543 3888 modo
571 3827 612 3890 de
634 3825 789 3891 Ecclesia
816 3829 934 3892 dicitur
965 3829 1082 3892 Matth.
1106 3829 1122 3892 l
1147 3874 1156 3890 .
1186 3837 1252 3910 [vs.
1275 3829 1340 3907 19]
1382 3830 1418 3893 Si
1459 3830 1538 3910 peti,
1567 3842 1604 3893 ut
1625 3830 1850 3891 remissionem
1881 3842 2102 3913 peccatorum,
2129 3828 2363 3893 liberationem
2396 3830 2435 3892 ab

445 3912 510 3972 duo
543 3930 561 3971 1
593 3910 689 3974 vobis
723 3913 954 3976 consenserint
981 3915 1014 3975 in
1042 3924 1149 3990 terra,
1181 3915 1223 3977 de
1254 3916 1341 3978 omni
1366 3934 1418 3991 re,
1461 3913 1626 3994 impietate
1659 3925 1692 3976 et
1725 3924 1832 3977 morte
1865 3926 2018 3991 aeterna,
2051 3916 2261 3978 donationem
2293 3914 2435 3977 S'‘tus

445 4014 541 4077 quarn
569 4005 694 4075 petent,
726 3994 783 4058 1111
809 3998 856 4058 eis
884 4016 906 4057 a
927 3993 1027 4058 Patre
1049 4016 1122 4060 meo
1157 3995 1305 4062 coelesti.
1349 3998 1415 4062 Ubi
1462 3998 1571 4060 sancti
1588 4006 1622 4060 et
1643 3997 1729 4059 vitae
1751 4008 1916 4061 aeternae.
1940 3999 2030 4064 llaec
2053 4001 2231 4081 praecipua
2252 4011 2309 4062 est
2360 4017 2436 4062 van·

445 4077 529 4139 enim
550 4089 627 4140 sunt
648 4079 714 4141 duo
736 4091 792 4142 aut
814 4089 882 4141 tres
905 4097 967 4141 con
994 4082 1099 4165 regati
1125 4082 1158 4144 in
1180 4083 1310 4144 nomine
1331 4102 1417 4159 meo,
1461 4078 1538 4164 gelii
1570 4082 1758 4163 promissio,
1791 4103 1888 4165 quam
1910 4085 2005 4147 etiarn
2029 4086 2179 4148 onrnibus
2202 4082 2435 4165 corporalibus

445 4162 488 4223 ibi
516 4180 589 4222 sum
615 4162 648 4224 in
678 4164 783 4225 medio
810 4183 932 4228 eorum.
1007 4165 1038 4227 ic
1067 4185 1199 4249 quoque
1225 4167 1418 4248 proponitur
1461 4167 1643 4229 commodis
1682 4170 1815 4230 amissis
1854 4165 1926 4231 vult
1959 4168 2052 4232 Deus
2085 4171 2182 4233 nobis
2216 4170 2437 4232 certissimam

445 4242 615 4309 Ecclesiae
637 4243 743 4312 dulcis
765 4248 951 4330 promissio.
994 4248 1095 4314 Deut
1115 4252 1147 4313 1.
1171 4258 1234 4328 [vs.
1258 4251 1304 4330 7.]
1346 4251 1417 4314 Nec
1460 4269 1549 4326 esse,
1583 4262 1619 4314 ut
1649 4249 1746 4314 Rorn.
1778 4255 1809 4313 4.
1833 4255 1896 4327 [νε.
1922 4252 1985 4331 itt]
2019 4254 2154 4318 dicitur:
2183 4253 2263 4318 ldeo
2299 4273 2346 4316 ex
2373 4250 2436 4314 1111

445 4339 496 4392 est
517 4328 583 4394 alia
604 4331 709 4409 natio,
738 4352 823 4416 quae
849 4332 974 4397 habeat
994 4333 1088 4399 Deos
1114 4338 1416 4421 appropinquantes
1460 4336 1577 4419 gratis,
1598 4347 1634 4399 ut
1655 4336 1749 4400 tirma
1769 4338 1812 4398 sit
1833 4338 2018 4417 promissio.
2377 4369 2379 4373 ·

443 4413 522 4491 sibi,
554 4415 642 4480 sicut
668 4414 763 4484 Deus
792 4428 906 4482 noster
933 4421 1029 4483 adest
1058 4423 1185 4485 «cunctis
1215 4423 1417 4485 obsecratio·
1545 4419 1581 4482 111
1602 4419 1654 4484 his
1677 4420 1826 4503 petendis
1849 4419 1931 4483 fides
1953 4421 2075 4487 nullam
2096 4422 2191 4487 affert
2201 4425 2432 4498 conditionem,

443 4498 539 4561 nibrrs
562 4501 694 4563 nostris.
735 4499 887 4566 Affimnat
907 4524 986 4566 vere
1004 4505 1149 4567 exaudiri
1166 4502 1363 4583 Ecclesiam,
1384 4508 1417 4570 in
1455 4503 1537 4587 quia
1558 4506 1746 4568 mandatum
1769 4504 1833 4569 Dei
1856 4516 1908 4567 est
1925 4507 2140 4583 immutabile,
2163 4509 2252 4591 quod
2300 4508 2433 4590 raeeipit

445 4601 510 4664 qua
531 4598 630 4649 sonat
654 4588 787 4650 verbum
809 4584 884 4667 Dei.
911 4586 1000 4652 Psal.
1026 4587 1099 4652 144.
1123 4594 1186 4665 [νε.
1211 4590 1275 4669 18.]
1308 4589 1417 4673 Prope
1459 4588 1564 4652 audiri
1587 4587 1754 4655 Christum
1777 4602 1811 4653 et
1831 4591 2007 4673 praecipit,
2028 4605 2064 4656 ut
2086 4593 2259 4656 credamus
2275 4531 2435 4677 llvange·

444 4676 496 4727 est
517 4665 680 4733 Dominus
707 4671 857 4736 omnibus
886 4673 1117 4737 invocantibus
1145 4693 1237 4750 eum,
1266 4677 1417 4739 omnibus
1458 4672 1523 4750 lio,
1545 4695 1586 4737 ac
1609 4688 1699 4739 certo
1721 4687 1867 4738 statuant
1889 4689 2027 4761 agentes
2049 4680 2299 4758 poenitentiam,
2335 4676 2436 4760 recipi

443 4751 675 4817 invocantibus
708 4775 784 4819 eum
811 4758 845 4818 in
873 4759 1021 4821 veritate.
1065 4756 1277 4823 Voluntatem
1305 4762 1417 4824 timen-
1459 4778 1498 4821 se
1529 4779 1551 4822 a
1578 4759 1651 4823 Deo
1674 4773 1811 4843 propter
1833 4758 2011 4825 Christum.
2055 4762 2092 4827 ld
2115 4764 2171 4846 qui
2192 4782 2258 4826 non
2282 4763 2436 4836 credunt,

444 4836 522 4898 tium
555 4854 594 4898 se
624 4835 722 4903 saciet
750 4850 784 4903 et
815 4841 1078 4923 deprecationem
1110 4864 1223 4906 eorum
1252 4845 1415 4909 exaudiet.
1459 4858 1619 4907 accusant
1640 4843 1746 4908 Deum
1779 4846 1950 4908 mendacii.
1995 4845 2072 4909 ldeo
2100 4846 2155 4910 hic
2177 4867 2244 4910 non
2266 4847 2437 4909 assuenda

444 4917 582 4982 lesbii.
606 4923 757 5003 [νε.94.]
795 4925 981 5010 Antequam
1003 4925 1211 5005 clamabunt,
1232 4948 1295 5014 ego
1318 4950 1416 4994 exau·
1459 4941 1511 4992 est
1533 4930 1676 4992 conditio
1699 4927 1741 4991 ali
1766 4950 1820 5005 ua,
1837 4932 1896 4995 sed
1916 4932 2113 4994 credendum
2130 4932 2311 4994 iuramento
2326 4932 2436 4994 divino

444 5003 542 5080 diam,
559 5002 669 5070 adhuc
686 5005 898 5091 loquentibus
914 5008 980 5076 illis
999 5032 1064 5098 ego
1081 5014 1222 5078 audiam.
1243 5014 1349 5079 Sirac.
1362 5014 1416 5086 35.
1459 5013 1596 5094 [Ezech-
1604 5012 1729 5095 33‚11.]
1737 4951 1841 5079 :lh'ivo
1849 5013 2011 5101 ego‚nolo
2019 5028 2156 5079 mortem
2163 5017 2367 5098 peccatoris,
2377 5015 2438 5079 sed

445 5085 597 5168 [1191]
645 5089 762 5158 Oratio
795 5093 994 5160 humiliantis
1027 5118 1066 5161 se
1097 5101 1203 5164 nubes
1234 5100 1416 5182 penetrabit
1457 5110 1494 5163 11
1506 5101 1872 5164 convertaturetvivat.
1891 5098 2116 5184 Saulproeliis
2128 5099 2254 5184 aliquot
2266 5102 2437 5165 11111111-

313 5225 340 5252 .,
443 5183 477 5237 11
497 5191 565 5236 111
586 5169 743 5256 discedet,
765 5181 873 5246 donec
892 5178 1071 5248 altissimus
1086 5186 1235 5267 aspiciet.
1457 5204 1532 5247 men
1566 5205 1586 5246 a
1607 5182 1682 5248 Deo
1710 5184 1853 5248 deficere
1875 5205 2083 5269 nequaquam
2105 5186 2262 5262 debebat,
2293 5186 2357 5248 sed
2377 5204 2439 5267 po·

528 5255 558 5318 0
590 5258 842 5328 inenarrabilem
873 5267 1052 5332 bonitatem
1091 5281 1124 5332 et
1157 5269 1417 5334 misericordiam
1457 5270 1523 5332 tius
1553 5269 1595 5331 ad
1629 5287 1703 5332 eum
1725 5267 1908 5356 confugere
1931 5281 1963 5332 et
1985 5269 2287 5335 reconediationem
2309 5282 2437 5353 petere.

442 5338 507 5405 Dei
543 5362 625 5446 erga
658 5343 844 5413 Ecclesiam
876 5364 1050 5418 sonantem
1082 5352 1255 5438 Evangelii
1288 5375 1415 5420 vocem.
1457 5353 1568 5417 David
1596 5368 1714 5417 exutus
1747 5374 1852 5439 regno
1875 5366 1907 5418 et
1935 5355 2089 5419 universa
2110 5375 2173 5421 sua
2195 5353 2303 5441 gloria
2325 5366 2439 5420 tamen

442 5421 620 5510 Praecipit,
647 5440 683 5494 ut
709 5444 861 5515 petamus
889 5437 994 5515 bona,
1020 5449 1054 5502 et
1080 5439 1170 5503 addit
1195 5436 1416 5523 amplissimas
1457 5458 1526 5501 non
1544 5437 1654 5502 deficit
1675 5460 1696 5502 a
1716 5439 1802 5517 Deo,
1834 5442 1896 5504 sed
1917 5440 2015 5504 scivit
2036 5438 2339 5508 reconciliationem
2361 5459 2439 5524 pro·
