5859 6734
464 739 537 816 aaa:
1089 737 1201 806 Pffll..
1222 739 1325 809 MEL.
1346 739 1532 810 SCRIPTA
1552 737 1826 808 munch
2398 739 2465 803 856

466 923 600 991 foedere
622 923 740 990 dicitur
763 925 793 987 l.
816 924 905 987 Petr.
926 922 958 987 3.
982 926 1124 1007 [vaih]
1145 926 1324 1010 Baptisma,
1369 928 1459 1006 uodr
1479 928 1526 991 lta
1545 927 1734 1010 Baptismus
1755 945 1808 988 rrae
1835 943 1911 987 nam
1932 923 2113 988 doctrinam
2136 939 2170 988 et
2190 919 2461 988 consolationem

467 1022 518 1073 est
539 1027 607 1074 non
628 1010 774 1073 sordium
792 1009 943 1091 corporis
969 1009 1148 1093 depositio,
1180 1013 1240 1076 sed
1269 1013 1334 1094 stip
1390 1015 1437 1076 tio
1455 1009 1460 1120 l
1479 1009 1575 1095 lapso
1595 1010 1702 1087 affert,
1722 941 1893 1093 qualpso
1913 1011 2034 1072 mentio
2056 1005 2128 1071 Filii
2150 1007 2306 1072 admonet
2328 1025 2399 1070 nos
2422 1009 2463 1072 de

468 1097 575 1156 borrae
603 1094 826 1157 eonscientiae
846 1113 928 1178 ergo
950 1090 1057 1157 Deum
1082 1116 1143 1178 per
1164 1099 1437 1161 resurrectionem
1479 1096 1677 1180 poenitentia
1699 1105 1732 1158 et
1753 1095 1795 1156 de
1817 1094 2012 1156 remissione
2033 1103 2264 1174 peccatorum,
2299 1105 2334 1154 et
2359 1103 2463 1156 testa

467 1175 599 1242 Christi.
632 1176 783 1263 intelligit
804 1178 890 1241 eninr
912 1188 1055 1243 mutuam
1071 1177 1301 1264 obligationem
1319 1192 1352 1244 et
1367 1203 1437 1245 mu·
1457 1125 1461 1260 l
1481 1195 1534 1244 tur
1556 1179 1731 1243 redeuntes
1755 1179 1870 1241 iterum
1892 1176 1962 1240 fieri
1985 1180 2130 1240 membra
2151 1174 2265 1260 populi
2288 1174 2367 1239 Dei.

467 1275 557 1325 tuum
583 1259 712 1326 foedus.
756 1262 848 1326 Deus
870 1261 1041 1346 profitetur
1062 1284 1102 1329 se
1121 1285 1185 1327 nos
1206 1266 1371 1348 recipere,
1402 1265 1437 1329 id

469 1347 671 1412 conscientia
692 1347 829 1410 credens
852 1345 1058 1431 amplectitur
1080 1359 1114 1412 et
1133 1348 1197 1412 hac
1207 1347 1273 1413 lide
1283 1350 1348 1413 iam
1358 1369 1437 1414 vere
1457 1401 1461 1422 .

467 1431 619 1516 agnoscit
629 1430 736 1495 Deum
759 1443 791 1495 et
814 1432 955 1495 invocat.
988 1431 1079 1496 Haeo
1100 1443 1194 1498 recta
1215 1432 1341 1498 deDeo
1359 1453 1437 1497 aen·
1482 1430 1542 1495 DE
1570 1429 1793 1496 BAPl'lSMO
1821 1430 1997 1495 lOANNlS
2026 1430 2081 1494 ET
2108 1429 2454 1497 Arosromsbor.

468 1517 565 1578 tentia
577 1527 716 1580 vocatur
728 1517 814 1579 bona
828 1517 1042 1593 conscientia,
1065 1515 1219 1581 videlieet
1234 1529 1325 1581 recte
1335 1537 1438 1602 agno·

468 1619 567 1666 scens
589 1599 712 1676 Demn,
736 1611 825 1662 recte
845 1602 1017 1664 inuocans.
1060 1601 1201 1666 Additur
1219 1612 1343 1666 autem:
1374 1601 1439 1665 Per
1567 1597 1684 1663 'lotrun
1707 1601 1918 1662 ministerium
1941 1599 2071 1663 loannis
2093 1600 2262 1684 Baptistae
2285 1619 2371 1683 opus
2393 1601 2459 1665 Dei

468 1684 742 1748 resurrectionem
781 1681 914 1748 Christi.
966 1684 1077 1750 Docet
1110 1687 1195 1750 anim
1234 1685 1438 1768 Baptismum
1481 1682 1542 1746 suit
1564 1693 1598 1746 et
1617 1682 1784 1746 inchoatio
1805 1685 1885 1747 novi
1906 1684 2092 1762 ministerii,
2121 1684 2210 1767 quod
2230 1698 2308 1766 post
2331 1684 2459 1769 Legem

468 1763 636 1832 efficacem
658 1786 735 1832 esse
756 1779 891 1851 propter
908 1781 1100 1854 regnantem
1122 1768 1308 1848 Christum,
1336 1782 1369 1834 et
1390 1771 1439 1834 iu·
1483 1779 1672 1832 secuturum
1693 1781 1774 1831 erat.
1819 1768 1897 1831 ideo
1926 1769 2119 1850 baptismum
2147 1769 2217 1830 eius
2239 1788 2308 1831 non
2330 1772 2459 1855 cogite-

470 1853 524 1916 bet
544 1850 611 1915 lida
631 1871 831 1938 agnoscere,
858 1854 1011 1918 donatam
1039 1874 1116 1918 esse
1137 1853 1226 1918 hanc
1248 1851 1437 1919 reconcilia·
1458 1871 1462 1920 f
1483 1873 1556 1915 mus
1584 1854 1696 1933 inepte
1724 1854 1865 1917 otiosum
1892 1850 2118 1935 spectaculum
2139 1848 2250 1916 fuisse.
2296 1850 2339 1915 Et
2369 1856 2460 1936 quod

469 1937 589 2000 tionem
612 1948 746 2019 propter
764 1935 941 2002 Christum.
1459 1957 1462 2012 ;
1484 1933 1582 2019 aliqui
1606 1937 1717 1999 dicunt
1737 1949 1861 2001 tantum
1881 1939 2111 2021 poenitentiam
2126 1936 2345 2020 significatam
2369 1957 2458 2012 esse,

1484 2040 1551 2083 non
1568 2020 1813 2099 remissionem,
1841 2035 1894 2084 est
1916 2023 2103 2084 absurdum.
2148 2022 2230 2084 Nam
2252 2021 2458 2103 praedicatio

1459 2097 1702 2186 ‘poenitentiae
1734 2107 1805 2167 sine
1838 2107 2029 2167 remissione
2062 2117 2114 2167 est
2140 2106 2298 2182 Ethnica,
2331 2105 2460 2190 Estque

696 2187 756 2252 DE
777 2187 1207 2256 slamrrcamomssus.
1459 2187 1462 2244 ἓ
1484 2189 1664 2270 pradicatio
1686 2190 1755 2251 irae
1777 2201 1809 2252 et
1831 2191 1945 2252 ruortis
1966 2202 2138 2266 aeternae,
2161 2210 2245 2272 quae
2265 2209 2336 2252 non
2362 2203 2458 2252 sonat

1459 2274 1516 2346 lin
1550 2267 1702 2334 Ecclesia
1735 2274 1806 2335 sine
1838 2273 2081 2352 praedicatione
2113 2275 2330 2336 remissionis.
2383 2274 2458 2336 ideo

554 2359 631 2424 Dixi
649 2379 751 2444 supra
767 2359 798 2422 in
811 2358 1033 2424 Sacrarnentis
1051 2357 1258 2424 multasesse
1274 2359 1440 2444 signitica-
1459 2353 1463 2454 j
1483 2355 1596 2420 Lucas
1619 2368 1652 2418 et
1673 2354 1808 2420 dlarcus
1831 2375 1989 2440 expresse
2012 2358 2138 2420 dicunt:
2169 2355 2372 2424 Praedicans
2396 2357 2458 2421 Ba-

471 2447 589 2521 tiones,
610 2445 779 2508 sedunam
788 2445 1011 2526 praecipuam,
1031 2442 1330 2529 videlicetgratiae,
1348 2453 1440 2506 ante·
1460 2457 1463 2528 ;
1483 2441 1636 2523 ptismum
1657 2441 1876 2524 poenitentiae
1898 2441 1942 2504 ad
1964 2441 2190 2504 remissionem
2235 2453 2437 2507 eccatorrun.

470 2527 639 2594 ferendam
673 2546 748 2591 esse
781 2529 909 2591 ceteris.
957 2528 1052 2593 Hanc
1083 2530 1181 2592 etiam
1216 2529 1299 2590 ritus
1326 2528 1463 2612 pingial
1568 2521 1641 2588 Etsi
1679 2524 1778 2608 igitur
1816 2523 1996 2590 differentia
2031 2536 2101 2588 erat
2137 2526 2169 2588 in
2205 2462 2272 2588 Soc
2306 2525 2458 2604 articulo,

471 2615 548 2697 quia
570 2609 704 2676 Ablutio
732 2609 894 2697 significat
921 2610 1009 2676 ablui
1030 2624 1168 2694 peccata
1189 2623 1323 2695 propter
1347 2609 1439 2674 Chri·
1460 2617 1463 2684 ἰ
1485 2609 1623 2674 loannes
1646 2610 1688 2673 de
1709 2630 1851 2693 passuro
1875 2607 2025 2686 Christo,
2054 2607 2207 2691 Apostoli
2236 2610 2277 2674 de
2347 2633 2406 2676 sso
2428 2627 2458 2674 et

472 2709 558 2761 stum
579 2706 611 2759 et
632 2697 729 2760 nobis
751 2693 907 2779 applicari
927 2697 1119 2762 beneficium
1129 2697 1295 2780 passionis
1306 2695 1439 2773 Christi,
1461 2697 1464 2770 l
1485 2695 1683 2766 resuscitato
1701 2696 1908 2779 praedicant;
1929 2704 2037 2762 tamen
2055 2693 2270 2758 ministerium
2308 2697 2354 2760 uit
2376 2697 2458 2760 idern

473 2802 546 2846 cum
574 2781 751 2864 mergimur
777 2780 810 2842 in
836 2799 955 2862 aquam
982 2779 1127 2844 velutin
1147 2791 1285 2844 mortem
1307 2779 1439 2844 Christi.
1461 2773 1464 2800 ¹
1485 2790 1518 2840 et
1539 2777 1677 2844 effectus
1699 2779 1834 2844 eosdem
1856 2778 1969 2844 habuit
1990 2779 2023 2841 in
2045 2778 2265 2842 credentibus.
2305 2778 2456 2844 Docebat

474 2862 596 2926 Postea
618 2883 683 2927 non
705 2875 757 2926 est
779 2863 970 2939 absurdum,
992 2863 1114 2927 addere
1131 2863 1213 2928 alias
1227 2865 1440 2948 significatio·
1461 2811 1465 2952 l
1486 2863 1572 2926 enim
1593 2859 1734 2928 loannes
1757 2864 1798 2927 de
1819 2875 1960 2947 utraque
1982 2882 2033 2941 re,
2062 2863 2104 2927 de
2125 2863 2317 2926 remissione
2341 2883 2457 2948 pecca·

473 2965 544 3011 nes.
588 2946 683 3010 Sicut
707 2948 769 3009 iter
790 2944 1011 3011 israelitarum
1037 2967 1097 3032 per
1115 2968 1207 3012 mare
1228 2951 1361 3012 rubnun
1381 2946 1442 3011 fuit
1462 2965 1465 3056 1
1486 2958 1592 3010 torum
1621 2958 1653 3010 et
1680 2948 1722 3011 de
1751 2944 1902 3012 efficacia
1930 2946 2071 3031 Spiritus
2098 2948 2203 3010 sancti
2233 2947 2268 3010 in
2300 2947 2371 3024 his,
2404 2948 2458 3034 qui

474 3034 581 3115 imago
614 3027 827 3094 afflictionmn
859 3028 1031 3096 Ecclesiae
1063 3044 1095 3095 et
1128 3029 1349 3109 liberationis,
1392 3031 1442 3096 lta
1486 3027 1567 3094 Filio
1591 3031 1995 3115 crederent,sicutinquit
2018 3029 2458 3115 [marth.3‚11.r:ltapsaa-

460 3115 592 3184 musto
613 3115 647 3178 in
657 3115 826 3199 Baptismo
847 3115 957 3200 imago
980 3127 1032 3180 est
1049 3113 1264 3180 afflictionum
1275 3129 1309 3180 et
1324 3114 1442 3180 libera·
1487 3115 1533 3177 bit
1555 3133 1614 3179 cos
1637 3113 1761 3198 Spiritu
1783 3126 1912 3180 sancto.
1956 3113 2456 3196 lt.em[iolr.l,16.]:Exple

471 3199 580 3264 sonu.
636 3198 702 3264 Sed
730 3199 835 3265 altera
869 3200 1064 3285 significatio
1097 3199 1198 3288 longe
1229 3199 1442 3265 anteferenda
1463 3237 1466 3272 ,
1486 3199 1631 3262 nitudine
1659 3202 1728 3264 eius
1752 3220 1865 3264 omnes
1887 3202 2092 3284 accepimus,
2126 3200 2180 3263 ubi
2202 3209 2352 3276 testatur,
2384 3218 2453 3260 non

474 3295 537 3360 est,
558 3302 643 3368 quae
665 3304 729 3346 nos
752 3286 793 3346 da
814 3286 1033 3366 promissione
1054 3295 1088 3349 et
1109 3286 1150 3349 de
1172 3285 1441 3369 gratiaadmonet
1463 3275 1466 3288 “
1486 3285 1531 3345 ita
1552 3283 1653 3366 recipi
1677 3284 1868 3361 credentes,
1889 3296 2010 3346 utnon
2034 3286 2073 3347 sit
2097 3281 2216 3346 efficax
2238 3284 2337 3346 ineis
2359 3280 2455 3345 Chri·

473 3379 506 3430 et
526 3387 563 3431 re
585 3366 662 3429 uirit
683 3367 790 3431 fidem.
1487 3381 1578 3443 stus,
1611 3366 1671 3429 sed
1700 3368 1798 3432 docet
1826 3389 1944 3431 novam
1972 3365 2077 3431 lucem
2106 3380 2138 3430 et
2167 3369 2320 3430 iustitiam
2347 3368 2381 3429 in
2411 3369 2456 3429 eis

590 3461 731 3513 tantem
753 3453 835 3515 satis
856 3449 915 3515 fuit
926 3451 1029 3517 semel
1040 3452 1241 3530 circumcidi,
1265 3465 1443 3517 comesset
1487 3449 1645 3514 inchoari.

474 3534 624 3597 mandata
648 3535 873 3611 circumcisi03
904 3538 951 3600 ita
974 3535 1076 3601 semel
1097 3548 1222 3602 tantum
1242 3535 1300 3600 fiet
1321 3537 1467 3620 baptis-¹
1573 3534 1639 3599 Sed
1662 3556 1721 3600 cur
1739 3536 1880 3600 loannes
1902 3536 2076 3599 discrimen
2095 3532 2173 3599 facit
2195 3538 2365 3619 inquiens:
2389 3535 2458 3619 Ego

474 3638 564 3696 mua,
587 3629 622 3682 ut
643 3615 727 3683 haec
748 3621 945 3704 gravissima
966 3624 1049 3686 ratio
1071 3622 1223 3686 ostendit.
1267 3621 1442 3685 Peccatum
1463 3645 1466 3712 i
1488 3618 1618 3700 baptiso
1640 3637 1701 3682 vos
1723 3640 1822 3702 aqua,
1844 3621 1898 3703 qui
1920 3632 2030 3684 autem
2050 3633 2126 3701 post
2148 3638 2201 3683 me
2221 3633 2383 3686 venturus
2401 3634 2459 3697 est,

474 3716 525 3767 est
554 3704 643 3767 abuti
671 3705 802 3766 nomine
822 3701 886 3768 Dei
914 3716 946 3767 et
978 3707 1219 3770 invocationem
1246 3725 1359 3768 veram
1387 3708 1444 3767 im·
1463 3719 1467 3772 i
1488 3704 1664 3784 baptizabit
1686 3724 1748 3786 vos
1771 3703 1891 3784 Spiritu
1914 3716 2030 3769 sancto
2054 3717 2086 3766 et
2108 3705 2196 3789 igrri‘t
2238 3703 2458 3788 Respondeoz

474 3788 632 3867 probare3
654 3787 717 3858 Qui
739 3799 847 3852 autem
870 3790 1085 3872 rebaptizant,
1107 3790 1291 3872 improbant
1301 3789 1443 3872 priorem
1463 3775 1468 3902 ι
1487 3787 1563 3851 Non
1586 3788 1740 3852 discernit
1762 3797 1931 3852 externum
1953 3789 2178 3866 ministerium,
2200 3789 2261 3851 sed
2283 3808 2460 3871 personas.

477 3872 686 3950 baptismum,
714 3872 859 3935 iudicant
884 3874 1015 3936 inanem
1043 3883 1075 3936 et
1093 3877 1134 3947 ¹¹)
1162 3870 1306 3937 inutilem
1323 3869 1443 3935 firisse.
1463 3929 1467 3936 .
1489 3869 1558 3936 vult
1573 3868 1710 3953 intelligi
1721 3872 1895 3935 discrimen
1907 3871 2052 3937 Messias
2068 3873 2345 3936 etmin'rstrorum.
2372 3872 2460 3937 Mini-

475 3953 586 4036 Atque
606 3955 652 4018 ita
672 3956 857 4037 improbant
872 3975 985 4020 veram
995 3955 1237 4020 invocationem
1248 3955 1311 4018 Dei
1322 3953 1445 4020 iactam
1464 3941 1468 4034 Ξ
1489 3957 1547 4018 stri
1559 3965 1682 4018 tautum
1689 3956 1844 4020 adhibent
1856 3968 2024 4022 arternum
2041 3957 2265 4030 ministerium3
2278 3957 2350 4020 Sed
2361 3978 2421 4040 per
2428 3955 2460 4022 il-

476 4038 517 4100 de
549 4035 615 4100 hoc
641 4039 820 4120 baptizato.
868 4037 947 4103 ideo
979 4059 1046 4103 non
1079 4049 1131 4102 est
1163 4041 1342 4122 repetenda
1360 4043 1446 4123 ipsa
1464 4051 1468 4160 p
1489 4036 1546 4102 lud
1558 4035 1676 4102 efficax
1687 4050 1738 4104 est
1750 4037 1912 4118 Christus,
1924 4053 2059 4123 propter
2070 4060 2143 4104 eum
2155 4054 2187 4104 et
2197 4061 2258 4124 per
2270 4060 2347 4104 eum
2368 4043 2459 4106 datur

478 4125 674 4186 ceremonia.
725 4120 888 4194 Ceterum
911 4125 953 4186 de
983 4124 1211 4206 Anabaptistis
1241 4122 1338 4205 plura
1368 4129 1446 4188 mox
1490 4119 1727 4199 reconciliatio,
1749 4125 1890 4208 Spiritus
1911 4135 2044 4188 sanctus
2068 4127 2334 4189 etvituaeterna.
2373 4125 2459 4190 llaec

478 4207 644 4282 dicemus,
671 4209 726 4290 qui
754 4205 876 4270 multus
903 4209 1110 4292 perniciosos
1132 4225 1263 4272 errores
1285 4227 1347 4270 suo
1369 4227 1446 4270 ana·
1465 4167 1469 4262 l
1490 4227 1558 4270 non
1579 4202 1725 4272 efficiunt
1746 4210 1898 4285 ministri,
1926 4229 2027 4292 quare
2048 4227 2188 4272 necesse
2209 4221 2260 4270 est
2283 4228 2462 4293 personam

478 4292 639 4376 baptismo
662 4290 854 4356 admiscent.
1492 4290 1615 4354 Christi
1642 4312 1663 4354 a
1684 4293 1839 4356 ministris
1862 4293 2011 4356 discerni.
2056 4293 2091 4357 ld
2115 4294 2288 4356 discrimen
2313 4315 2384 4358 non
2406 4295 2460 4359 ob·

561 4373 679 4441 Sciant
710 4387 818 4439 autem
850 4377 911 4462 pii,
950 4374 1053 4440 semei
1086 4374 1209 4442 factum
1241 4375 1446 4457 Baptismum
1492 4388 1625 4440 serrant
1646 4376 1751 4459 ignari
1767 4374 1949 4460 Evangelii,
1973 4378 2027 4459 qui
2052 4378 2094 4440 im
2139 4379 2267 4440 ‘antur
2292 4375 2461 4442 Christum

478 4480 608 4526 manere
625 4461 1045 4543 perpetuumtestimouium
1062 4472 1095 4525 at
1109 4459 1239 4526 foedus.
1270 4459 1446 4542 Davidi12)
1491 4473 1615 4525 tantum
1650 4480 1727 4524 esse
1759 4462 1944 4536 doctorem,
1978 4463 2062 4524 sicut
2090 4460 2116 4524 P
2141 4464 2257 4526 uisaei
2290 4464 2462 4545 putabant,

477 4557 554 4650 post
580 4544 711 4628 lapsum
741 4563 808 4608 nou
842 4556 914 4608 erat
946 4565 1032 4628 opus
1061 4564 1150 4609 nova
1178 4543 1446 4617 circumcisione;
1490 4544 1560 4608 Nec
1584 4541 1805 4629 intelligebant
1827 4563 1899 4606 enm
1916 4564 1992 4606 esse
2002 4546 2148 4622 missum,
2170 4558 2206 4610 ut
2217 4557 2308 4608 esset
2320 4547 2461 4620 victima,

479 4631 546 4693 Sed
566 4625 626 4691 illa'
683 4630 734 4690 ior
755 4629 963 4693 circumcisio
986 4631 1027 4692 de
1040 4640 1178 4712 utraque
1192 4648 1229 4691 re
1249 4628 1447 4691 admonebat
1492 4628 1585 4707 item,
1620 4638 1655 4691 ut
1681 4641 1771 4693 esset
1800 4628 1893 4691 dator
1921 4649 2028 4692 novae
2056 4643 2088 4692 et
2117 4642 2271 4694 aeternae
2303 4631 2394 4695 ritae
2424 4651 2461 4694 ac

479 4733 572 4790 eum,
594 4714 625 4775 vi
650 4710 745 4776 elicet
764 4714 841 4776 ideo
862 4710 949 4777 hanc
970 4724 1120 4777 naturam
1142 4711 1348 4788 circumcidi,
1370 4712 1447 4795 quia
1490 4714 1638 4778 iustitiae.

480 4799 542 4860 sub
556 4807 703 4880 peccato
725 4807 794 4873 est,
822 4807 855 4858 et
875 4795 1076 4862 redeundum
1097 4815 1175 4860 esse
1195 4796 1239 4858 ad
1259 4796 1447 4876 promissio·

481 4901 554 4944 nem
578 4877 852 4942 reconciliationis
874 4877 940 4944 illis
960 4881 1055 4962 ipsis,
1075 4881 1130 4964 qui
1141 4878 1226 4962 lapsi
1237 4890 1361 4942 essent.
1389 4879 1447 4944 Sic
1469 4947 1471 4954 s

481 4963 565 5048 lapsi
587 4966 650 5026 iam
673 4966 827 5041 sentiant,
849 4986 916 5028 rrorr
937 4966 1055 5026 iterent
1072 4963 1299 5039 cererrroniam,
1320 4963 1381 5028 sed
1391 4964 1448 5028 sd·
1687 4963 1746 5028 DE
1768 4963 1989 5032 Barnsmo
2010 4967 2259 5035 lNFANTlUM.

481 5047 592 5112 moniti
614 5045 765 5123 foedera
794 5050 887 5129 qaod
907 5061 1004 5114 antea
1025 5046 1146 5112 ἣωιιιιι
1168 5061 1236 5122 est,
1269 5048 1302 5110 ia
1324 5067 1390 5130 quo
1412 5048 1449 5110 iit
1760 5123 1762 5128 Ι
1817 5121 1819 5128 Ι
1875 5123 1877 5128 Ι

482 5133 603 5196 mentio
620 5127 719 5206 Filii,
731 5143 890 5216 qrroc=est
911 5134 1129 5196 testimonium
1151 5132 1351 5196 remissionis
1372 5151 1448 5215 pec·
1580 5133 1779 5197 Gravissima
1799 5138 1995 5218 praecipitur·
2016 5159 2035 5201 a
2058 5131 2174 5213 Paulo,
2196 5151 2229 5200 ut
2249 5134 2463 5218 explorentur

483 5227 645 5292 catorum,
678 5213 815 5279 redehnt
842 5217 884 5279 ati
911 5217 1113 5300 propositam
1140 5211 1447 5294 reconciliationem
1493 5214 1647 5298 Spiritus,
1669 5230 1700 5278 et
1713 5215 1862 5281 Christus
1875 5220 2022 5304 regulam
2041 5221 2137 5284 tradit
2158 5222 2306 5304 iuquiens
2327 5221 2461 5294 llliatth.

523 5299 526 5304 '
646 5307 652 5342 ³
696 5323 702 5334 ·
828 5305 896 5352 ἐι.
1159 5309 1164 5318 ’
1261 5317 1281 5340 ··
1425 5317 1428 5322 ·
1493 5300 1524 5375 7,
1550 5297 1628 5377 16.]:
1651 5299 1700 5362 Ex
1721 5298 2014 5382 fructibus-sonna
2033 5307 2240 5390 cognoscetis
2262 5323 2332 5365 eos.
2379 5303 2462 5371 Cer-

743 5431 746 5436 .
936 5417 939 5422 ·
1355 5451 1358 5456 ,
1494 5395 1560 5445 tum
1587 5385 1671 5445 enim
1699 5386 1826 5470 signum
1854 5402 1903 5452 est
1931 5385 2092 5453 fanaticae
2118 5391 2234 5452 mentis
2260 5390 2463 5472 coagitatae

455 5473 458 5478 ’
488 5473 531 5535 ¹1)
550 5471 586 5536 et]
605 5473 678 5524 MD
698 5475 719 5518 ¹·
739 5469 762 5517 ³·
780 5481 811 5519 ⁸⁶
1492 5463 1580 5534 mulo
1602 5468 1741 5549 spiritu,
1771 5472 1921 5558 insignes¹
1937 5470 2066 5557 aliquos
2093 5493 2224 5542 errores
2247 5472 2462 5554 pertinaciter

549 5570 646 5633 oar-ror]
666 5569 739 5622 sura.
758 5570 799 5616 n.
818 5568 1211 5622 rr.ra..u,a1-ae.oo·u.
1432 5591 1435 5600 ·
1471 5545 1679 5620 samara
1701 5605 1703 5610 .
1723 5553 1827 5624 Porro
1854 5556 2090 5639 anabaptistae
2114 5578 2181 5630 non
2213 5567 2340 5620 tantum
2370 5555 2463 5622 bunc

678 5787 734 5848 t.-

709 5851 744 5922 iu*

667 5987 787 6108 ..o-
