5859 6734
465 748 531 815 ms
1018 738 1022 746 ·
1092 741 1203 808 rnn.
1225 741 1329 808 rma.
1347 707 1534 809 scarrm
1549 629 1841 809 monaulon..
2053 785 2058 796 ι
2406 733 2477 814 ιιι

466 943 500 997 et
524 943 640 996 morte.
683 928 770 992 Nam
802 929 836 991 in
863 926 952 992 hunc
981 927 1129 992 derivata
1156 937 1209 991 est
1235 928 1286 991 irs
1312 928 1438 992 aewnri
1480 927 1572 1010 prius
1592 928 1719 1004 attinet,
1739 928 1893 992 aberrant
1909 926 2050 1007 Ethnici,
2073 930 2342 994 Mahometistae
2364 941 2401 995 ct
2422 930 2473 998 h·

465 1016 570 1100 patris
593 1017 754 1079 adversus
775 1024 914 1096 peccata
935 1022 1062 1076 nostra.
1481 1012 1572 1088 daei,
1605 1022 1639 1074 et
1660 1013 1847 1096 quicunque
1868 1009 1959 1077 idola
1979 1024 2035 1077 ant
2056 1026 2206 1095 mortuos
2229 1015 2421 1094 invocant,
2450 1037 2472 1082 ι

551 1098 644 1162 llaec
665 1109 806 1181 quatuor
831 1116 957 1181 genera
978 1096 1133 1161 distincta
1160 1092 1437 1178 appellationibus
1480 1112 1562 1158 vero
1584 1093 1677 1171 Deo,
1698 1098 1754 1179 qui
1775 1114 1815 1158 se
1835 1092 1992 1178 patesedt
2012 1098 2089 1161 dato
2111 1100 2216 1162 verho
2240 1119 2310 1164 suo
2335 1111 2374 1163 et
2393 1102 2470 1166 nis·

467 1184 678 1247 considerare
698 1181 779 1246 utile
804 1194 856 1246 est
881 1191 1017 1266 propter
1044 1177 1219 1245 multarum
1246 1180 1437 1263 disputatio-
1481 1196 1521 1241 so
1543 1176 1714 1242 filiosuo.
1750 1179 1908 1242 lnvocant
1929 1178 2028 1243 'larci
2044 1180 2163 1259 Deum,
2181 1194 2220 1245 ut
2238 1183 2374 1261 dicunt,
2391 1205 2468 1250 co*

467 1287 543 1334 utrm
564 1266 823 1352 explicationem.
1482 1263 1621 1326 ditorem
1644 1262 1728 1327 coeli
1751 1274 1782 1325 et
1805 1274 1923 1326 terrae.
1968 1262 2037 1327 Sed
2054 1266 2170 1330 nolum
2190 1266 2287 1331 hunc
2312 1286 2395 1333 esse
2413 1289 2466 1334 ve·

1481 1367 1554 1409 rum
1586 1346 1695 1411 Deum
1727 1347 1929 1411 conditorem
1962 1348 2049 1413 coeli
2075 1362 2110 1414 et
2131 1362 2260 1428 terrac,
2290 1353 2353 1435 qui
2376 1353 2464 1438 do&

1264 1487 1267 1491 .
1481 1431 1578 1493 nohis
1599 1429 1665 1495 hoc
1686 1433 1824 1495 verbum
1844 1433 1999 1496 traditum
2018 1453 2080 1516 per
2102 1434 2291 1518 Prophetas
2318 1448 2354 1498 et
2375 1437 2461 1519 Ape

897 1514 1016 1596 [xlx]
1272 1519 1278 1526 '
1481 1511 1602 1592 stolos,
1624 1535 1687 1578 nec
1708 1518 1933 1580 assentiuntur
1954 1514 2120 1581 Christum
2140 1538 2219 1584 esse
2241 1517 2370 1584 Filium
2387 1520 2458 1586 Del.

1480 1600 1647 1664 Aberrant
1676 1620 1756 1684 crgo
1785 1621 1806 1664 a
1827 1599 1920 1677 Deo,
1955 1602 2041 1665 sicut
2063 1600 2216 1668 Christus
2241 1600 2340 1672 olm
2360 1605 2457 1690 ῌ

661 1685 721 1749 DE
744 1682 1047 1749 leocATwNE
1068 1681 1145 1746 DEl
1167 1681 1253 1747 SEU
1482 1683 1566 1763 [loh.
1588 1683 1621 1761 5,
1642 1682 1730 1763 234:
1775 1684 1839 1755 Qui
1860 1704 1927 1748 non
1949 1684 2091 1749 honorat
2112 1684 2242 1766 Filium,
2263 1707 2339 1752 m
2360 1687 2457 1753 hose·

764 1851 826 1917 nr:
847 1849 1137 1917 cessarione.
1481 1780 1533 1916 pp
1548 1780 1715 1917 εἷὲῗῗῖἓ)
1742 1765 1913 1918 §diff
1934 1768 2344 1937 ffduhrhhufffflssgls
2365 1793 2455 1920 ῗῖὲο

1480 1938 1580 2001 toties
1602 1938 1668 2000 iem
1690 1937 1830 2003 diximus
1852 1933 1977 2002 nullam
1987 1936 2174 2003 Ecclesiam
2194 1938 2387 2005 eiectam
2405 1960 2453 2006 co

553 2022 636 2088 Cum
658 2024 699 2086 de
722 2023 841 2085 ceteris
863 2022 1050 2100 virtutihus,
1072 2019 1114 2084 de
1134 2018 1373 2104 Temperano'a,
1395 2019 1438 2084 de
1480 2021 1647 2107 gitandm
1669 2040 1765 2099 esse,
1787 2023 1851 2086 nisi
1872 2024 1905 2084 in
1928 2034 2026 2087 coetu
2047 2035 2185 2100 vocato,
2218 2025 2278 2087 uhi
2302 2044 2387 2088 vcre
2405 2043 2453 2087 so

466 2106 721 2173 Mansuetudine
747 2118 780 2169 et
808 2104 883 2169 ahie
912 2117 979 2169 tam
1007 2117 1163 2169 accurate
1188 2107 1314 2188 scripte
1334 2102 1437 2168 multa
1481 2117 1538 2169 nat
1557 2104 1786 2191 Evangelium.
1830 2106 1872 2169 Et
1893 2104 1948 2169 hic
1968 2117 2095 2171 tantum
2116 2107 2154 2170 lit
2176 2127 2262 2171 vera
2278 2109 2452 2184 invocao'a,

467 2188 631 2277 legantur,
652 2193 767 2253 mirum
790 2199 841 2253 cst
862 2191 904 2254 dc
924 2188 1118 2254 hacvirtute
1140 2191 1283 2255 omnium
1300 2208 1438 2267 worma,
1481 2191 1558 2274 quia
1590 2209 1730 2254 necesse
1758 2201 1810 2253 est
1831 2192 1926 2276 dirigi
1948 2192 2189 2255 invocationem
2211 2192 2258 2253 ad
2278 2188 2377 2255 hunc
2396 2191 2452 2256 De

465 2277 508 2340 de
528 2275 740 2340 lnvocatione
758 2272 840 2351 Dei,
861 2295 928 2339 non
949 2273 1058 2337 solum
1078 2293 1187 2356 pauca
1208 2275 1329 2338 tradita
1350 2292 1438 2352 esse,
1480 2294 1547 2351 um,
1570 2276 1624 2359 qui
1646 2295 1684 2339 se
1704 2271 1859 2357 patefecit
1880 2276 1959 2338 dato
1982 2273 2047 2338 hoc
2068 2277 2172 2338 verbo
2194 2285 2229 2338 et
2251 2278 2365 2341 misso
2380 2272 2451 2342 ffl

430 2377 434 2383 ·
467 2360 584 2436 sed⁸⁸)
608 2360 704 2422 etiam
738 2356 944 2442 corruptelas
971 2360 1133 2422 admixtas
1168 2376 1246 2422 esse
1273 2359 1315 2422 de
1342 2356 1438 2423 lnvo-
1480 2378 1543 2423 suo
1565 2358 1641 2423 lesu
1662 2358 1806 2423 Christo.
2103 2384 2106 2390 ·

468 2445 600 2509 cadom
622 2452 838 2520 mortuorum,
861 2445 938 2507 item
948 2441 1071 2528 negligi
1092 2444 1275 2507 doctrinam
1293 2442 1437 2522 deFide,
1565 2441 1716 2509 Alterum
1737 2445 1911 2509 discrimen
1927 2464 1995 2509 non
2016 2447 2124 2509 minus
2141 2448 2379 2510 accesserim
2397 2455 2450 2511 υ.

464 2545 551 2612 quae
573 2528 713 2590 maxime
734 2528 768 2590 in
793 2528 1002 2599 invocatione
1029 2526 1142 2591 lucere
1164 2528 1281 2605 dehet,
1309 2523 1436 2632 negligi
1479 2527 1616 2592 Etiamsi
1638 2526 1795 2593 naturalis
1817 2532 1899 2593 ratio
1922 2526 2044 2594 latetur
2065 2528 2295 2606 esse-Deum,
2317 2540 2451 2593 meatu

465 2612 542 2675 item
564 2611 739 2674 discrimen
760 2613 989 2695 promissionis
1012 2614 1141 2696 gratiae
1164 2613 1437 2696 etpromissionrs
1480 2624 1658 2692 semmam,
1679 2615 1860 2677 immensae
1880 2615 2065 2696 potentiae,
2082 2615 2280 2696 sapientiae,
2302 2616 2452 2689 iustitia

465 2696 627 2759 honorum
645 2693 875 2778 corporalium.
908 2694 1125 2760 Utilissimum
1137 2709 1188 2760 est
1206 2708 1314 2761 autem
1334 2708 1436 2773 recte,
1479 2698 1647 2776 bonitatis,
1669 2699 1881 2761 conditricem
1902 2717 2026 2774 rernm,
2054 2694 2177 2761 fatetur
2196 2697 2307 2780 puniri
2330 2708 2452 2773 som,

465 2776 638 2864 diligenter
655 2790 688 2842 et
715 2781 852 2864 copiose
880 2782 1000 2846 erudiri
1021 2778 1208 2844 Ecclesiam
1230 2783 1281 2854 ,de
1303 2782 1437 2844 invoca·
1479 2791 1588 2845 umen
1621 2802 1735 2847 omnes
1767 2784 1875 2868 ignari
1895 2779 2068 2865 Evangelii
2093 2783 2263 2858 nesciunt,
2297 2801 2345 2845 an
2365 2781 2451 2845 llus

464 2863 571 2935 tione,
612 2885 697 2948 qnae
728 2866 898 2949 proprium
925 2862 1028 2928 solius
1050 2863 1224 2928 Ecclesiae
1256 2883 1341 3011 opps
1374 2873 1436 2926 est
1480 2864 1560 2929 velit
1581 2868 1729 2949 recipere
1750 2878 1883 2930 nostras
1904 2885 2033 2949 preces,
2056 2878 2089 2930 et
2105 2885 2164 2928 cur
2175 2868 2329 2949 recipiat.

463 2947 604 3015 Ceterae
631 2953 768 3014 virtutes
790 2949 932 3027 multae,
958 2961 994 3014 nt
1016 2947 1263 3032 Temperantia,
1320 2967 1437 3012 ansue-
1479 2961 1555 3012 rant
1582 2950 1795 3013 Mediatorem
1817 2948 1985 3013 Christum
2017 2962 2051 3014 et
2081 2952 2336 3031 promissiones.
2411 2967 2451 3011 on

464 3036 559 3115 tudo,
581 3037 787 3121 reperiuntur
809 3035 903 3098 etiam
925 3035 958 3098 in
980 3033 1045 3111 his,
1068 3035 1124 3117 qui
1144 3032 1252 3098 Deum
1273 3034 1437 3117 ignorant,
1480 3043 1532 3096 est
1556 3044 1663 3098 autem
1684 3034 1862 3111 invocatio,
1885 3054 1969 3117 quae
1991 3035 2125 3110 dubitat,
2147 3032 2299 3097 anDeus
2316 3034 2451 3117 recipiat

462 3134 501 3187 ut
527 3125 563 3186 in
579 3120 761 3204 Pomponio
779 3119 892 3184 Attico
915 3129 947 3184 et
958 3121 1007 3196 ⁸⁴)
1037 3117 1209 3183 similibus.
1254 3116 1324 3180 Sed
1344 3118 1437 3181 invo·
1479 3129 1613 3182 nostras
1634 3135 1767 3201 preces,
1775 3119 1825 3200 ⁸⁶)
1858 3129 1892 3180 et
1913 3119 2054 3202 ignorat,
2076 3139 2137 3182 cur
2157 3119 2311 3264 mglpm
2352 3117 2451 3181 lune

467 3208 555 3272 catio
578 3217 704 3270 tautum
736 3216 789 3269 est
805 3203 979 3270 Ecclesiae
1010 3214 1044 3269 et
1076 3204 1207 3287 quidem
1238 3203 1350 3285 praeci
1374 3220 1435 3265 uus
1478 3222 1624 3266 murmur
1644 3215 1707 3279 est,
1728 3212 1765 3266 ut
1786 3201 1874 3285 apud
1890 3200 2062 3286 Virgilium
2074 3201 2199 3278 [Aen-l
2231 3199 2449 3281 ‚iffi-21⁰4

463 3302 515 3355 est
546 3288 719 3355 Ecclesiae
756 3309 886 3368 murus,
928 3301 966 3353 ut
997 3287 1156 3353 Salomon
1192 3287 1296 3370 inquit
1324 3291 1335 3362 l
1365 3305 1435 3349 rov.
1478 3282 1537 3350 illa
1557 3285 1660 3372 Regis
1681 3286 1813 3350 barbari
1834 3287 1957 3349 oratio:

465 3375 619 3453 18,10.]=
652 3372 765 3437 'l'urris
783 3371 962 3438 fortissima
993 3391 1112 3437 nomen
1140 3370 1288 3449 Domini,
1312 3369 1345 3433 id
1373 3380 1437 3447 est,

463 3458 635 3524 Invocatio
662 3477 743 3521 vera
764 3456 838 3522 Dei.
1632 3454 1687 3518 An
1707 3465 1741 3518 te
1762 3454 1891 3537 genitor
1908 3472 1982 3516 cnm
2002 3449 2137 3517 fulmina
2159 3462 2316 3537 torques,

546 3542 788 3612 Discernantur
814 3554 923 3608 antem
949 3541 1092 3629 gradus:
1125 3539 1194 3604 Aut
1213 3540 1355 3623 petimus
1377 3535 1437 3600 ali·
1585 3537 1812 3623 Neqnicquam
1844 3537 2019 3602 horremus
2051 3538 2211 3620 coccique
2242 3538 2280 3601 in
2311 3537 2448 3601 nubibas

485 3637 541 3705 nid
562 3659 582 3702 a
603 3632 690 3714 Deo,
722 3631 756 3694 id
777 3630 910 3714 proprie
930 3636 1070 3692 vocatur
1115 3626 1205 3688 etitio
1227 3645 1289 3688 seu
1311 3623 1436 3694 oratio;
1683 3623 1778 3705 ignes

461 3659 531 3789 hut
551 3724 682 3809 agimus
705 3716 828 3803 gratias
849 3734 912 3798 pro
930 3720 1078 3860 accepto·
1091 3646 1267 3787 heneficio,
1288 3706 1354 3771 hoc
1371 3716 1435 3781 est,
1586 3704 1780 3769 Ten-ilicem
1819 3705 1945 3769 animos
1984 3716 2017 3768 et
2048 3706 2156 3769 inania
2195 3725 2366 3769 mmmm
2397 3705 2449 3769 ni·

462 3820 621 3875 testamur
652 3822 731 3868 vere
753 3821 775 3865 a
794 3799 870 3864 Deo
891 3817 955 3861 nos
987 3797 1117 3861 eiutos
1152 3814 1231 3859 esse
1252 3805 1286 3856 et
1308 3794 1338 3855 ei
1360 3810 1435 3877 gra·
1684 3788 1799 3852 scent?

463 3896 527 3958 tias
548 3892 692 3977 agimus,
725 3897 757 3949 et
779 3881 1004 3947 celebratione
1024 3877 1122 3942 huius
1146 3877 1296 3942 beneficii
1317 3884 1436 3977 nosoet
1536 3950 1541 3956 ¹
1594 3958 1602 3975 ι
1886 3957 1895 3975 .
2121 3955 2128 3974 ·
2377 3960 2386 3978 .

463 3975 550 4042 alios
571 3976 613 4039 ad
634 3972 798 4036 Timorem
818 3967 899 4044 Dei,
928 3965 970 4030 ad
992 3962 1106 4026 Fidem
1127 3982 1167 4024 ac
1189 3964 1233 4025 ad
1254 3962 1436 4023 lnvocatro·
1567 3956 1625 4021 Sic
1653 3968 1787 4019 narrant
1803 3957 1852 4040 ⁸⁶)
1884 3975 1918 4018 rn
1941 3954 2040 4020 Creta
2061 3954 2149 4018 lovis
2169 3964 2320 4021 statuam
2340 3955 2448 4031 fune,

463 4081 539 4125 nem
572 4060 757 4122 invitamus.
802 4052 872 4115 llas
905 4068 923 4113 s
968 4050 1037 4110 cies
1064 4065 1166 4129 saepe
1186 4046 1331 4110 nominat
1354 4041 1436 4107 Pau·
1502 4062 1566 4106 uae
1596 4061 1660 4104 nec
1691 4059 1791 4105 aures
1822 4060 1884 4103 uec
1906 4040 2022 4103 oculos
2042 4039 2199 4114 haberet,
2232 4060 2306 4122 qua
2336 4039 2446 4127 dipsa

464 4144 530 4223 lus,
548 4152 581 4207 et
602 4152 680 4205 nota
702 4146 779 4201 sunt
799 4136 904 4200 verba
953 4130 1065 4215 hilipp.
1087 4132 1118 4193 4.
1143 4138 1205 4209 [vs.
1228 4129 1273 4206 6.]
1295 4127 1372 4191 Non
1394 4128 1436 4190 si·
1480 4062 1573 4199 docos
1601 4124 1799 4209 significavit
1830 4121 1954 4188 nnllam
1984 4143 2062 4186 esse
2091 4123 2358 4206 providentiam,
2387 4144 2447 4189 neo

466 4234 508 4296 tis
530 4223 675 4301 solliciti,
696 4222 806 4287 sedin
824 4220 912 4284 omni
933 4217 1122 4303 precatione
1134 4225 1164 4280 et
1173 4214 1341 4300 petitione,
1362 4231 1436 4275 curn
1480 4212 1582 4297 recipi
1602 4229 1720 4296 preces
1748 4208 1924 4273 hominurn.
1968 4207 2140 4271 Adversus
2161 4205 2229 4270 hoc
2249 4208 2377 4274 matun
2397 4210 2448 4273 dc

465 4315 645 4403 gratiarum
667 4309 796 4373 actione
818 4302 1060 4390 postulationes
1081 4311 1211 4364 vestrae
1228 4300 1436 4363 innotescant
1481 4299 1607 4361 candae
1628 4306 1705 4359 sont
1725 4305 1864 4371 mentes,
1887 4302 2041 4376 oportere
2062 4290 2170 4354 eti'erri
2192 4293 2448 4375 adprecandma

465 4400 552 4484 apud
573 4395 690 4460 Deum.
734 4392 785 4454 Ne
817 4393 916 4477 igitur
945 4387 1091 4473 precatio
1118 4397 1235 4450 nostra
1263 4385 1308 4450 sit
1327 4383 1436 4448 inanis
1480 4382 1567 4445 hanc
1600 4379 1715 4457 iidem,
1747 4397 1826 4442 vere
1859 4379 1925 4440 reci
1948 4377 1958 4438 i
1980 4397 2001 4440 a
2022 4375 2096 4439 Deo
2118 4394 2239 4457 preces
2261 4389 2400 4443 nostrae
2418 4386 2450 4439 et

465 4488 644 4567 portatoria
677 4488 710 4542 et
735 4475 909 4540 Ethnicum
941 4491 1102 4547 murmur,
1135 4472 1348 4556 seiungamus
1380 4486 1437 4529 no·
1481 4467 1582 4549 recipi
1612 4474 1748 4548 propter
1768 4458 1885 4525 Filium
1942 4461 2118 4524 ediatorem
2149 4460 2241 4523 iuxta
2262 4460 2448 4544 promus>

466 4579 568 4631 stram
588 4564 828 4629 invocationem
849 4562 892 4623 ah
913 4557 1064 4632 Ethnica,
1085 4555 1314 4630 Mahometicm
1335 4551 1438 4614 ludai-
1482 4571 1554 4615 nes.
1679 4635 1682 4640 Ι

467 4673 520 4729 ca,
553 4661 588 4715 et
619 4653 803 4724 discamus,
837 4643 1001 4729 quomodo
1034 4652 1127 4706 recte
1159 4637 1362 4706 invocandus
1396 4637 1438 4699 sit
1569 4634 1679 4706 Quare
1706 4628 1781 4695 talis
1813 4626 1923 4713 aliqua
1942 4624 2048 4692 forma
2069 4629 2152 4690 inter
2171 4630 2380 4708 precandum
2397 4646 2449 4692 co·

468 4735 574 4799 Deus.
1483 4721 1615 4805 gitetur‚
1638 4736 1722 4801 quae
1743 4725 1917 4795 utrumque
1939 4713 2113 4776 discrimen
2135 4710 2380 4794 complectitur,
2399 4710 2449 4775 sd-

554 4819 606 4881 Ac
627 4802 888 4900 primum'saepe
908 4814 994 4876 inter
1013 4810 1234 4875 invocandum
1245 4805 1439 4889 cogitemus,
1482 4814 1593 4869 monet
1623 4821 1686 4864 nos
1719 4800 1760 4862 de
1791 4798 1944 4882 personis
1973 4797 2150 4860 divinitatis
2182 4806 2216 4858 et
2244 4798 2288 4859 de
2317 4796 2449 4881 pronis

468 4904 546 5054 puisi
569 4903 697 4965 intersit
719 4902 805 4964 inter
827 4919 939 4963 veram
961 4896 1219 4970 invocationem,
1241 4910 1339 4974 quarn
1358 4885 1439 4952 iacit
1484 4890 1589 4954 sione.

498 4986 618 5053 eclesia
638 4982 715 5061 Dei,
737 4996 770 5048 et
790 4981 980 5058 Ethnicam‚
1002 4977 1254 5045 Mahometiccm
1281 4983 1315 5038 et
1335 4973 1440 5037 ludai-
2045 5050 2053 5066 ι

470 5091 553 5137 carn.
597 5069 661 5136 llio
683 5070 828 5132 sciamus
849 5067 1024 5148 praecipue
1047 5068 1113 5131 dno
1138 5081 1214 5127 esse
1235 5059 1439 5124 discrimina:
1570 5052 1796 5134 Omnipotens,
1818 5061 1950 5114 aeterne
1973 5045 2220 5122 ermenone,
2243 5046 2450 5113 aetemePa-

472 5156 620 5221 Alterum
643 5155 685 5217 de
706 5151 771 5217 Dei
794 5153 950 5227 essentia,
973 5148 1109 5213 alteram
1132 5150 1173 5213 de
1194 5142 1362 5210 voluntate
1383 5163 1441 5227 pa·
1483 5154 1536 5206 ter
1555 5136 1689 5203 Domini
1721 5137 1825 5199 nostri
1852 5135 1928 5198 lesu
1950 5131 2089 5216 Christi,
2118 5132 2175 5215 qni
2202 5141 2236 5194 te
2268 5130 2452 5215 possedes

470 5239 594 5307 teiacta
614 5241 647 5303 in
664 5238 883 5320 promissione
904 5247 938 5299 et
948 5232 1031 5299 Filio
1041 5232 1235 5298 Mediatore.
1279 5227 1376 5302 Quod
1398 5227 1441 5292 ad
1483 5228 1644 5290 innuensa
1663 5222 1819 5299 bonitate,
1837 5230 1869 5283 et
1891 5217 2043 5286 clamasti
2065 5219 2106 5281 de
2116 5213 2197 5278 Filio
2219 5226 2291 5297 tuo,
2314 5215 2452 5284 Domim

472 5494 518 5561 tt)
536 5494 585 5549 sed
600 5443 682 5549 αιιιι
696 5491 734 5546 ab
749 5491 823 5544 editt
843 5490 951 5543 lo-lt.
968 5491 1010 5538 ιι.
1028 5490 1069 5543 ιι.
1087 5490 1127 5537 28.
1147 5488 1187 5541 ³0.
1205 5487 1248 5537 34.
1486 5479 1532 5540 st)
1548 5481 1651 5530 nostras
1668 5475 1779 5539 preces]
1797 5475 1868 5537 corp.
1886 5473 1910 5522 2.
1927 5473 1953 5522 t.
1971 5483 2062 5536 preces
2079 5474 2189 5534 noshu,

334 5663 343 5668 ,
473 5597 519 5662 84)
537 5596 574 5663 et]
594 5596 667 5648 eust
688 5595 779 5647 1-10.
798 5593 838 5640 12.
856 5604 887 5643 ac
1487 5576 1534 5642 86)
1551 5576 1666 5643 nunant]
1686 5578 1758 5639 corp.
1777 5576 1851 5625 r-t.
1867 5575 1957 5626 narrat
