5859 6734
470 674 532 739 sel
1099 679 1210 746 plin..
1233 682 1335 748 nfflu
1357 681 1542 750 suumn
1563 681 1837 750 DOGMA'HGA.
2415 686 2478 752 &52

472 855 635 934 miseros,
658 861 717 923 sed
741 858 970 946 confugientes
992 865 1034 928 ad
1056 863 1173 929 Filium
1195 879 1288 931 certo
1310 880 1343 931 et
1363 889 1443 933 vere
1486 869 1569 931 dere
1592 888 1634 932 ex
1655 868 1790 933 alterius
1819 872 1945 936 eventis
1975 867 2007 935 et
2033 893 2147 936 errare
2174 893 2220 936 co
2273 886 2379 950 ntur,
2402 872 2474 937 huic

472 946 599 1028 recipit.
648 942 767 1028 Erigas
804 949 904 1031 igitur
935 951 1077 1012 animum
1095 950 1186 1013 'Fide
1219 962 1252 1014 et
1278 954 1444 1038 agnitione
1486 954 1606 1055 optime
1633 956 1763 1017 vivendi
1793 957 1874 1018 ratio
1901 968 2089 1038 comparata
2114 969 2175 1021 est.
2257 958 2352 1020 erba
2370 954 2475 1021 Plato

472 1026 613 1106 Christi,
633 1040 728 1112 petas
751 1029 1013 1096 consolationem
1036 1046 1069 1097 ct
1091 1046 1248 1118 expectes
1269 1037 1369 1102 uitam
1390 1056 1444 1100 ac-
1485 1037 1594 1119 ms⁷⁸)
1613 1034 1696 1100 baec
1717 1050 1809 1100 sunt:
1844 1034 1901 1124 inp
1916 1040 1973 1123 peip
1996 1039 2083 1125 α’νδρῑ
2103 1044 2147 1114 εἰς
2173 1040 2285 1103 ἑαυτὸν
2317 1041 2474 1126 ἀνῄρηκα

472 1124 613 1190 ternam,
635 1126 670 1176 ut
691 1110 776 1176 latro
799 1117 831 1177 in
855 1136 962 1179 cruce.
1486 1120 1583 1182 πάντα
1605 1120 1640 1181 τὰ
1663 1121 1738 1205 πρὸς
1755 1120 1942 1201 εὐδαιμόνων
1963 1132 2105 1208 φέροντα,
2128 1121 2147 1201 ἢ
2167 1124 2255 1204 tyriis·
2280 1124 2405 1209 τούτου,
2427 1133 2472 1190 aei

557 1197 594 1260 ln
616 1197 675 1260 tali
696 1197 847 1280 exemplo
878 1203 1024 1285 conspici
1050 1214 1162 1284 potest
1192 1204 1367 1268 discrimen
1387 1223 1444 1288 pa·
1485 1203 1526 1282 μὴ
1548 1211 1578 1265 ἐν
1599 1204 1700 1278 ἄλλως
1722 1205 1897 1283 ἀνθρώποις
1919 1212 2090 1291 uiuacitas,
2111 1213 2143 1287 ἓξ
2163 1203 2208 1271 dv
2230 1205 2249 1286 ἢ
2273 1203 2310 1271 ⁸²³¹
2335 1206 2355 1285 ἢ
2377 1213 2471 1284 ²1¹2&

470 1283 612 1357 tientiae,
635 1282 676 1345 de
698 1302 763 1365 qua
784 1283 962 1369 loquuntur
984 1284 1187 1369 Philosophi,
1209 1285 1444 1366 etPatientiae,
1486 1287 1672 1373 πραξάντων,
1704 1293 1882 1352 πλανᾶσθαι
1903 1291 2079 1369 ἠνάγκασται
2099 1299 2151 1355 xci
2170 1293 2209 1355 ιὰ
2243 1298 2388 1371 ἐκείνου,
2413 1297 2469 1358 zoi·

472 1366 513 1430 de
547 1386 611 1449 qua
632 1365 846 1450 Evangelium
871 1370 1097 1435 concionatur.
1141 1368 1333 1454 Philosophi
1365 1369 1445 1437 nihil
1484 1395 1526 1456 ap
1548 1371 1656 1454 ἄριστα
1677 1374 1916 1456 reparationum
1937 1378 1995 1452 ζῆν.
2035 1374 2131 1445 Quod
2152 1388 2268 1441 monet
2293 1375 2410 1457 Plato,
2430 1399 2467 1442 ue

470 1451 585 1514 dicunt
606 1451 647 1514 de
668 1452 854 1535 praecipuis
878 1456 1018 1531 caussis,
1040 1452 1122 1518 nihil
1144 1452 1282 1532 deDeo,
1302 1454 1382 1530 nihil
1403 1458 1444 1521 de
1508 1456 1654 1519 endeant
1674 1457 1850 1519 universae
1871 1476 1949 1539 spes
1967 1460 2063 1523 nobis
2085 1480 2106 1523 a
2127 1457 2288 1524 fortunae
2302 1463 2464 1526 bonisart

470 1531 591 1597 auxilio
626 1535 735 1598 divino
768 1551 826 1600 aut
844 1536 1047 1601 liberatione.
1091 1538 1141 1603 Sit
1161 1540 1262 1622 igitur
1282 1539 1368 1606 haec
1389 1542 1443 1606 de·
1484 1477 1652 1603 Dominum
1674 1541 1979 1619 coniunctionibus,
2008 1553 2099 1606 recte
2120 1544 2236 1619 docet3
2284 1545 2363 1609 Sed
2384 1548 2463 1631 quod

475 1616 579 1681 linitio
601 1617 698 1683 huius
719 1621 866 1699 vimutis,
887 1632 923 1685 ut
944 1621 1140 1705 Philosophi
1161 1622 1335 1688 definiuntz
1358 1623 1443 1688 Pati·
1486 1625 1616 1687 deduoit
1636 1643 1701 1686 nos
1730 1626 1772 1687 ad
1794 1637 1927 1688 nostras
1949 1628 2099 1702 virtutes,
2120 1631 2269 1692 nondum
2294 1632 2386 1694 satis
2408 1643 2461 1694 est

471 1704 559 1767 entia
587 1714 639 1765 est
665 1705 800 1768 obedire
833 1708 950 1770 rationi
973 1708 1006 1770 in
1029 1709 1186 1784 miseriis,
1219 1710 1266 1771 ita
1293 1721 1331 1773 ut
1352 1705 1443 1773 dolo·
1486 1707 1571 1770 Nam
1602 1707 1646 1769 ad
1666 1707 1775 1771 Deum
1807 1711 1924 1772 deduci
1956 1730 2018 1772 nos
2051 1724 2191 1792 oportet.
2238 1710 2355 1776 Multa
2383 1716 2459 1777 enim

469 1805 539 1850 reru
561 1788 771 1850 moderemur
794 1800 947 1868 eatenus,
975 1810 1018 1855 ne
1039 1790 1199 1855 iaciamus
1221 1804 1338 1856 contra
1354 1795 1444 1857 iusti·
1486 1792 1639 1854 accidunt
1659 1790 1799 1868 homini,
1827 1795 1883 1856 ubi
1905 1791 2045 1856 humana
2063 1794 2167 1859 virtus
2185 1798 2262 1859 sine
2287 1796 2358 1860 Dei
2379 1801 2459 1861 auxi

468 1871 550 1935 tiam
572 1883 629 1935 aut
651 1869 734 1934 alias
756 1874 905 1938 virtutes.
938 1873 986 1938 Ut
1006 1874 1090 1940 cato
1111 1873 1191 1939 facit
1213 1888 1330 1941 conca
1351 1879 1442 1942 tusti-
1486 1873 1530 1937 lio
1553 1877 1751 1939 succumbit·
1795 1875 1856 1939 Hic
1878 1875 1949 1948 vult
1970 1876 2064 1942 Deus
2086 1897 2124 1942 sa
2147 1881 2294 1965 agnosci
2321 1893 2357 1944 et
2379 1884 2458 1945 iuro
2501 1907 2505 1916 ·

468 1955 548 2019 tiam
570 1955 635 2017 sibi
657 1969 795 2020 mortem
807 1961 1032 2024 consciscens.
1067 1958 1263 2024 Coriolanus
1275 1959 1355 2025 iacit
1367 1982 1444 2026 con·
1487 1961 1573 2035 cari,
1602 1970 1635 2021 et
1667 1957 1842 2041 pollicetur
1874 1959 2046 2038 auxilium,
2079 1974 2113 2025 et
2139 1965 2360 2045 experiemur
2380 1965 2457 2030 hauc

470 2049 523 2102 tra
546 2040 701 2122 pietatem
724 2043 867 2105 debitam
887 2045 1014 2126 patriae
1036 2042 1157 2107 bellum
1186 2045 1313 2108 civibus
1335 2058 1368 2108 et
1386 2064 1442 2108 co·
1486 2041 1747 2107 consolationem
1774 2063 1840 2107 non
1863 2065 1940 2107 esse
1962 2048 2090 2109 inanem
2112 2046 2357 2124 Rhetoricam,
2385 2051 2455 2112 siiu

470 2124 580 2210 gnatis
602 2123 760 2188 inferens.
793 2125 1034 2191 Demosthenes
1055 2123 1135 2192 facit
1157 2140 1271 2192 contra
1291 2129 1444 2193 modesti·
1486 2144 1565 2190 vero
1590 2125 1706 2190 dolore
1725 2129 1965 2205 invocabimus,
1987 2131 2074 2194 sicut
2089 2133 2319 2214 scriptumest
2332 2130 2454 2211 [Psalrr

469 2227 542 2285 am,
570 2228 645 2271 cum
666 2206 865 2273 muliebriter
885 2210 1082 2276 lamentatur
1103 2211 1219 2296 pulsus
1236 2215 1279 2276 in
1301 2211 1442 2277 exilium.
1485 2208 1637 2290 33‚19.]:
1660 2210 1770 2295 Prope
1791 2224 1843 2275 est
1864 2212 2025 2277 Dominus
2044 2215 2104 2291 his,
2126 2217 2181 2298 qui
2203 2213 2371 2281 tribulato
2391 2230 2455 2281 suut

468 2290 513 2356 Et
541 2311 727 2378 quostquam
753 2296 915 2359 interdum
939 2295 1009 2361 vult
1042 2294 1153 2381 aliquo
1181 2297 1281 2361 modo
1302 2317 1443 2380 poenam
1487 2295 1600 2358 corde.

462 2375 589 2440 ¹iustam
610 2393 688 2440 reus
710 2375 848 2462 aliquis,
875 2393 911 2444 ut
927 2381 1108 2459 Adrastus,
1131 2383 1185 2466 qui
1208 2401 1290 2446 casu
1311 2379 1443 2446 interie-
1548 2371 1626 2441 Dixi
1647 2379 1689 2441 de
1713 2381 1842 2442 caussis
1864 2400 2093 2445 aerumnarum
2104 2393 2137 2445 et
2157 2381 2200 2445 de
2224 2383 2453 2448 consolatio}

470 2471 562 2524 cerat
584 2458 702 2524 Croesi
723 2459 835 2541 illium,
856 2475 967 2528 tamen
999 2467 1152 2529 iniustam
1173 2483 1327 2548 poenam,
1348 2485 1443 2548 prae·
1487 2465 1562 2539 bus,
1588 2472 1621 2525 et
1651 2464 1814 2540 virtutem,
1833 2483 1918 2548 quae
1940 2463 2100 2530 Patientia
2127 2485 2187 2528 seu
2201 2470 2250 2540 ⁷⁴)
2273 2466 2454 2533 'Polmntit

470 2545 583 2608 sertim
611 2551 775 2624 atrocen,
815 2546 903 2612 velle
934 2547 1078 2614 humana
1110 2552 1192 2613 ratio
1224 2569 1291 2614 non
1320 2561 1442 2635 potest.
1485 2557 1643 2623 vocatur,
1671 2566 1768 2629 quam
1792 2547 1911 2612 Graeci
1928 2551 2099 2613 nominant
2115 2549 2327 2630 ἀνεξικακίαν,
2350 2563 2453 2616 utens

469 2626 686 2708 Palamedes,
709 2627 880 2696 Socrates
897 2629 945 2697 'et
978 2632 1104 2697 similes
1130 2633 1240 2698 ferunt
1272 2632 1443 2719 supplicia,
1485 2649 1549 2777 que
1571 2630 1743 2713 descripsi,
1773 2631 1868 2703 Quae
1881 2636 1926 2707 ⁷⁵)
1948 2634 2011 2696 etsi
2032 2636 2281 2698 eonecessaria
2298 2648 2367 2712 est,
2389 2636 2454 2721 quit

468 2732 535 2775 nou
558 2713 647 2795 quod
667 2710 933 2797 velintpoenam,
955 2718 1016 2779 sed
1032 2718 1169 2800 perinde
1186 2716 1339 2795 tolerant,
1360 2720 1443 2782 acsi
1508 2715 1640 2778 ivinitus
1661 2712 1745 2778 haec
1766 2717 1953 2780 obedientia
1974 2716 2177 2798 postulatur,
2210 2730 2328 2782 tamen
2351 2731 2384 2784 et
2403 2719 2454 2784 uti·

468 2794 705 2862 dilaniarentur
725 2818 746 2861 a
766 2796 928 2863 leonibus.
1484 2795 1595 2861 litates
1617 2817 1757 2881 magnae
1778 2803 1961 2864 exuscitent
1976 2820 2056 2881 nos,
2078 2813 2115 2865 nt
2135 2822 2208 2866 eam
2230 2805 2364 2868 maiore
2384 2823 2454 2867 curu

553 2877 599 2944 At
615 2877 740 2946 Paulus
763 2880 833 2946 vult
862 2879 973 2968 aliquo
1000 2886 1099 2948 modo
1122 2904 1161 2947 su
1185 2882 1336 2967 plicium,
1365 2886 1442 2968 quia
1484 2879 1729 2963 amplectamur.
1758 2881 1823 2946 Ubi
1845 2886 1942 2949 animi
1960 2884 2025 2949 hac
2042 2887 2161 2949 virtute
2184 2906 2253 2950 non
2278 2887 2453 2951 confirmati

467 2964 531 3030 scit
550 2965 772 3030 testimonium
790 2986 869 3031 esse
891 2965 1128 3043 confessionis3
1189 2969 1266 3031 avid
1294 2965 1365 3032 vult
1385 2966 1442 3031 ali·
1485 2978 1580 3041 sunt,
1602 2966 1694 3028 varie
1714 2981 1828 3044 ruunt,
1855 2971 2041 3034 irascuntur
2060 2969 2153 3047 Deo,
2182 2984 2351 3054 quaerunt
2372 2972 2454 3035 auxi-

468 3069 534 3133 quo
555 3050 654 3114 modo
671 3070 826 3135 poenam,
849 3053 926 3135 quia
947 3054 1011 3116 scit
1031 3051 1106 3115 Deo
1129 3053 1250 3116 debere
1271 3071 1334 3116 nos
1355 3050 1442 3115 hanc
1483 3048 1532 3140 lia
1549 3052 1756 3128 inconcessa,
1774 3065 1810 3114 ut
1821 3050 1903 3116 Saul
1924 3051 2068 3117 consulit
2087 3055 2251 3137 magicam
2273 3053 2454 3129 mulierem

467 3133 704 3211 obedientiam,
740 3134 805 3200 scit
832 3156 854 3199 a
881 3135 957 3201 Deo
992 3137 1133 3224 proponi
1160 3131 1341 3219 exemplum
1373 3138 1442 3201 irae
1483 3133 1594 3218 Reges
1616 3131 1741 3199 faciunt
1761 3137 1880 3200 iniusta
1901 3133 2048 3215 foedera,
2071 3136 2160 3201 multi
2182 3140 2359 3221 cupiditate
2387 3141 2453 3200 ιιίι-

465 3217 525 3302 toti
548 3219 662 3303 generi
683 3217 826 3286 humano
847 3221 883 3284 in
899 3218 964 3286 hac
984 3241 1047 3288 sua
1067 3240 1194 3307 poena,
1214 3231 1388 3305 praeterea
1409 3233 1442 3284 ct
1484 3219 1592 3282 dictae
1613 3231 1745 3283 movent
1762 3219 1947 3285 Ecclesiam
1968 3234 2002 3284 et
2021 3224 2181 3303 imperia,
2202 3233 2240 3286 ut
2261 3223 2374 3285 Arium
2395 3221 2453 3285 do·

465 3302 702 3387 mitigationem
734 3314 898 3386 expectat.
948 3305 1099 3370 Addatur
1122 3325 1203 3392 ergo
1233 3301 1383 3379 definitio}
1408 3306 1441 3376 iu
1482 3300 1555 3365 lore
1582 3301 1736 3387 repulsae
1764 3319 1886 3370 motum
1916 3307 2006 3368 aiunt
2027 3308 2070 3368 ad
2091 3306 2290 3370 turbandam
2309 3303 2454 3369 Ecclesi-

469 3383 654 3486 Evangelio
677 3387 814 3453 tradita:
837 3387 1000 3455 Patientia
1010 3387 1199 3456 Chn‘stiaua
1220 3400 1283 3466 est,
1305 3388 1442 3454 obedire
1483 3408 1554 3460 am;
1583 3386 1625 3451 lit
1652 3388 1732 3451 vidit
1758 3403 1873 3454 nostra
1895 3401 1987 3453 aetas
2015 3387 2165 3471 exempla
2184 3388 2267 3454 talia
2287 3410 2354 3454 non
2380 3410 2454 3474 pau·

464 3467 539 3534 Deo
569 3490 602 3533 m
629 3473 831 3537 sustinendis
859 3477 1044 3554 aerumnis,
1073 3475 1136 3551 ita,
1164 3469 1290 3554 nevel
1318 3493 1339 3536 a
1365 3472 1439 3538 Deo
1484 3490 1534 3534 ca.
1582 3470 1738 3557 Magnum
1761 3474 1945 3537 incendium
1967 3484 2019 3538 eat
2040 3474 2204 3537 vindictae
2236 3475 2403 3558 cupiditas
2421 3474 2452 3536 in

459 3555 658 3621 deficiamus
685 3554 741 3620 vel
768 3557 798 3619 ei
826 3558 1008 3623 irascamur
1034 3555 1088 3624 vel
1118 3570 1234 3623 contra
1260 3555 1326 3622 alia
1346 3577 1440 3641 prae·
1482 3552 1604 3631 multis,
1632 3556 1725 3619 utin
1755 3555 1946 3634 Alcibiade,
1971 3555 2147 3637 Coriolano
2170 3569 2203 3620 et
2230 3555 2309 3622 aliis
2323 3563 2370 3635 ⁷⁶)
2391 3577 2453 3622 ma·

465 3653 563 3725 cepta
574 3638 639 3704 Dei
661 3637 834 3719 faciamus,
858 3643 919 3706 sed
941 3644 1148 3707 moderemur
1170 3641 1268 3707 animi
1290 3637 1439 3706 dolorem
1482 3640 1557 3724 gnis
1578 3640 1669 3703 viris.
1715 3638 1783 3703 Sed
1814 3643 1981 3705 discamus
2010 3644 2139 3724 privato
2161 3639 2273 3726 dolori
2296 3640 2455 3707 anteferre

465 3739 498 3792 et
528 3723 684 3791 auxilium
721 3747 762 3791 ac
800 3727 1035 3812 mitigationem
1056 3749 1077 3792 a
1108 3727 1182 3790 Deo
1216 3739 1438 3808 expectemus.
1480 3720 1644 3807 publicam
1670 3720 1857 3803 utilitatem,
1878 3745 1941 3790 nec
1969 3745 2029 3809 per
2054 3727 2291 3806 impatientiam
2314 3747 2383 3791 non
2403 3745 2453 3789 ne·

465 3809 609 3878 Collatio
636 3811 859 3876 definitionum
889 3814 1034 3876 ostendit
1066 3813 1260 3887 discrimen,
1286 3810 1375 3894 quod
1405 3812 1439 3872 in
1482 3807 1647 3872 cessarios
1669 3805 1825 3871 tumultus
1848 3812 2037 3873 excitemus.
2081 3809 2244 3881 Quantum
2269 3812 2378 3875 decus
2399 3807 2454 3874 tuit

465 3893 625 3980 exemplis
646 3907 755 3959 tamen
782 3892 906 3959 clarius
936 3913 1018 3959 cons
1041 3898 1148 3959 icitur.
1190 3892 1300 3958 David
1321 3892 1437 3958 intelli·
1473 3891 1645 3973 ¹Scipionis
1673 3893 1874 3970 moderatio,
1899 3894 2050 3977 quicum
2076 3892 2174 3956 facile
2199 3906 2324 3976 posset
2345 3895 2454 3959 Tribu-

465 3985 514 4069 git
535 3978 648 4043 seDei
667 3977 807 4043 consilio
824 3981 931 4059 puniri
953 3990 986 4041 ct
1103 3981 1308 4060 obtemperat
1329 3991 1361 4042 et
1380 3997 1438 4061 pe-
1481 3996 1601 4039 norum
1613 3974 1752 4039 iniustas
1764 3978 2006 4041 criminationes
2018 3978 2117 4040 annis
2128 3978 2332 4060 opprimere,
2352 3992 2454 4043 nmen

345 4133 348 4137 ,
464 4069 504 4132 tit
537 4064 784 4148 mitigationem.
834 4063 994 4128 Socrates
1023 4064 1158 4126 mirabar
1192 4063 1382 4125 iniustitiam
1405 4072 1438 4126 et
1477 4061 1563 4124 urbe
1585 4059 1703 4121 cedere
1730 4059 1855 4139 maluit,
1878 4082 1976 4145 quam
1999 4063 2072 4125 sine
2099 4065 2304 4126 necessitate
2326 4080 2454 4128 morere

464 4146 546 4214 nihil
567 4147 610 4211 de
631 4146 697 4211 Dei
718 4144 856 4211 consilio
880 4150 1015 4231 cogitat,
1049 4166 1131 4210 casu
1141 4166 1180 4209 se
1202 4167 1245 4230 op
1269 4148 1341 4208 rimi
1351 4147 1438 4210 arbi·
1479 4141 1736 4226 Rempublicem.
2447 4199 2458 4228 ,

465 4245 589 4310 manu,
611 4241 648 4297 ut
668 4232 697 4295 si
721 4251 803 4297 casu
820 4234 1063 4314 praeteriisset,
1087 4243 1204 4295 mente
1259 4232 1336 4315 iqua
1357 4233 1438 4294 turri
1565 4226 1618 4291 Ac
1638 4230 1750 4310 praeci
1774 4248 1817 4292 ue
1837 4248 1899 4291 nos
1919 4230 1954 4291 in
1976 4228 2130 4293 Ecclesia
2149 4228 2303 4310 pericula
2325 4228 2453 4314 publica

463 4331 498 4384 et
520 4338 593 4383 eum
616 4318 836 4400 opprimente,
864 4337 926 4381 nec
953 4319 1033 4401 petit
1052 4313 1206 4381 auxilium
1234 4326 1292 4379 aut
1312 4316 1438 4401 mitiga·
1479 4314 1729 4394 prospiciamus.
1794 4325 1869 4376 otae
1891 4314 2074 4377 discordiae
2096 4314 2272 4395 cupiditate
2289 4316 2453 4379 vindictae

462 4405 586 4469 tionem
607 4423 628 4467 a
648 4401 736 4467 Deo.
1480 4416 1582 4479 saepe
1602 4394 1785 4464 horrendas
1808 4398 1996 4482 dogmatum
2008 4394 2220 4461 confusiones
2241 4409 2275 4460 et
2301 4396 2388 4462 bella
2408 4396 2451 4459 ci·

529 4488 750 4571 Seiungamus
772 4506 854 4571 ergo
874 4506 938 4550 nos
959 4489 1002 4550 ab
1014 4484 1162 4549 Ethnicis
1189 4484 1222 4547 in
1243 4484 1368 4549 nostris
1385 4504 1439 4548 ae-
1479 4478 1559 4558 vilia
1586 4482 1829 4565 excitarunt-⁷⁷)
1875 4481 1967 4546 llaec
1993 4478 2081 4544 mala
2104 4478 2279 4564 diligenter
2311 4479 2452 4546 cavenda

463 4574 587 4640 mmsis
611 4584 644 4636 et
665 4573 832 4636 discamus
853 4573 1031 4653 praecipue
1047 4569 1135 4632 banc
1157 4571 1261 4650 ipsam
1288 4570 1439 4633 obcaus·
1481 4575 1580 4642 sunt,
1620 4575 1654 4628 et
1685 4567 1831 4649 graviter
1862 4586 1904 4627 ac
1934 4566 2111 4648 prudenter
2142 4566 2356 4630 iudicandum
2396 4574 2454 4640 est,

464 4680 537 4722 sam
558 4668 662 4720 totum
683 4675 789 4741 genus
811 4655 988 4721 humanum
1009 4656 1109 4717 tantis
1132 4654 1273 4716 miseriis
1296 4655 1437 4729 onerari,
1482 4650 1600 4732 quibus
1636 4649 1677 4712 de
1710 4653 1809 4714 rebus
1835 4649 2046 4732 pugnandum
2077 4650 2165 4725 sit⁷⁸i
2188 4660 2221 4711 et
2242 4651 2302 4713 ubi
2325 4648 2454 4714 nonsit

463 4754 501 4807 ut
527 4741 570 4803 ad
598 4742 797 4823 agnitionem
825 4740 890 4804 Dei
918 4752 952 4803 et
978 4741 1022 4802 ad
1055 4738 1295 4802 invocationem
1327 4757 1438 4802 veram
1480 4734 1702 4818 pugnandum.
1772 4732 1847 4798 Non
1885 4734 2100 4797 dimicandum
2134 4742 2185 4796 est
2199 4733 2267 4796 ‘de
2317 4734 2455 4818 privatis

466 4825 655 4890 excitemur.
689 4823 772 4890 Cum
782 4827 931 4889 videmus
953 4834 1102 4900 mortem
1123 4823 1272 4898 morbos,
1292 4822 1439 4897 iniurias,
1492 4879 1528 4888 ..
1617 4878 1683 4888 .-.

464 4905 567 4984 bella,
587 4906 806 4989 pestilentias,
816 4908 949 4985 diluvia,
972 4908 1099 4971 excidia
1114 4906 1243 4970 urbium
1255 4905 1381 4970 etalias
1393 4906 1440 4967 in·

465 4988 690 5059 uummsbiles
731 4991 934 5058 calamanus
974 4994 1123 5074 privatas
1167 5001 1199 5053 et
1239 5007 1440 5066 communes,
1482 5003 1529 5068 ra)
1547 5004 1610 5055 rut
1628 5004 1725 5054 uener.
1742 5002 1815 5065 (our.
1833 5005 1873 5057 eu
1891 5006 1918 5056 u
1936 5006 2023 5067 supr.
2041 5006 2067 5055 r.
2085 5005 2113 5056 u.
2129 5016 2154 5065 p.
2173 5004 2230 5055 aas.
2248 5005 2299 5066 a).

466 5076 538 5145 vult
554 5095 618 5141 nos
640 5079 858 5142 &dmiffliiffllo
875 5087 1040 5142 tunimm
1061 5076 1264 5139 miseriarum
1281 5075 1439 5136 fliwliliofl
1483 5105 1529 5169 74)
1548 5104 1607 5166 seu]
1624 5102 1697 5154 ΕΜ.
1715 5104 1756 5152 22
1774 5106 1815 5155 24·
1835 5107 1874 5158 23¹
1892 5106 1935 5154 29·
1954 5104 2074 5165 31-33·⁹
2092 5105 2153 5167 opp·
2173 5105 2194 5155 1·
2213 5105 2235 5155 q⁸
2254 5108 2302 5156 nup

468 5165 510 5227 de
542 5162 673 5226 caussis
705 5163 798 5225 etde
816 5160 1023 5245 'opitulatore
1048 5178 1219 5245 quaerere.
1270 5156 1440 5221 Laudatur
1483 5205 1530 5269 75)
1549 5204 1631 5266 ow]
1649 5204 1721 5257 edm
1739 5207 1779 5256 22.
1797 5208 1838 5257 24·
1858 5207 1898 5260 η
1917 5207 1972 5267 Qui

466 5245 617 5312 Platonis
645 5247 808 5310 sententia
836 5247 870 5309 in
899 5243 1091 5329 Epitaphio,
1123 5263 1222 5327 quam
1242 5239 1360 5307 Cicero
1385 5259 1440 5304 ex·
1497 5299 1515 5353 ,3
1697 5303 1713 5356 d
1919 5306 1987 5355 ‘34
2144 5305 2160 5352 2
2230 5305 2238 5355 Ι

466 5327 591 5414 pressit
616 5327 671 5394 his
702 5331 829 5396 verbis:
854 5329 942 5394 Nam
970 5330 1022 5393 cui
1051 5330 1124 5391 viro
1145 5347 1187 5391 cx
1208 5346 1247 5388 se
1267 5328 1341 5407 ipso
1362 5335 1440 5406 apta
1482 5305 1575 5370 '‘i“
1591 5303 1658 5369 ἨΜ
1678 5306 1697 5357 Ε
1715 5308 1751 5358 itt
1769 5307 1809 5356 ²²·
1824 5308 1866 5355 ²⁴·
1885 5308 1917 5355 ²⁸
1987 5341 2004 5370 ·.
2024 5306 2126 5369 (ΨΜ
2162 5309 2214 5357 ·“
2239 5307 2338 5361 ΗΜ

467 5425 546 5480 suut
572 5416 699 5492 omnia,
726 5433 811 5499 quae
832 5414 878 5477 ad
897 5414 994 5477 beate
1015 5413 1190 5479 vivendum
1216 5407 1343 5488 serunt,
1375 5429 1440 5473 uec
1483 5409 1529 5474 77)
1546 5408 1705 5474 mimi-l
1724 5408 1797 5460 rattt.
1818 5409 1840 5458 1·
1859 5407 1885 5456 ³·
1904 5409 2021 5460 ‘mimi

467 5516 634 5581 suspenso
653 5497 791 5566 aliorum
812 5510 870 5564 eut
892 5500 980 5562 bono
1000 5515 1085 5561 cam
1107 5496 1339 5560 autconuario
1359 5513 1439 5577 pen-
1483 5510 1530 5574 te)
1547 5511 1712 5573 pugnandum
1731 5507 1774 5573 stt]
1794 5509 1867 5571 corp.
1887 5509 1961 5557 1-8.
1980 5508 2015 5559 rit
2031 5507 2194 5571 pummdum
