5859 6734
1145 680 1258 748 iiiii..
1279 680 1384 749 imi..
1406 678 1594 749 sonim
1615 676 1888 745 poematica
1909 728 1911 732 -

673 890 733 953 pus
776 870 817 932 iit
834 871 915 948 quod
933 871 1029 932 estin
1047 866 1176 930 humana
1192 875 1296 931 natura
1313 870 1472 949 optimum:
1491 867 1652 930 Rationem
1669 867 1854 930 voluntatem
1870 875 1903 928 et
1919 865 2011 927 lrulns
2029 866 2247 946 pulcherrimos
2271 888 2357 931 coue-
2486 867 2488 875 '

673 963 724 1019 tus
742 962 776 1018 ut
792 954 944 1015 ridentur:
962 954 1091 1016 Fructus
1109 957 1207 1015 camis
1225 960 1277 1015 est
1292 954 1366 1015 Tam
1384 954 1619 1034 speciosissima
1629 952 1764 1014 Socratis
1782 960 1834 1014 aut
1851 949 1978 1013 Catonis
1991 956 2015 1028 ¹)
2034 954 2146 1014 virtusr
2165 972 2254 1033 quam
2271 975 2359 1015 vene·

673 1060 726 1102 ree
741 1039 847 1102 libido.
890 1039 961 1101 Nisi
986 1042 1084 1100 carnis
1101 1038 1281 1142 vocalrulum
1298 1058 1352 1119 pro
1365 1040 1500 1101 ‚humana
1516 1046 1620 1099 natura
1637 1037 1838 1117 humanisque
1854 1039 1969 1098 viribus
1987 1040 2179 1117 quantumvis
2188 1040 2218 1116 ι)
2241 1042 2358 1120 specio·

673 1122 1997 1289 it.timim..iiiiii'fli't,imitantium
2016 1125 2359 1288 iiii'iiittli

674 1300 725 1355 est
753 1300 784 1354 et
800 1293 879 1355 Heb.
899 1300 929 1357 9.
948 1299 1008 1372 [rs.
1030 1299 1110 1373 10.:]
1132 1292 1164 1354 ln
1179 1295 1273 1375 variJs
1292 1296 1426 1375 iusticijs
1445 1301 1476 1355 et
1500 1295 1733 1373 baptismatibus
1758 1296 1866 1355 carnis.
1876 1297 1906 1372 ⁴)
1923 1294 1974 1353 vbi
1991 1300 2080 1357 vocat
2091 1295 2242 1356 iusticiam
2259 1296 2357 1355 carnis

675 1397 753 1458 quae
769 1385 820 1439 est
837 1378 1029 1439 humanarum
1045 1381 1163 1439 virium.
1224 1375 1331 1459 ltaque
1355 1399 1472 1440 carnem
1486 1380 1490 1430 Ι
1504 1380 1680 1441 vocabimus
1712 1380 1857 1460 quicquid
1881 1387 1931 1441 est
1954 1387 2036 1443 extra
2058 1381 2195 1462 spiritum
2217 1387 2252 1441 ut
2269 1399 2358 1460 quan·
2416 1420 2424 1445 r
2461 1414 2468 1430 ·

555 1539 561 1548 „
673 1466 787 1524 tumuis
804 1464 966 1544 speciosas
989 1461 1077 1524 Pauli
1094 1466 1222 1526 virtutes
1239 1464 1372 1526 nondum
1389 1464 1560 1526 credentis:
1586 1464 1745 1526 humanam
1768 1468 1949 1546 sapientiam
1970 1473 2003 1527 ut
2025 1466 2176 1527 Socratisr
2200 1464 2359 1526 lrumauam

674 1548 824 1609 iusticiam
841 1555 875 1608 ut
891 1546 1056 1626 Catonisl)
1073 1548 1241 1610 Humanam
1258 1552 1484 1629 temperantiam
1501 1556 1535 1611 ut
1550 1549 1681 1631 Fabrici]
1703 1551 1871 1612 Humanam
1894 1552 2105 1613 continentiam
2128 1557 2162 1612 ut
2177 1550 2358 1612 Xenocratis

673 1630 840 1694 Humanam
857 1633 1059 1694 fortitudinem
1071 1640 1104 1695 ut
1115 1635 1249 1695 Zenonis
1265 1633 1395 1695 elautae.
1415 1633 1505 1708 Quae
1521 1637 1648 1696 virtutes
1674 1642 1747 1697 suut
1763 1638 1873 1697 serias.
1886 1636 1964 1698 vicia
1974 1641 2007 1697 et
2021 1635 2112 1718 plane
2123 1636 2237 1697 fmctus
2249 1635 2358 1696 curuis.

826 1750 841 1782 ·
863 1753 941 1806 ilulto
962 1751 1070 1806 vinatior
1085 1755 1128 1806 est
1143 1754 1230 1808 anima
1246 1755 1306 1817 isne
1324 1756 1351 1807 et
1367 1757 1462 1818 quanto
1478 1755 1588 1809 unitor
1605 1758 1646 1809 est
1662 1756 1732 1810 tanto
1749 1757 1902 1821 propensior
1918 1754 1952 1808 ed
1966 1756 2132 1819 pecmndmn.
2159 1756 2187 1808 in
2204 1754 2299 1808 intimis
2316 1766 2358 1808 ra·

877 1819 975 1874 dictiue
990 1822 1082 1874 ureret
1096 1822 1183 1875 odium
1201 1826 1228 1875 et
1244 1824 1267 1875 si
1284 1826 1451 1885 cognosceret
1466 1826 1543 1877 homo
1560 1837 1611 1877 non
1628 1826 1717 1887 posset
1734 1823 1803 1877 terre
1820 1825 1888 1877 lianc
1899 1823 2030 1877 miseriam
2048 1823 2263 1876 etracartiouem
2276 1822 2360 1876 omme

876 1888 938 1941 boni
953 1900 1020 1954 quse
1036 1895 1193 1954 pmprrntur
1208 1902 1242 1943 ex
1257 1903 1346 1945 amore
1363 1890 1445 1957 sui⁶i

759 1986 899 2050 Contra
916 1990 1095 2068 spiritum
1112 1992 1279 2052 vocabis
1299 1992 1488 2070 quicquid
1506 1992 1678 2073 spiritus
1696 1994 1898 2062 sanctus⁷i
1917 1992 1953 2051 in
1973 1991 2108 2061 nohis,
2126 2008 2227 2050 veram
2251 1997 2284 2050 et
2309 1991 2359 2051 ab·

672 2073 804 2140 solutam
820 2073 1013 2153 solidamque
1030 2076 1208 2154 sapientiam
1226 2077 1369 2155 pietatem
1388 2078 1540 2138 iusticiam
1557 2078 1783 2157 temperantiam
1799 2076 2038 2137 Moderationem
2056 2072 2235 2136 castitatem
2261 2081 2292 2134 et
2316 2095 2359 2134 re·

672 2159 775 2241 liquos
793 2159 908 2222 fructus
925 2166 1097 2221 numeratos
1115 2180 1134 2220 a
1155 2158 1251 2220 Paulo
1269 2160 1329 2221 Ro.
1349 2164 1380 2222 8.

757 2246 812 2306 Sic
829 2252 929 2320 autem
946 2252 1097 2325 comparat
1113 2247 1253 2325 spiritum
1280 2266 1349 2307 cum
1373 2265 1463 2306 carne
1480 2243 1598 2307 Paulus
1622 2245 1808 2322 rhetoricaff)
1829 2250 1862 2306 et
1878 2243 2058 2324 elegantius.
2082 2245 2278 2304 contencione
2295 2247 2358 2322 [vs.

673 2338 703 2396 6.
722 2336 805 2411 sq.:]
823 2329 1005 2391 Affectus
1023 2332 1154 2390 carnis
1179 2330 1341 2419 lllorstest
1362 2330 1550 2392 Affectus
1568 2332 1735 2412 spiritus
1753 2331 1815 2391 vita
1843 2336 1875 2391 et
1891 2327 1956 2390 Pax
1973 2328 2124 2403 Quoniam
2145 2327 2274 2389 affectus
2299 2348 2359 2388 car·

673 2420 722 2480 uis
740 2423 790 2479 est
807 2417 996 2492 inimicitia⁹)
1013 2415 1164 2476 aduersus
1182 2416 1274 2477 deum
1290 2416 1370 2494 Legi
1388 2417 1468 2477 enim
1485 2417 1536 2476 dei
1554 2436 1613 2477 non
1636 2422 1686 2478 est
1708 2417 1868 2477 subiectus
1894 2433 1993 2494 neque
2011 2415 2090 2475 enim
2115 2413 2227 2493 subijci
2245 2419 2358 2492 potest.

672 2500 705 2563 ln
725 2521 785 2581 qua
801 2501 1022 2581 comparatione
1038 2520 1106 2562 curn
1124 2499 1224 2580 palam
1241 2501 1285 2561 sit
1295 2500 1439 2580 Spiritum
1456 2502 1557 2561 vocari
1574 2502 1698 2581 gratim
1716 2494 1831 2560 Christi
1847 2499 1991 2580 Necesse
2007 2506 2057 2560 est
2068 2496 2196 2558 Carnem
2214 2517 2359 2557 vocemus

673 2585 818 2667 quicquid
835 2605 893 2645 non
912 2591 961 2646 est
978 2586 1103 2664 spiritus
1122 2592 1153 2645 et
1171 2592 1254 2646 extre
1269 2587 1418 2665 spiritum.
1453 2585 1544 2646 Alias
1562 2605 1620 2646 nou
1639 2588 1695 2647 erit
1712 2586 1826 2663 integra
1843 2586 2022 2664 comparatio
2041 2584 2070 2644 si
2087 2582 2212 2642 Medius
2230 2582 2358 2642 allectus

674 2674 716 2733 sit
740 2674 816 2731 iuter
837 2671 975 2749 spiritum
998 2677 1030 2731 et
1052 2668 1190 2729 Carnem.
1234 2665 1340 2749 ltaque
1363 2690 1431 2730 cum
1454 2671 1528 2732 dicit
1545 2668 1654 2731 Carnis
1679 2670 1819 2731 allectum
1841 2689 1916 2729 esse
1940 2675 2065 2730 mortem
2082 2666 2167 2729 Esse
2190 2667 2292 2728 odium
2310 2666 2360 2726 dei

673 2755 751 2836 Legi
769 2756 818 2816 dei
837 2756 949 2836 subijci
968 2775 1026 2817 non
1043 2774 1141 2834 posse
1160 2754 1243 2827 Quid
1259 2752 1343 2815 aliud
1361 2755 1434 2815 dicit
1452 2774 1540 2834 quam
1560 2775 1666 2815 omnes
1679 2753 1684 2803 l
1699 2754 1847 2815 humanos
1865 2753 1993 2813 affectus
2012 2772 2086 2813 esse
2103 2757 2236 2832 peccata.

760 2840 857 2900 Tota
874 2841 955 2900 vita
970 2839 1219 2920 Euangelicaque
1236 2838 1371 2900 doctriua
1387 2839 1607 2919 comprehensa
1624 2846 1674 2901 est
1691 2840 1721 2898 in
1739 2837 1867 2899 Paulina
1884 2838 2026 2917 Epistola
2042 2837 2081 2897 ad
2098 2835 2206 2897 Roma.

758 2924 861 3003 Ergo
878 2926 938 2984 vis
989 2925 1115 2986 eccati
1132 2922 1343 3005 originalis
1360 2922 1422 2985 list
1439 2925 1561 3003 energia
1578 2925 1698 3004 rapiens
1717 2924 1867 2984 hominem
1883 2923 2051 2983 secundum
2072 2921 2215 2982 Naturam
2239 2938 2361 2999 semper

672 3008 712 3071 ad
727 3010 904 3090 pecandum.
950 2943 1037 3083 (iuti
1062 3028 1133 3090 ergo
1158 3010 1305 3072 iactamus
1331 3009 1370 3069 do
1387 3007 1460 3070 libe.
1480 3010 1561 3069 arbi:
1586 3008 1668 3082 Quid
1687 3009 1834 3069 humanas
1859 3009 1951 3069 vires.
1994 3007 2037 3069 Et
2058 3027 2097 3068 ex
2113 3006 2164 3067 liis
2184 3006 2262 3066 satis
2283 3024 2355 3064 con

674 3100 736 3156 stat
753 3093 846 3167 Quod
862 3093 1039 3174 principium
1057 3095 1260 3175 poenitentiae
1278 3115 1337 3155 uon
1355 3100 1404 3154 est
1422 3094 1452 3154 in
1470 3096 1583 3155 uostris
1597 3094 1712 3154 viribus
1730 3094 1865 3174 positum
1882 3092 2031 3171 (.idsatis
2047 3091 2231 3174 experientia
2244 3089 2360 3164 docet.)

674 3177 760 3242 Sicut
778 3185 809 3240 et
825 3177 934 3239 llierer
952 3183 1079 3240 testatur
1102 3197 1169 3259 cap.
1193 3184 1244 3241 31.
1258 3181 1298 3258 ¹⁰)
1357 3182 1420 3258 [vs.
1443 3182 1481 3240 18
1500 3197 1549 3259 sq.
1559 3183 1583 3258 a]
1612 3176 1764 3240 Conuerte
1785 3199 1836 3239 me
1860 3185 1892 3239 et
1915 3183 2070 3239 conuertar
2095 3183 2256 3257 postquam
2282 3174 2361 3233 enim

675 3265 851 3326 conuertisti
867 3284 917 3332 me
935 3265 985 3343 egi
1001 3265 1225 3344 poenitentiam.

675 3347 840 3411 Constat
857 3350 954 3409 enim
975 3349 1058 3427 quod
1075 3348 1175 3429 legem
1198 3349 1248 3412 dei
1273 3368 1361 3409 nemo
1386 3347 1541 3409 lrominum
1565 3368 1603 3409 ex
1619 3349 1736 3410 virllrus
1754 3348 1823 3409 suis
1846 3346 1944 3408 facere
1966 3352 2079 3427 potest.
2122 3345 2164 3407 Et
2181 3363 2361 3425 quamquam

675 3434 705 3492 in
723 3435 859 3512 sepeiem
877 3453 936 3492 non
954 3433 1116 3513 indulgeas
1133 3433 1252 3495 libidini
1269 3432 1339 3493 Nou
1362 3434 1470 3494 fureris
1487 3432 1557 3494 Non
1576 3434 1700 3495 occidas
1717 3432 1831 3495 'famen
1849 3451 1920 3493 vere
1937 3431 2014 3493 lraec
2031 3452 2123 3514 opera
2144 3437 2226 3493 metu
2244 3448 2362 3509 poenae

673 3517 816 3578 commod
848 3515 1000 3597 planeque
1024 3538 1156 3580 necesse
1181 3526 1231 3581 est
1254 3525 1288 3580 ut
1304 3517 1427 3580 fatearis
1443 3518 1516 3579 Nisi
1538 3517 1590 3580 lex
1607 3519 1799 3580 interdiceret
1814 3516 1910 3579 Malle
1928 3525 1959 3581 te
1977 3517 2100 3599 explere
2123 3519 2254 3579 animum
2272 3521 2303 3575 et
2321 3516 2361 3573 ln·

675 3600 799 3682 dulgere
817 3603 907 3683 genio
925 3622 1014 3683 quam
1031 3622 1086 3684 per
1101 3603 1202 3685 legem
1220 3610 1251 3664 et
1268 3611 1350 3666 metu
1366 3605 1510 3665 coerceri.
1554 3603 1640 3666 Haec
1658 3602 1793 3666 deliber
1811 3604 1903 3665 Arbir

1411 3737 1469 3796 De
1497 3736 1618 3815 hoger

760 3852 939 3914 Primum:
962 3854 1042 3915 Lex
1059 3854 1118 3915 Est
1131 3858 1157 3927 ¹)
1176 3855 1328 3913 sententia
1346 3873 1406 3932 qua
1423 3860 1454 3913 et
1470 3854 1551 3914 bona
1567 3855 1789 3933 praecipiuntur
1807 3859 1838 3913 et
1855 3852 1934 3914 mela
1951 3860 2097 3913 vetantur.
2113 3856 2140 3927 b)

762 3940 819 3999 2¹.
838 3937 911 3999 Alia
926 3937 1097 4000 Naturalis:
1116 3937 1177 3999 alia
1194 3938 1296 3998 diuina
1313 3937 1385 3998 Alia
1401 3937 1540 3997 humana.
1559 3942 1585 4015 ⁶)

763 4028 818 4083 3¹.
836 4022 991 4085 Naturalis
1008 4022 1060 4085 lex
1075 4024 1136 4085 Est
1148 4024 1178 4106 ⁶)
1192 4025 1347 4096 ‚sententia
1364 4023 1532 4084 communis
1550 4024 1598 4082 cui
1617 4041 1723 4083 omnes
1736 4032 1741 4086 Ι
1754 4021 1894 4083 homiues
1921 4022 2031 4103 pariter
2058 4023 2242 4083 assentimur
2259 4020 2363 4099 Atque

677 4109 754 4169 adeo
780 4127 869 4188 quam
887 4107 965 4169 deus
994 4110 1144 4188 cuiusque
1162 4110 1260 4169 animo
1280 4107 1444 4188 insculpsit
1461 4107 1685 4168 accommodata
1707 4107 1746 4170 ad
1764 4127 1864 4169 mores
1883 4107 1962 4169 Sunt
1979 4109 2058 4168 euim
2076 4127 2252 4167 communes
2271 4124 2360 4186 quae
2426 4106 2434 4130 ’
2465 4103 2472 4117 ’

677 4193 745 4254 dam
762 4195 931 4255 sententiae
948 4213 1007 4255 seu
1023 4193 1147 4255 Thesea
1166 4200 1190 4272 (.
1210 4195 1229 4254 i.
1249 4214 1277 4254 e.
1296 4213 1472 4254 communes
1492 4191 1663 4266 formulae.)
1674 4193 1712 4253 ad
1723 4191 1905 4253 formandam
1917 4195 2007 4254 vitam
2018 4194 2259 4254 accommodatae
2273 4190 2361 4263 fluas

678 4297 784 4340 omnes
806 4278 948 4340 lromines
976 4279 1231 4359 comprehendunt
1255 4285 1288 4339 ut
1312 4285 1384 4339 sunt
1407 4279 1555 4359 principia
1571 4277 1720 4339 Theodec
1744 4298 1802 4338 seu
1820 4277 2036 4357 speculabilia:
2054 4285 2104 4339 utr
2129 4277 2296 4351 Quodlibet
2315 4281 2364 4336 est

552 4405 554 4410 ,
677 4370 804 4425 autnon
822 4370 872 4425 est
889 4362 998 4426 Totum
1016 4370 1067 4425 est
1083 4367 1181 4425 maius
1207 4384 1265 4426 sua
1287 4370 1370 4444 parte
1395 4359 1441 4425 lta
1456 4369 1529 4424 sunt
1552 4370 1583 4425 et
1599 4362 1688 4444 leges
1707 4370 1828 4425 naturae
1851 4365 1996 4445 principie
2013 4363 2161 4442 quaedam
2178 4365 2308 4443 practica
2324 4361 2364 4420 ad

526 4518 733 4533 '‘—

1367 4584 1484 4639 colticis
1499 4586 1680 4640 nivmsirrs.

748 4687 775 4749 1)
793 4686 912 4740 cathenis
974 4689 1004 4751 2)
1028 4673 1154 4750 quereum
1171 4686 1217 4738 ric
1234 4686 1411 4756 insignitum
1428 4683 1510 4738 duod
1527 4682 1615 4738 dubie
1631 4690 1664 4738 ut
1687 4683 1822 4739 deleatur
1839 4687 1959 4754 duoque
1975 4683 2041 4738 loco
2062 4689 2196 4757 meatur
2225 4679 2305 4751 quod
2329 4681 2363 4731 trs

680 4767 779 4825 marg.
798 4754 938 4805 interiori
955 4757 1054 4809 metat
1071 4754 1233 4815 quantumvis
1295 4757 1325 4818 ι)
1341 4755 1425 4820 capud
1441 4754 1539 4818 genes'.
1598 4756 1628 4821 4)
1653 4751 1712 4807 Sta
1725 4752 2031 4820 sismusinum
2055 4755 2249 4819 baptismatibus
2275 4750 2363 4804 etlu-

678 4822 752 4875 stltlls
769 4822 862 4875 camis.
897 4818 944 4890 Cf.
962 4819 1045 4889 infra
1077 4820 1116 4875 ol.
1136 4824 1176 4886 12,
1195 4819 1222 4872 i.
1241 4822 1306 4877 tait.
1356 4823 1387 4884 d)
1405 4823 1524 4876 cathetus
1575 4824 1605 4888 d)
1624 4821 1709 4875 llaec
1725 4819 1793 4873 MS.
1810 4819 1864 4889 fot.
1884 4825 1908 4885 8,
1926 4818 1954 4873 i.
1974 4823 2006 4874 in
2023 4838 2120 4893 marg.
2139 4818 2281 4889 inferiori
2292 4815 2361 4871 add.

677 4900 771 5010 ἔξω
787 4891 974 5019 asstffitffig
991 4893 1094 5021 rcrqop
1107 4888 1229 5022 31?le
1246 4887 1548 4953 dubitationum
1573 4896 1668 4943 meent
1685 4888 1910 4958 interponenda.
1981 4892 2010 4956 7)
2029 4904 2071 4943 rc.
2091 4889 2154 4944 est?
2221 4890 2251 4955 8)
2269 4889 2362 4942 lietlro·

1270 5163 1418 5252 mirionis
1434 5162 1584 5218 PlilllCll’lS
1600 5163 1780 5217 niviisms

746 5279 776 5338 e)
792 5278 916 5330 Primum:
932 5278 985 5332 Lex
1002 5279 1056 5343 list]
1072 5279 1153 5333 Locus
1171 5282 1205 5333 de
1221 5281 1323 5344 leutius
1397 5281 1442 5335 Est
1458 5285 1545 5335 antem
1563 5283 1605 5334 ier
1628 5276 1691 5332 Vid.
1707 5275 1763 5348 fol.
1783 5284 1872 5344 azo.
1894 5285 1932 5337 15.
1952 5311 1985 5321 -
1999 5278 2054 5349 sot.
2074 5285 2115 5344 ιι,
2134 5276 2160 5330 i.
2175 5281 2215 5332 ¹2.
2285 5279 2315 5343 ir)
2334 5281 2364 5330 et

631 5358 636 5372 ·
678 5345 746 5398 honr
762 5356 845 5408 praec
864 5348 891 5397 et
906 5348 976 5400 maia
993 5348 1056 5410 vet]
1073 5349 1140 5400 irone
1156 5351 1212 5401 tum
1228 5357 1313 5413 praec.
1328 5352 1384 5402 tum
1402 5349 1472 5402 malr
1488 5350 1660 5414 prohibentia
1695 5346 1769 5401 Add.
1788 5351 1830 5404 lus
1852 5354 1893 5404 est
1967 5351 2143 5404 indicabimus.
2169 5343 2231 5398 th·
2244 5342 2298 5413 fol·
2317 5348 2359 5407 8²,

680 5408 706 5463 i.
727 5415 834 5466 it-ii.
904 5415 930 5479 o)
950 5418 999 5468 ιω.
1072 5417 1205 5481 numana]
1310 5429 1336 5470 m
1359 5418 1427 5471 ellae
1451 5419 1583 5471 usturaies
1601 5420 1675 5483 sunt,
1698 5419 1764 5471 aliae
1783 5418 1894 5484 diuinae,
1912 5422 1978 5472 silae
1996 5420 2133 5471 numanae.
2170 5412 2243 5466 Add.
2261 5417 2297 5469 lie
2314 5427 2360 5468 m·

678 5482 802 5602 ῗιιηυιξ
823 5481 924 5543 iegibus
997 5482 1109 5538 termule
1131 5485 1244 5549 petituri
1305 5482 1348 5540 td.
1363 5481 1420 5553 sol.
1438 5487 1482 5550 tt,
1513 5482 1541 5536 ι.
1562 5488 1602 5540 ιι.
1619 5511 1653 5525 -
1667 5481 1723 5554 [οι.
1742 5489 1783 5550 83,
1801 5502 1831 5537 a.
1853 5491 1900 5555 ior2
1933 5488 1970 5555 jd)
1988 5490 2039 5540 δ’.
2113 5481 2170 5546 Est]
2217 5484 2260 5537 Est
2277 5484 2362 5548 itaque

688 5559 720 5600 er
736 5561 770 5602 na
799 5560 851 5601 rae.
