5859 6734
533 691 597 760 tm
680 711 686 717 ·
1167 693 1277 758 Pllllr.
1300 691 1404 759 MEL.
1426 689 1617 760 SCRss’l'A
1637 689 1914 757 DOGMA'l'lGA.
2480 684 2548 754 612

538 891 640 968 caput
656 877 797 945 Genesis
819 891 961 944 testatur
971 878 1079 943 Deum
1101 897 1178 943 esse
1199 880 1377 943 essentiam
1398 877 1517 943 intelli·
1557 875 1646 941 iecit.
1699 875 1832 942 Etbnici
1861 889 1894 941 et
1920 876 2019 980 'l'urci
2048 896 2087 940 se
2115 895 2247 980 quoque
2272 876 2428 940 iactitant
2451 876 2545 942 iuvo-

537 968 751 1118 titini
767 962 1518 1127 {itttitiiitdtitiftitltf:
1559 959 2545 1132 35⁶biliittri⁰ttt”iiitti”ttirtff't*t

537 1157 615 1203 narn
637 1149 828 1215 essentram,
849 1154 975 1220 puram,
997 1136 1117 1198 iustam
1139 1145 1172 1197 et
1193 1130 1380 1197 liberrimae
1401 1130 1518 1198 volun·
1560 1127 1675 1196 volunt
1701 1131 1817 1197 audire
1847 1132 2049 1194 conditorem
2083 1151 2121 1194 se
2152 1128 2407 1215 patefacienteru
2434 1133 2546 1198 verbo

537 1223 618 1287 tatis
639 1231 782 1286 testatur
805 1221 928 1284 creatio
950 1219 1111 1296 bominis,
1135 1219 1188 1282 oui
1209 1218 1252 1281 ud
1273 1219 1451 1304 imaginem
1473 1218 1519 1282 di·
1562 1235 1624 1280 suo
1648 1223 1682 1278 et
1702 1217 1805 1278 misso
1827 1212 1906 1279 lilio.
1936 1215 2105 1280 Aberrant
2126 1235 2208 1301 ergo
2226 1238 2248 1281 a
2267 1237 2346 1281 vero
2366 1219 2549 1285 conditore

538 1307 649 1373 vinam
672 1308 804 1371 condito
825 1305 992 1388 impressit
1009 1302 1103 1367 Deus
1117 1303 1263 1381 notitias,
1288 1321 1373 1386 quae
1392 1303 1519 1385 praeei-
1562 1300 1805 1384 etliuguntsibi
1818 1301 2009 1365 conditores
2021 1302 2091 1364 suis
2104 1298 2396 1384 speculationibus.
2426 1303 2550 1377 Quare·

537 1394 632 1478 piunt
652 1395 758 1469 bona,
779 1391 867 1454 iusta
888 1399 922 1453 et
943 1389 1111 1466 ordinata,
1133 1400 1166 1453 et
1188 1387 1312 1452 addidit
1332 1384 1519 1452 libertatem
1561 1386 1595 1450 iu
1623 1385 1712 1448 omui
1740 1387 1942 1470 cogitatione
1975 1386 2017 1447 de
2042 1384 2117 1450 Deo
2150 1399 2183 1450 et
2212 1389 2300 1451 omni
2327 1389 2539 1457 invocatione

540 1475 737 1553 voluntatis,
764 1477 827 1540 etsi
855 1473 941 1538 baec
967 1475 1056 1537 bona
1083 1482 1162 1555 post
1187 1469 1318 1558 lapsum
1339 1474 1519 1554 primorum
1561 1479 1689 1536 mutes
1710 1468 1897 1534 intueantur
1918 1467 2085 1534 Christum
2107 1474 2243 1535 missum
2265 1474 2296 1535 in
2318 1493 2433 1550 carne,
2459 1497 2538 1541 cru·

539 1569 712 1646 parentum
729 1557 912 1624 deformata
926 1569 1014 1622 sunt.
1042 1555 1223 1622 Praeterea
1238 1557 1328 1641 quod
1345 1558 1389 1620 sit
1405 1575 1519 1620 essen·
1562 1551 1693 1618 cifixum
1716 1563 1749 1616 et
1770 1555 2014 1632 resusciutum,
2036 1567 2069 1619 et
2090 1567 2238 1620 statuant
2257 1556 2344 1621 bunc
2363 1579 2442 1623 vere
2457 1579 2537 1625 esse

538 1645 586 1710 tia
606 1656 744 1710 aeterna
765 1656 798 1708 et
820 1643 1039 1728 omnipotens,
1061 1643 1187 1708 creatio
1209 1643 1285 1726 ipsa
1304 1651 1455 1722 testatur,
1477 1643 1520 1706 de
1561 1637 1670 1702 Deum
1698 1638 1919 1716 conditorem,
1947 1639 2003 1721 qui
2029 1639 2119 1706 bunc
2140 1640 2258 1706 Filium
2286 1643 2371 1707 misit
2392 1655 2425 1708 et
2445 1645 2538 1710 dedit

539 1751 606 1816 qna
627 1730 747 1794 dicitur
768 1729 905 1807 [Genes.
919 1727 1023 1809 1,1.]=
1044 1725 1082 1790 ln
1102 1727 1264 1812 principio
1286 1727 1410 1790 creavit
1422 1723 1518 1790 Deus
1561 1720 1736 1786 Ecclesiae
1756 1741 1839 1789 suae
1859 1721 2087 1808 Evangelium.

540 1811 671 1881 coelum
692 1826 726 1879 et
746 1823 879 1877 terram.
1646 1805 1800 1870 Perconi
1821 1819 1988 1892 utcunque
2015 1810 2196 1891 particulas
2224 1812 2473 1895 descriptionis,
2504 1817 2539 1880 in

558 1921 563 1928 ·
626 1898 796 1964 Personae
823 1917 906 1961 vero
933 1909 1018 1975 tres,
1045 1897 1109 1960 etsi
1135 1897 1169 1958 in
1191 1896 1309 1959 eodem
1331 1895 1439 1977 capite
1459 1896 1519 1958 ob·
1563 1893 1682 1976 quibus
1705 1889 1769 1956 hoc
1786 1912 1918 1977 quoque
1935 1896 2091 1974 sciamus,
2113 1894 2176 1958 bas
2195 1898 2346 1975 virtutes,
2368 1898 2538 1982 quaslieo

540 1984 671 2050 sourius
698 1994 940 2058 monstrantur,
969 1991 1079 2044 tamen
1099 1977 1258 2064 paulatim
1280 1976 1403 2043 clamos
1424 1997 1519 2044 reve·
1562 1977 1746 2054 tribuimus,
1767 1979 1801 2041 in
1824 1997 1864 2041 eo
1886 1998 1953 2042 uon
1975 1997 2054 2044 esse
2076 1982 2272 2059 accidentia,
2292 1984 2385 2047 utin
2406 1982 2539 2050 bomine

539 2070 628 2134 latae
650 2079 737 2133 sunt.
777 2068 879 2131 Pater
900 2068 1014 2131 dicens
1101 2065 1151 2130 uit
1171 2063 1331 2141 Verbum,
1353 2065 1442 2148 quod
1465 2073 1518 2128 est
1562 2079 1622 2124 seu
1642 2058 1764 2146 augeio
1785 2063 1957 2147 sapientia,
1981 2063 2117 2142 iustitia,
2139 2067 2270 2130 bonitas
2292 2079 2370 2131 sunt
2386 2069 2538 2134 acciden-

539 2158 650 2239 imago
672 2152 797 2217 aeterni
808 2149 930 2216 Patris.
963 2149 1007 2214 lit
1051 2145 1206 2232 eSpiritu
1220 2157 1338 2212 sancto
1357 2167 1518 2233 expresse
1562 2146 1607 2210 tia
1636 2153 1669 2210 et
1699 2165 1754 2210 res
1780 2144 1975 2224 mutabiles3
2009 2151 2070 2212 sed
2098 2149 2184 2214 sicut
2232 2154 2355 2216 otentia
2380 2151 2445 2218 Dei
2470 2174 2538 2219 nou

539 2241 672 2303 dicitur:
699 2237 742 2301 Et
769 2257 786 2300 s
809 2236 904 2300 iritus
925 2232 1060 2300 Domini
1086 2231 1256 2298 serebatur
1278 2253 1378 2317 super
1399 2253 1516 2318 aquas.
1562 2229 1782 2296 discernenda
1802 2242 1854 2296 est
1874 2234 1917 2296 ab
1940 2237 2085 2298 essentia
2106 2253 2169 2297 nec
2224 2236 2279 2300 iud
2301 2249 2370 2316 est,
2399 2240 2450 2304 sic
2470 2260 2538 2304 nou

538 2324 607 2389 Sed
636 2258 932 2408 maccellariam
959 2329 994 2384 et
1020 2317 1192 2404 prophetis
1218 2317 1363 2382 exhibita
1384 2327 1438 2382 est
1458 2319 1517 2384 do·
1561 2311 1736 2380 suntaliae
1747 2333 1802 2380 res
1819 2319 1992 2401 sapientia,
2012 2322 2148 2397 veritas,
2164 2319 2297 2397 iustitia,
2316 2324 2449 2387 bonitas
2459 2321 2537 2403 Dei,

538 2410 647 2474 ctrina
670 2403 840 2471 illustrior.
884 2403 995 2468 David
1017 2415 1050 2468 et
1072 2403 1197 2468 lesaias
1219 2402 1312 2467 clare
1333 2422 1435 2486 supra
1447 2401 1517 2468 Au-
1561 2399 1623 2463 sed
1647 2409 1725 2464 suut
1751 2402 1825 2483 ipsa
1854 2406 2017 2480 essentia,
2072 2424 2136 2469 uae
2165 2417 2217 2469 ast
2244 2407 2400 2489 quiddam
2426 2410 2538 2474 vtvun

537 2491 634 2641 ssd⁰⁸
666 2503 700 2556 et
733 2509 848 2554 omnes
889 2499 1059 2553 creaturas
1092 2485 1260 2552 collocant
1291 2485 1451 2552 Messinm
1484 2499 1517 2552 et
1559 2501 1620 2570 per
1640 2487 1738 2561 se'0)
1760 2486 1965 2567 subsistens,
1992 2490 2060 2553 inte
2086 2491 2200 2575 igeus,
2226 2502 2413 2571 aeternum,
2434 2495 2538 2560 omui-

573 2595 648 2642 euru
670 2576 851 2653 nominant,
871 2583 909 2638 ut
928 2569 1055 2637 Psalm.
1076 2573 1108 2636 2.
1132 2579 1198 2653 [vs.
1220 2573 1268 2652 7.]
1294 2570 1399 2636 Filius
1419 2591 1515 2638 meus
1556 2577 1691 2656 potans,
1713 2570 1846 2648 bouum,
1867 2573 2000 2638 iustum.

539 2681 577 2725 es
597 2671 635 2725 tu
656 2671 717 2724 etc.
762 2658 804 2722 Et
824 2653 950 2722 Psalm.
968 2657 1022 2722 45.
1046 2664 1109 2736 [νε.
1130 2657 1194 2736 12]
1238 2655 1281 2721 Et
1303 2659 1518 2741 concupiscet
1644 2651 1741 2718 llauc
1760 2651 1826 2718 Dei
1848 2656 1928 2720 desc
1978 2660 2100 2724 tionem
2121 2670 2156 2723 ut
2178 2670 2307 2724 teneret
2327 2660 2481 2728 Ecclesia
2502 2665 2538 2728 iu

537 2765 598 2808 rex
626 2747 780 2810 decorem
810 2753 917 2820 tuum,
968 2743 1101 2807 uoniam
1128 2743 1139 2805 i
1163 2761 1202 2806 se
1228 2753 1281 2806 est
1306 2741 1401 2806 Deus
1427 2753 1516 2822 tuus,
1560 2755 1602 2802 co
1688 2747 1744 2804 ctu
1766 2750 1799 2803 et
1820 2742 1907 2805 obo
1966 2763 2006 2807 os
2022 2743 2210 2808 distinctam
2231 2747 2273 2808 ab
2294 2743 2444 2811 Ethnicis
2467 2750 2537 2833 opi·

539 2839 572 2895 et
593 2829 750 2894 adorabis
770 2829 889 2912 ipsum.
931 2762 1116 2891 lltlesaias
1152 2825 1326 2904 .[vs.6.]:
1348 2823 1515 2892 Paruulus
1559 2755 1726 2901 noma,
1748 2827 1989 2892 commendavit
2011 2848 2083 2893 earn
2104 2830 2201 2894 nobis
2212 2829 2367 2896 Christus
2382 2834 2416 2895 in
2430 2835 2539 2916 prima

537 2923 636 2980 natus
657 2925 710 2978 est
729 2913 838 2990 uobis,
861 2922 895 2978 et
914 2909 1017 2976 Filios
1039 2914 1136 2976 datos
1158 2921 1211 2976 est
1232 2912 1342 2992 nobis,
1364 2920 1397 2975 et
1417 2929 1516 2976 voca·
1561 2917 1595 2972 et
1614 2907 1786 2972 notissima
1808 2915 2008 2976 ceremonia:
2036 2913 2109 2999 Ego
2137 2915 2269 3000 baptizo
2296 2927 2330 2981 te
2352 2919 2385 2980 in
2406 2920 2540 2982 nomine

538 3001 627 3065 bitur
648 3017 769 3062 nomen
791 2999 861 3064 aius
880 2996 975 3063 Deus
996 2992 1106 3074 lor-tis,
1125 3007 1221 3081 pater
1242 3005 1396 3061 aetarnae
1416 2997 1515 3062 vitae.
1560 2991 1670 3058 Patris
1697 3001 1731 3056 et
1751 2989 1824 3081 Filii
1851 3007 1884 3058 et
1905 2995 1930 3060 S
1953 2999 2048 3062 iritus
2070 3001 2194 3078 sancti,
2220 3001 2253 3065 id
2275 3012 2342 3064 est:
2376 3001 2450 3086 Ego
2471 3000 2539 3068 bac

624 3083 772 3148 Tandem
795 3083 830 3146 ln
856 3101 946 3146 novo
974 3079 1185 3146 Testamenta
1215 3078 1399 3146 clarissime
1469 3092 1517 3145 te·
1559 3078 1725 3144 mersione
1746 3081 1902 3145 mandato
1948 3079 2042 3148 bristi
2063 3083 2225 3150 testificor
2245 3096 2279 3148 te
2300 3088 2368 3150 reci
2392 3088 2401 3149 i
2423 3107 2444 3150 a
2458 3085 2538 3150 Deo

537 3166 646 3235 lectae
673 3177 753 3236 suut
779 3179 850 3232 tres
876 3185 1057 3254 personae,
1084 3177 1121 3230 ut
1145 3167 1182 3229 in
1207 3167 1251 3230 ba
1274 3165 1371 3231 tismo
1462 3167 1517 3232 'ti
1561 3175 1714 3228 creatore
1736 3167 1880 3230 omnium
1900 3185 2028 3246 rarum,
2057 3167 2157 3233 Patre
2177 3179 2328 3247 aeterno,
2382 3168 2437 3233 ilio
2461 3173 2539 3236 eius

537 3253 640 3319 Pater
660 3247 780 3340 in'quitt
806 3251 870 3318 llic
899 3261 952 3316 est
977 3249 1065 3314 lilius
1093 3269 1188 3356 meus
1240 3253 1369 3316 ‘ectus
1412 3247 1516 3316 Filius
1557 3247 1635 3314 ¹lesu
1646 3245 1779 3312 Christo
1798 3249 1964 3336 etSpiritu
1979 3265 2109 3332 sancto,
2131 3273 2228 3340 quern
2241 3251 2350 3358 Deum
2364 3274 2538 3362 agnosces

538 3333 1516 3506 messer
1558 3329 1837 3484 nomm
1861 3423 2537 3507 „r

538 3507 697 3572 lationem
717 3507 912 3584 intricamur,
932 3513 968 3570 et
985 3515 1121 3570 nostras
1145 3505 1364 3590 cogitationes
1381 3507 1424 3570 de
1439 3505 1515 3570 Deo
1560 3514 1655 3588 reget
1682 3514 1716 3567 et
1743 3505 1924 3571 vivificabit
1946 3509 1988 3572 ad
2010 3509 2110 3573 vitam
2133 3522 2318 3574 aeternam.
2348 3512 2435 3574 sicut
2459 3532 2537 3596 pro-

539 3591 827 3657 etiuvocationern
835 3597 986 3656 nonnam
999 3589 1044 3654 ab
1053 3587 1207 3670 Etbnica,
1216 3587 1370 3672 Ταφίου,
1382 3590 1516 3655 ludaica
1558 3589 1735 3653 missiones
1754 3589 1884 3654 divinae
1902 3589 2101 3673 pollicentur
2117 3593 2242 3672 [loe12,
2258 3594 2341 3674 tar:
2363 3593 2537 3661 Effundam

537 3679 771 3764 seiungamus,
799 3685 833 3740 et
854 3673 946 3742 lruuc
967 3685 1136 3739 aatemum
1157 3673 1304 3754 Patrenr‚
1333 3677 1388 3760 qui
1410 3695 1448 3739 se
1469 3676 1515 3739 ibi
1560 3671 1687 3738 demea
1699 3673 1824 3758 Spiritu
1836 3695 2221 3760 superornnemearnem
2233 3691 2296 3745 etc.
2329 3679 2372 3744 Et
2385 3678 2535 3745 Christus

538 3755 979 3846 patefecitmissoFlllo-suo
994 3757 1071 3824 lesu
1083 3757 1218 3832 curtato
1236 3771 1270 3822 et
1287 3771 1424 3825 ostenso
1441 3759 1515 3844 Spi·
1559 3758 1662 3843 inquit
1672 3755 1762 3823 loau.
1776 3758 1826 3822 14.
1840 3765 1906 3839 [νε.
1920 3760 1984 3844 16.]
2060 3765 2218 3850 orogabo
2229 3776 2370 3849 patrem,
2393 3776 2426 3829 et
2436 3765 2535 3832 olium

538 3847 742 3924 ritusaucto‚
752 3845 945 3910 invocemus
957 3864 1024 3907 una
1037 3839 1381 3929 cmuFilioetSpiritu
1397 3856 1515 3908 sancto
1558 3839 1766 3906 Paracletum
1788 3844 1878 3908 dabit
1899 3848 2007 3924 vobiS,
2056 3850 2186 3932 piritum
2208 3851 2367 3915 veritatis.

539 3932 866 3996 conditoremrerum
879 3939 912 3992 et
927 3925 1166 4013 opitulatorem.
1195 3926 1288 3992 llaec
1304 3947 1406 4012 saepe
1423 3930 1515 4015 cogi·
1645 3925 1757 3998 Quare
1779 3928 1907 3994 deDeo
1930 3933 2114 4016 cogitantes
2136 3934 2209 3998 sive
2235 3935 2268 3998 in
2291 3936 2441 4001 docendo
2463 3938 2535 4000 sive

538 4015 638 4080 tanda
649 4025 726 4078 sunt
736 4015 821 4076 inter
831 4013 1061 4077 invocandum.
1093 4011 1269 4085 Quomodo
1279 4025 1388 4077 autem
1399 4033 1515 4098 perso-
1559 4011 1592 4073 in
1619 4011 1822 4092 invocando,
1849 4014 2009 4100 Baptismi
2038 4019 2221 4083 doctrinam
2249 4031 2283 4084 et
2311 4020 2535 4086 testimonium

538 4109 604 4166 n'ae
621 4097 859 4164 discernendae
877 4099 954 4176 sint,
968 4108 1088 4181 postea
1097 4097 1238 4172 dicetur3
1254 4099 1346 4181 prius
1359 4099 1444 4163 enim
1456 4097 1515 4164 ali-
1559 4096 1655 4160 nobis
1676 4117 1910 4182 proponamus,
1933 4122 1995 4166 nec
2017 4113 2142 4168 tautum
2160 4106 2201 4170 de
2223 4126 2360 4170 numero
2381 4101 2534 4190 specule-

538 4202 606 4270 quo
620 4183 721 4248 modo
737 4180 864 4266 reliqua
880 4201 959 4264 pars
975 4182 1209 4268 descriptionis
1227 4181 1430 4249 declaranda
1451 4196 1515 4250 est.
1557 4203 1641 4260 mur,
1664 4182 1725 4247 sed
1747 4184 1789 4247 de
1810 4188 1953 4265 caussis,
1978 4187 2150 4254 curFilius
2171 4191 2294 4256 missus
2317 4193 2371 4270 sit,
2393 4193 2435 4254 de
2455 4212 2534 4276 pro-

624 4267 704 4333 nun
726 4277 895 4332 creaturas
918 4268 1070 4332 conditas
1093 4285 1171 4332 esse
1189 4289 1211 4334 a
1232 4266 1350 4348 Patre,
1377 4267 1460 4334 Filio
1483 4281 1516 4335 et
1558 4268 1715 4332 missione
1737 4267 2031 4350 reconciliationis,
2060 4274 2101 4338 de
2124 4277 2365 4360 gubernatione
2385 4277 2534 4340 miranda

538 4351 663 4440 Spiritu
683 4363 814 4429 sancto,
835 4351 869 4414 id
890 4371 1023 4436 quoque
1041 4353 1169 4436 passim
1189 4355 1223 4417 in
1244 4356 1348 4418 veteri
1370 4365 1403 4419 et
1423 4373 1513 4420 novo
1559 4363 1761 4428 sanctorum,
1782 4356 1837 4438 qui
1853 4376 1874 4419 a
1887 4353 2020 4420 cbristo
2042 4355 2260 4424 defenduntur
2283 4372 2399 4425 contra
2420 4361 2535 4426 diabo-

536 4437 751 4512 'l'estamento
777 4437 931 4500 traditum
963 4447 1032 4514 est,
1062 4449 1099 4502 ut
1124 4437 1215 4502 loan.
1244 4438 1274 4504 l.
1307 4443 1371 4517 [νε.
1393 4439 1438 4521 3.]
1473 4441 1514 4505 de
1558 4432 1627 4500 lum
1648 4448 1680 4500 et
1703 4435 1826 4520 Spiritu
1847 4451 1965 4505 sancto
1989 4442 2183 4507 mirabiliter
2203 4445 2422 4511 vivificantur.
2460 4443 2535 4510 Etsi

535 4523 670 4590 Verbo:
693 4521 811 4586 Omnia
832 4543 893 4604 per
913 4522 1023 4606 ipsum
1045 4518 1135 4586 facta
1154 4535 1242 4590 suut.
1271 4523 1313 4589 Et
1335 4526 1378 4588 de
1390 4524 1515 4610 Spiritu
1558 4521 1644 4584 enim
1666 4520 1830 4603 diabolus,
1853 4527 1908 4610 qui
1922 4536 1973 4589 est
1985 4524 2162 4608 homicida,
2183 4527 2387 4596 mirabilibus
2404 4531 2535 4595 insidiis

537 4617 674 4672 sancto:
709 4607 851 4672 Siritus
879 4604 1012 4671 Domini
1043 4603 1178 4672 fovebat
1208 4629 1325 4693 aquas.
1376 4609 1515 4694 Semper
1559 4617 1729 4756 (ἄξενον
1746 4606 1907 4694 singulos,
1924 4620 1959 4676 ut
1977 4610 2115 4677 avulsos
2132 4615 2238 4680 a'Deo
2256 4627 2401 4690 evertat3
2422 4627 2535 4682 tamen

535 4693 635 4778 igitur
649 4627 767 4778 regula
783 4689 1047 4756 teneaturiniixa
1058 4693 1170 4771 menti,
1192 4695 1392 4759 creationem
1403 4715 1515 4760 rerum
1629 4693 1712 4757 'stus
1741 4705 1878 4758 econtra
1903 4709 2091 4784 propugnat
2116 4717 2197 4762 oves
2226 4721 2324 4777 suas,
2351 4698 2535 4785 quamlibet

536 4787 571 4842 et
583 4779 867 4842 conservationem
881 4795 985 4860 opera
995 4778 1184 4845 essetotius
1195 4777 1374 4860 Trinitatis,
1387 4780 1514 4845 aeterni
1557 4774 1740 4842 imbecilles
1764 4789 1795 4843 et
1815 4799 2041 4860 aerumnosas,
2064 4782 2150 4847 sicut
2166 4784 2269 4869 inquit
2285 4784 2368 4866 [lob.
2383 4785 2434 4862 10,
2445 4787 2534 4865 ‘2212

535 4860 657 4939 Patris,
682 4859 754 4925 Filii
777 4872 810 4925 et
832 4859 973 4943 Spiritus
994 4863 1111 4925 sancti.
1558 4859 1649 4928 Oves
1671 4882 1889 4929 meaevocem
1905 4886 2009 4930 meam
2020 4869 2165 4948 audiunt,
2183 4883 2216 4935 et
2230 4889 2328 4934 nerno
2347 4872 2453 4954 rapiet
2472 4891 2534 4935 eas

622 4945 796 5010 Postremo
818 4946 851 5008 in
874 4945 1095 5028 descriptione
1110 4945 1174 5012 Dei
1195 4946 1233 5012 lit
1253 4949 1373 5013 mentio
1394 4947 1513 5015 Eccle·
1558 4945 1599 5009 de
1620 4967 1719 5010 manu
1735 4967 1820 5012 mea.
1861 4947 1965 5015 Simul
1981 4971 2063 5041 ergo
2081 4954 2122 5018 de
2143 4956 2342 5020 admirandis
2361 4955 2535 5022 beneficiis

536 5031 619 5107 siae,
640 5039 677 5094 ut
693 5041 821 5093 mentes
832 5041 970 5094 nostrae
979 5031 1047 5094 sint
1064 5029 1219 5116 alligatae
1235 5034 1278 5098 ad
1293 5033 1382 5097 bunc
1392 5033 1512 5114 Deum,
1556 5028 1620 5094 Dei
1634 5042 1770 5114 propter
1787 5031 1903 5100 Filium
1920 5037 2050 5104 donatis
2068 5040 2261 5126 sopiamus,
2280 5043 2409 5126 quoties
2425 5045 2536 5108 verba

535 5117 657 5200 quise
684 5110 840 5198 patefecit
868 5115 903 5178 in
922 5113 1093 5195 Ecclesia,
1127 5127 1161 5180 et
1188 5118 1295 5182 sciant
1321 5117 1410 5186 hunc
1430 5139 1512 5186 vere
1555 5111 1714 5198 Baptismi
1726 5119 1914 5186 recitamus.

536 5218 615 5265 esse
637 5199 839 5264 conditorem
861 5219 981 5277 rerum,
1004 5202 1058 5283 qui
1081 5221 1120 5265 se
1142 5203 1220 5267 dato
1240 5200 1308 5268 hoc
1324 5224 1386 5269 suo
1406 5207 1510 5270 verbo

498 5343 503 5348 .
535 5287 637 5350 certis
659 5283 855 5348 testimoniis
882 5286 924 5348 ab
946 5286 1036 5349 initio
1058 5287 1169 5349 mundi
1191 5285 1355 5372 patefecit.
1398 5290 1511 5355 Sciant
1555 5286 1601 5353 29)
1625 5299 1654 5341 ⁸0
1673 5300 1773 5354 (tutique
1792 5291 1905 5345 iactitant
1923 5293 2053 5358 invocare]
2070 5296 2108 5346 sit
2124 5296 2197 5348 editt
2220 5298 2279 5344 1-
2294 5299 2332 5348 ¹⁷·
2358 5298 2397 5347 19·
2417 5299 2533 5349 il-‘H-

534 5372 612 5435 item
641 5372 690 5435 sic
713 5373 755 5436 de
777 5390 818 5434 eo
839 5370 1048 5434 sentiendum
1070 5390 1166 5451 esse,
1187 5373 1273 5438 sicut
1285 5377 1330 5446 ²⁸)
1360 5396 1398 5439 se
1418 5386 1510 5458 pate·
1622 5357 1931 5490 fflpsslli’fivffl3
1945 5362 2022 5493 ἓξ
2041 5364 2137 5482 {⁸4²⁰-
2158 5363 2534 5500 {zpqlggfiiimlffitioeiflffiffi

534 5557 582 5619 aa)
600 5559 678 5622 sicut]
696 5560 733 5612 stc
750 5569 841 5611 omnes
858 5558 932 5611 Editt.
950 5562 1057 5622 macuta
1074 5559 1118 5613 Bri.
1135 5561 1187 5624 tt,
1204 5573 1269 5625 qnae
1286 5561 1379 5614 babet:
1401 5563 1475 5614 sicuti
1553 5561 1600 5625 to)
1619 5506 1760 5626 schram
1782 5563 1853 5614 1-9.
1876 5565 1914 5616 ιν.
1933 5576 1993 5617 sese
