5859 6734
488 713 550 781 485
936 706 961 769 l.
982 703 1086 768 LOCl
1106 698 1380 769 mischofflcb
1404 699 1443 766 C.
1466 698 1679 767 SECUNDA
1693 698 1852 765 EORUM
1869 701 2024 769 AETAS.
2403 710 2470 779 486

571 896 642 961 Sed
657 908 765 960 tamen
786 897 820 959 in
840 892 960 957 talibus
981 891 1067 957 locis
1085 891 1169 955 haec
1186 891 1251 953 duo
1269 888 1457 953 meminisse
1476 922 1481 1039 q
1501 889 1688 988 erigantur,
1721 907 1797 952 cum
1827 889 1963 953 audiunt
1983 910 2050 955 non
2070 889 2186 993 'solum
2207 894 2468 995 promissionem,

487 979 930 1142 imittiffittti,
952 975 1080 1125 idi-t:
1101 970 2467 1143 131111111111’111111111111.,1111111111ᾚὲ

488 1171 590 1233 opera
610 1160 800 1213 sanctorum
820 1147 865 1210 ad
884 1146 1162 1219 iustitie-ationem,
1189 1143 1249 1205 sed
1276 1142 1370 1204 iustis
1399 1141 1455 1204 im-
1499 1151 1578 1224 gant
1599 1136 1704 1221 lapsis
1731 1141 1850 1204 remitti
1870 1154 2019 1224 peccata.
2061 1143 2104 1207 Et
2129 1147 2291 1209 adversus
2313 1146 2467 1227 despera·

486 1244 617 1319 patrant
637 1231 741 1298 multa
761 1232 944 1297 communia
965 1232 1065 1306 bona,
1087 1229 1163 1312 quia
1185 1246 1298 1291 sumus
1308 1226 1456 1289 membra
1499 1226 1620 1287 tionem
1642 1244 1661 1287 e
1688 1226 1779 1311 regia
1801 1224 1983 1291 consolatio
2007 1237 2070 1305 est,
2092 1230 2182 1312 quod
2192 1231 2351 1307 videmus,
2369 1250 2467 1313 quam

486 1320 582 1384 unius
603 1318 763 1399 corperis.
796 1313 945 1378 Alterum
967 1325 1029 1391 est,
1050 1314 1139 1396 quod
1161 1331 1225 1373 non
1246 1320 1455 1374 estnostrum
1498 1319 1614 1372 sancte
1679 1309 1745 1373 dito
1767 1311 1974 1375 iureiurando
1997 1314 2142 1396 requirat
2163 1312 2272 1391 Deus,
2293 1324 2330 1377 ut
2351 1314 2465 1377 creda·

486 1399 650 1487 applicare
671 1400 744 1465 aliis
765 1411 881 1465 nostra
901 1400 1030 1472 merita;
1081 1398 1136 1460 uia
1156 1395 1239 1459 haec
1261 1406 1353 1459 esset
1374 1392 1455 1457 fidu·
1497 1412 1572 1457 mus
1593 1394 1690 1458 nobis
1711 1396 1851 1477 ignosci.
1893 1396 1964 1461 Nec
1985 1394 2074 1461 valet
2095 1395 2277 1475 cavillatio,
2299 1397 2389 1480 quod
2409 1416 2466 1461 ve-

486 1490 537 1553 cia
558 1486 718 1571 quaedam
740 1486 844 1548 nostri
867 1483 993 1563 operis3
1021 1418 1082 1543 sed
1103 1480 1177 1543 Deo
1205 1479 1360 1543 debemus
1380 1499 1454 1561 per·
1497 1488 1553 1540 tus
1573 1477 1818 1543 Testamentum
1838 1478 1989 1545 habuerit
2008 1481 2074 1545 hoc
2101 1482 2310 1559 beneficium,
2337 1480 2467 1545 Novum

485 1573 623 1645 mttere,
645 1588 730 1653 quae
751 1569 896 1651 praemia
917 1567 1101 1631 connnmtia
1120 1562 1174 1629 vel
1194 1560 1373 1647 peculiaria
1395 1583 1453 1627 no·
1498 1581 1565 1625 non
1593 1561 1723 1627 habeat.
1776 1562 1922 1629 Pertinet
1949 1568 2035 1630 enim
2062 1566 2177 1630 concio
2210 1563 2397 1647 Prophetae
2422 1562 2466 1627 ad

485 1658 537 1721 bis
554 1656 690 1718 daturus
712 1655 765 1717 sit.
809 1650 923 1716 Oratio
950 1662 1060 1715 autem
1082 1646 1265 1732 applicatur
1285 1668 1346 1731 pro
1368 1645 1453 1724 aliis,
1497 1656 1599 1713 totam
1618 1645 1813 1713 Ecclesiam.
1855 1647 1928 1714 Nec
1946 1663 1999 1714 est
2012 1649 2078 1715 alia
2093 1652 2243 1715 remissio
2253 1659 2466 1733 peccatorum

508 1741 562 1805 uia
593 1740 706 1803 nititur
736 1756 803 1801 non
835 1736 992 1821 dignitate
1022 1735 1170 1817 propria,
1209 1734 1270 1797 sed
1311 1734 1454 1818 gratuita
1497 1732 1531 1795 in
1552 1733 1672 1809 veteri,
1693 1727 1760 1796 alia
1779 1733 1814 1797 in
1835 1752 1938 1811 nova,
1959 1754 2022 1799 nec
2044 1746 2097 1799 est
2118 1732 2183 1799 alia
2203 1730 2382 1818 spiritualis
2402 1730 2466 1797 Ec·

485 1761 608 1887 hur-isti
627 1822 854 1905 promissione.
903 1818 954 1881 Ex
980 1819 1032 1882 his
1057 1816 1154 1883 lacile
1181 1818 1317 1883 iudicari
1333 1820 1374 1895 ¹⁶)
1396 1838 1454 1901 po-
1499 1812 1612 1881 clesia.

486 1919 566 1985 test,
598 1907 677 1990 quid
708 1907 751 1969 sit
780 1906 822 1968 de
849 1901 1069 1985 applicatione
1099 1903 1313 1968 sentiendum.
1358 1901 1455 1974 Quod
1584 1899 1653 1963 Sed
1673 1919 1840 1965 sumamus
1855 1906 2067 1986 probationes
2084 1908 2234 1972 exNovo
2247 1906 2467 1973 Testamenta.

485 1992 578 2055 euim·
591 1992 635 2055 ad
655 1989 918 2055 iustificationem
940 1990 1069 2067 attinet,
1092 1985 1183 2053 nulla
1205 1996 1257 2049 est
1278 1984 1454 2069 applicatio
1500 1982 1652 2049 Christus
1672 1986 1777 2069 inquit
1796 1985 1914 2051 Matth.
1928 1987 1978 2053 18.
1999 1995 2064 2068 [vs.
2080 1992 2145 2071 15.]
2168 1993 2205 2058 Si
2225 1991 2415 2075 peccaverit
2434 1992 2468 2055 in

484 2078 556 2139 siue
574 2072 639 2140 fide
658 2075 802 2158 propria.
844 2072 942 2137 Fides
964 2084 1073 2137 autem
1092 2072 1317 2135 instrumentis
1343 2070 1454 2147 utitur,
1499 2079 1533 2131 te
1552 2065 1656 2133 irater
1676 2078 1764 2147 tuus,
1781 2071 1911 2155 corripe
1932 2095 2006 2137 eum
2027 2086 2092 2140 etc.
2137 2077 2173 2140 Si
2194 2078 2334 2140 audierit
2353 2086 2397 2155 te,
2418 2074 2467 2142 lu·

484 2162 587 2225 verbo
609 2170 642 2223 et
663 2159 895 2234 sacramentis,
924 2176 1010 2239 quae
1031 2166 1191 2219 testantur
1211 2152 1254 2217 ad
1275 2173 1337 2217 nos
1382 2153 1456 2217 erti-
1499 2154 1646 2217 craberis
1680 2149 1826 2219 fratrem.
1875 2154 1958 2221 Cum
1984 2156 2135 2226 Christus
2165 2161 2271 2238 dieat,
2301 2160 2468 2225 Lucrabe·

483 2262 563 2307 nere
584 2242 779 2307 beucfiaimn
798 2240 930 2317 Christi,
951 2259 1014 2304 nec
1035 2241 1156 2323 pendet
1176 2238 1240 2301 hoc
1261 2238 1345 2302 bene
1370 2239 1455 2303 cimn
1498 2238 1545 2299 ris
1584 2232 1737 2316 fratrem,
1774 2237 1865 2304 clare
1899 2245 2087 2323 pronuntiat
2124 2265 2163 2309 se
2199 2246 2242 2309 de
2277 2243 2330 2307 his
2366 2242 2468 2329 loqui,

484 2346 525 2389 ex
544 2328 706 2411 dignitate
726 2323 823 2389 alieni
853 2326 962 2407 operis
991 2322 1133 2388 hmnani.
1183 2322 1275 2387 llaec
1303 2322 1386 2386 satis
1413 2323 1455 2385 sit
1498 2321 1618 2404 quibus
1638 2319 1698 2385 illa
1719 2324 1904 2389 emendatio
1930 2328 2077 2408 prodest.
2119 2328 2162 2393 Et
2188 2329 2277 2413 quod
2298 2328 2341 2393 de
2361 2326 2467 2393 iratri-

484 2413 526 2476 de
544 2410 650 2474 Missa
671 2410 855 2473 verecunde
877 2409 1007 2472 dixisse.
1497 2405 1562 2469 bus
1583 2403 1748 2489 loquatur,
1768 2403 1834 2472 hoc
1855 2420 1918 2487 est,
1939 2410 2043 2496 lapsis
2054 2424 2132 2495 post
2141 2413 2414 2491 iustificationem
2434 2416 2467 2477 id

1497 2509 1630 2574 queque
1650 2499 1806 2568 testatur,
1829 2494 1919 2575 quod
1939 2507 2018 2559 tunc
2035 2500 2077 2580 ¹⁷)
2095 2499 2223 2563 demum
2243 2496 2314 2563 vult
2334 2499 2409 2563 eiici
2428 2497 2465 2563 il·

779 2590 840 2656 DE
862 2588 1164 2657 mmmm,
1496 2572 1564 2637 ium
1585 2572 1802 2654 exEcclesb,
1820 2598 1894 2641 cum
1911 2598 1978 2643 non
1999 2581 2174 2646 auscultat
2205 2582 2248 2646 Et
2262 2583 2466 2648 deindecum

1497 2656 1616 2721 Petrus
1636 2660 1820 2745 interrogat
1840 2659 1968 2737 [Matth.
1983 2664 2034 2742 18,
2045 2665 2086 2729 al
2099 2669 2205 2750 sqq.]=
2228 2666 2365 2739 Quoties
2388 2686 2465 2731 con·

568 2744 698 2810 Utiliter
720 2754 910 2808 recensetur
936 2744 1020 2806 inter
1047 2752 1254 2807 sacramente
1281 2753 1314 2805 et
1341 2761 1453 2807 sacra·
1497 2742 1650 2807 donabot
1681 2745 1861 2827 respondet
1892 2745 2063 2813 Christusr
2099 2749 2297 2835 Septuagies
2330 2752 2464 2834 septies.

482 2842 625 2895 mentum
652 2829 889 2913 poenitentiae,
910 2840 946 2891 ut
966 2839 1120 2910 tanquam
1147 2823 1224 2891 loco
1250 2828 1359 2909 posita
1379 2822 1452 2908 illu·
1496 2823 1586 2911 Ergo
1608 2824 1642 2891 la
1684 2829 1793 2910 ipost
1805 2830 2075 2911 justificationem
2096 2847 2236 2918 possunt
2248 2836 2375 2901 veniam
2386 2854 2464 2899 con·

482 2917 601 2979 striore
700 2915 727 2975 's
750 2913 970 2995 conspiciatur
991 2920 1023 2974 et
1044 2910 1131 2993 apud
1141 2908 1325 2975 Ecclesiam
1346 2911 1452 2996 magis
1497 2912 1603 3013 sequi.
1678 2933 1732 2976 am
1759 2934 1834 2979 cum
1862 2916 1954 2981 iubet
1978 2915 2164 2983 Ecclesiam
2184 2919 2367 2993 remittere,
2395 2916 2465 2983 vult

482 3009 562 3063 nota
582 2998 635 3061 sit.
707 2998 822 3060 rimum
843 3006 951 3061 autern
972 2997 1005 3059 in
1026 2993 1091 3059 hoc
1112 2993 1190 3061 loco
1203 2992 1366 3061 refutandi
1376 3006 1452 3060 sunt
1496 3007 1530 3060 et
1550 3014 1622 3078 rpse
1649 2998 1824 3063 remittere.
1867 3000 1962 3067 Sicut
1988 3022 2030 3066 su
2052 3024 2091 3067 ra
2116 3004 2236 3087 inquit:
2267 3003 2465 3067 Lucraberis

481 3082 656 3146 Novatiani
687 3092 720 3145 et
752 3079 903 3158 cathari,
935 3081 991 3164 qui
1030 3080 1196 3164 negabant
1227 3077 1343 3162 lapsos
1374 3090 1452 3163 post
1495 3077 1639 3143 fratrem.
1666 3080 1749 3147 item
1791 3083 1913 3151 uotidie
1934 3098 2008 3152 orat
2026 3024 2198 3153 Ecclesia:
2218 3086 2352 3153 Dimitte
2369 3086 2465 3153 nobis

480 3167 687 3247 Baptismum
708 3167 825 3228 iterum
845 3183 948 3247 posse
966 3163 1124 3246 consequi
1140 3165 1365 3228 remissionem
1375 3183 1451 3247 pec·
1495 3164 1607 3228 debita
1626 3176 1753 3230 nostra.
1857 3189 1878 3231 o
1898 3182 1976 3252 post
1996 3170 2258 3237 iustificationem
2277 3175 2465 3241 condonan-

481 3262 640 3317 catorum.
673 3248 735 3313 Est
756 3259 865 3312 autem
887 3260 919 3312 et
934 3246 1018 3312 haec
1035 3247 1184 3311 haeresis
1202 3259 1280 3311 neta
1298 3267 1339 3310 ex
1353 3248 1451 3309 insci·
1495 3258 1549 3311 tur
1574 3244 1699 3330 lapsus.
1748 3250 1803 3315 Ad
1821 3190 1896 3317 &ab
1913 3254 1945 3317 6.
1976 3260 2038 3330 [vs.
2059 3255 2101 3335 1.]
2135 3256 2171 3321 Si
2201 3271 2464 3341 praeoccupatus

480 3328 2464 3491 wffiwumfflffiwwuwumm

481 3505 552 3566 sine
569 3428 818 3584 phedaeldatllhh.
851 3434 1184 3645 itlhtllqlilemiirlg’ebah’t
1201 3517 1240 3562 se
1257 3500 1362 3561 iustos
1374 3516 1451 3562 esse
1494 3436 1860 3585 revo'earirfflslsehh
1881 3438 2466 3598 hhhlritenlihltrlllsergowstllltllmlill

481 3587 614 3669 propria
635 3583 806 3658 munditie,
840 3602 902 3646 nec
928 3579 1074 3666 intellige
1097 3594 1154 3646 ant
1181 3581 1257 3647 fidei
1284 3583 1451 3661 iustitiam,
1495 3586 1657 3667 prodesse
1681 3590 1924 3669 poenitentiam.
1975 3594 2056 3657 Luc.
2076 3595 2126 3658 le.
2150 3603 2214 3674 [vs.
2235 3599 2279 3675 7.]
2302 3600 2348 3661 ait
2369 3597 2463 3662 Chri-

482 3688 567 3755 quae
594 3667 707 3731 statuit
737 3667 835 3729 nobis
866 3665 999 3729 assidue
1032 3686 1116 3749 opus
1148 3685 1226 3730 esse
1258 3668 1452 3733 remissione
1495 3680 1585 3733 stus:
1619 3668 1782 3737 Gaudium
1813 3676 1877 3739 erit
1901 3676 2042 3762 Angelis
2071 3698 2172 3763 super
2194 3701 2260 3744 uno
2288 3695 2464 3763 peccatore

481 3764 704 3837 peccatomm.
1494 3754 1728 3837 poenitentiam
1748 3772 1869 3844 agente
1889 3773 1953 3825 etc.
1996 3763 2040 3827 Et
2059 3764 2093 3827 in
2114 3784 2156 3829 ea
2177 3767 2338 3832 concione
2358 3766 2463 3853 loqui·

567 3835 711 3899 Primum
749 3834 848 3917 igitur
886 3832 1071 3897 testimonia
1103 3834 1328 3914 recitabimus,
1367 3856 1452 3920 quae
1494 3848 1549 3903 tur
1570 3839 1612 3903 dc
1633 3842 1835 3923 poenitentia
1862 3842 1920 3908 filii
1940 3850 2075 3930 perditi,
2103 3850 2137 3913 id
2166 3861 2232 3928 est,
2265 3852 2307 3916 de
2329 3850 2462 3931 talibus,

483 3920 661 3985 ostendunt
681 3915 797 3999 lapsos
818 3928 895 4001 post
915 3917 1119 4000 Baptismmn
1147 3938 1263 3983 rursus
1292 3922 1452 4005 consequi
1495 3922 1551 4004 qui
1578 3934 1678 3989 antea
1707 3921 1838 3992 fuerant
1868 3928 1956 3995 iusti.
2000 3933 2106 4015 Apoc.
2119 3934 2151 3998 2.
2184 3936 2303 4016 [vs.b.]
2336 3936 2464 4002 lilemor

480 4024 583 4089 posse
604 4003 830 4067 remissionem
840 4014 1063 4086 peccatorum,
1086 4001 1314 4068 etEcclesiam
1331 4006 1452 4071 debere
1494 4018 1579 4086 esto,
1601 4010 1689 4073 unde
1704 4007 1820 4096 lapsus
1836 4014 1896 4091 sis,
1917 4026 1952 4080 et
1967 4019 2200 4099 poenitentiam
2218 4040 2293 4104 age,
2314 4032 2348 4085 et
2362 4018 2462 4085 facito

482 4091 531 4153 eis
553 4083 792 4151 absolutionem
812 4086 979 4169 impartiri,
1002 4106 1076 4149 cum
1090 4099 1194 4172 agunt
1208 4091 1451 4170 poenitentiam.
1494 4092 1604 4174 priora
1626 4112 1739 4176 opera.
1781 4095 1875 4162 llaec
1892 4096 1969 4165 loca
1985 4103 2068 4165 satis
2084 4114 2247 4169 testantur
2262 4102 2377 4188 lapsos
2387 4117 2462 4188 post

481 4169 640 4254 Exempla
668 4168 782 4255 colligi
802 4182 944 4253 possunt
971 4171 1141 4234 innumera
1166 4174 1287 4235 veteris
1316 4185 1349 4237 et
1374 4175 1452 4239 novi
1493 4174 1753 4244 iustificationem
1778 4182 1895 4247 iterum
1924 4187 2081 4270 consequi
2109 4208 2212 4271 posse
2237 4190 2463 4255 remissionem

482 4255 692 4321 Testamenti.
736 4267 769 4318 Ut
790 4258 832 4325 ¹⁰)
853 4254 981 4331 David,
1007 4252 1175 4319 Manasse.
1225 4254 1344 4322 Petrus
1372 4269 1452 4343 post
1493 4272 1715 4343 peccatorum.

482 4342 690 4426 negationem
711 4350 910 4403 consecutus
936 4349 989 4402 est
1014 4340 1152 4403 veniam.
1194 4337 1256 4403 Est
1281 4352 1315 4406 et
1334 4355 1452 4426 postea
1580 4342 1650 4410 Sed
1670 4346 1845 4415 Novatiani
1860 4352 2016 4419 obiiciunt
2036 4357 2120 4421 duos
2141 4355 2235 4423 iocos
2259 4380 2301 4425 ex
2322 4362 2462 4446 epistola

482 4423 596 4592 ἓξὲξ
614 4442 671 4572 ell
688 4420 922 4571 elefflensus
955 4445 976 4487 a
1007 4419 1111 4485 Paulo
1144 4421 1230 4501 [Gal.
1247 4424 1279 4503 l,
1300 4426 1338 4489 ll
1351 4436 1450 4510 sqq·]·
1494 4429 1539 4492 ad
1559 4428 1743 4496 Hebraeos.
1785 4434 1928 4501 flebas.
1951 4440 2072 4519 [vab]
2095 4440 2301 4525 Impossibile
2322 4460 2374 4511 est
2390 4468 2462 4527 eos,

483 4605 577 4658 catur
597 4593 640 4656 ad
660 4592 900 4674 poenitentiam.
932 4591 1011 4655 ltem
1022 4588 1145 4655 Paulus
1167 4592 1238 4675 ipse
1248 4590 1452 4660 Corinthium
1494 4598 1670 4661 nitentium.
1714 4601 1899 4674 Quamlibet
1919 4605 2021 4672 durus
2042 4610 2170 4676 videtur
2197 4610 2250 4677 hic
2284 4635 2388 4693 ocus,
2413 4628 2460 4681 m.

482 4679 643 4742 incestmn
664 4678 754 4739 iubet
765 4677 865 4756 recipi
881 4686 959 4758 post
975 4677 1207 4758 poenitentiam
1216 4676 1248 4741 l.
1261 4675 1407 4743 Corinth.
1418 4681 1450 4742 2.
1494 4702 1570 4747 men
1590 4684 1620 4747 si
1643 4688 1846 4751 conscientia
1866 4694 2070 4770 praemunita
2090 4705 2144 4758 est
2162 4698 2251 4760 veris
2266 4701 2459 4767 testimoniis

483 4762 653 4826 Addamus
682 4770 716 4824 et
741 4759 829 4821 dicta
854 4760 1046 4842 scripturae.
1095 4760 1217 4826 Ezeoh.
1237 4760 1449 4844 33.[vs11.]
1494 4786 1595 4848 supra
1617 4768 1738 4847 citatis,
1761 4790 1828 4834 non
1849 4775 1935 4838 sinet
1952 4779 1992 4850 ιο)
2020 4796 2057 4839 se
2078 4777 2143 4844 hoc
2165 4779 2241 4845 loco
2263 4785 2459 4867 perturbari.

484 4847 569 4912 Vivo
599 4863 680 4929 ego,
712 4840 790 4905 nolo
819 4855 956 4907 mortem
981 4847 1178 4928 peccatoris.
1222 4846 1264 4909 Et
1292 4849 1451 4912 eiusmodi
1493 4851 1562 4914 lmo
1583 4854 1692 4935 potius
1714 4866 1783 4918 tota
1803 4856 1944 4940 epistola
1965 4861 2141 4927 reiicienda
2163 4877 2264 4944 esset,
2285 4888 2383 4952 quam
2403 4888 2459 4933 ne·

484 4942 560 4995 sunt
581 4930 758 4994 conciones
783 4924 921 5004 multae,
947 4948 1032 5011 quae
1056 4927 1172 5011 lapsas
1199 4943 1276 5015 post
1297 4932 1451 4997 iustifica·
1494 4939 1603 5021 ganda
1623 4935 1726 5018 lapsis
1749 4942 1852 5005 venia.
1895 4943 1980 5009 Nam
2008 4958 2042 5009 et
2067 4950 2154 5030 apud
2174 4961 2304 5018 veteres
2333 4954 2459 5019 dubita·

485 5017 605 5079 tionem
644 5012 816 5076 hortantur
846 5011 890 5074 ad
919 5014 1159 5093 poenitentiam.
1213 5014 1304 5080 llaec
1342 5028 1451 5082 autem
1493 5032 1561 5082 tum
1582 5032 1633 5083 cst
1654 5023 1696 5087 de
1717 5036 1831 5089 autore
1852 5026 1950 5092 huius
1971 5029 2141 5114 epistolae.
2172 5033 2351 5120 Postquam
2361 5038 2459 5123 igitur

367 5118 370 5125 ·
484 5101 571 5181 apud
592 5092 800 5161 Ezechielem
819 5096 894 5159 ideo
916 5107 968 5159 est
989 5096 1138 5182 insignis,
1159 5099 1235 5182 quia
1244 5101 1389 5167 additum
1400 5113 1451 5165 est
1493 5104 1615 5167 scimus
1638 5123 1679 5168 ex
1700 5111 1925 5192 superioribus
1946 5117 2158 5196 testimoniis,
2184 5116 2287 5201 lapsis
2315 5140 2382 5184 non
2403 5140 2458 5185 ne·

483 5182 722 5249 iusiurandumr
749 5179 836 5245 Vivo
866 5198 949 5267 eg03
977 5192 1013 5244 ut
1042 5183 1261 5248 conscientiae
1281 5205 1322 5251 eo
1344 5188 1450 5272 magis

1497 5341 1541 5402 17)
1560 5342 1630 5405 tunc]
1648 5342 1691 5394 Ed.
1711 5346 1750 5392 11.
1769 5350 1795 5397 et
1813 5346 1890 5411 Opp.:
1907 5362 1975 5402 nunc

488 5440 532 5497 15)
550 5434 664 5495 iuuari]
696 5433 768 5485 arta.
789 5436 827 5482 n.
847 5433 885 5485 ra.
903 5439 954 5496 ap.
972 5445 1069 5486 errom
1087 5436 1198 5487 turture
1496 5409 1686 5528 mmm
1703 5413 1829 5467 11οΜ
1846 5417 1871 5463 ²·
1889 5416 1964 5472 ⁶-⁸·
1983 5419 2089 5469 11-14
2109 5424 2136 5472 a
2153 5421 2232 5486 Orus
2255 5423 2327 5476 Mitt
2347 5424 2370 5472 1·
2387 5426 2413 5474 ⁴.
2430 5426 2455 5477 ⁰.

488 5539 532 5600 ta)
551 5538 590 5595 Ut,
607 5530 719 5583 addent
736 5534 778 5585 td.
796 5534 819 5581 t.
839 5536 862 5583 t.
883 5536 988 5583 11-14.
1007 5539 1033 5587 et
1050 5536 1112 5600 opp.
1498 5543 1542 5605 ta)
1559 5544 1636 5606 sinet]
1653 5546 1726 5598 tatu
1746 5549 1785 5599 11.
1802 5553 1828 5601 et
1845 5550 1918 5613 opp:
1935 5553 1994 5604 sinit

2252 5653 2309 5706 ³1·

828 4518 933 4571 tarum
950 4504 1113 4583 Ecclesia,
1134 4518 1168 4571 et
1188 4528 1209 4571 a
1229 4507 1333 4574 Paulo
1355 4531 1451 4574 revo-
1494 4512 1551 4596 qui
1571 4512 1675 4577 semel
1694 4514 1865 4583 illuminati
1887 4534 1963 4585 sunt
1985 4534 2049 4587 etc.
2077 4529 2230 4591 renovari
2246 4532 2274 4573 ¹⁸
2319 4533 2363 4595 ad
2383 4552 2461 4615 poe·
2585 4558 2592 4569 ·
