5859 6734
531 692 615 760 rost
1007 737 1012 742 -
1072 693 1190 758 usu„
1206 695 1319 759 siut
1335 698 1522 760 anaim
1543 701 1820 768 nomnen,
1871 657 1876 668 ’
2458 689 2548 760 roas

613 878 758 944 Primum
780 878 947 957 doctrina,
982 899 1067 963 quae
1088 891 1249 945 monstrat
1271 900 1371 945 veros
1394 878 1501 945 cultus
1546 898 1697 957 caussas,
1718 900 1786 943 non
1808 883 1913 944 servit
1924 881 2011 959 Deo,
2032 882 2093 944 sed
2114 895 2303 965 aucupatur
2327 881 2548 948 benevolen-

529 976 563 1029 et
583 974 675 1030 taxat
694 965 941 1030 commenticios
970 975 1004 1028 et
1032 985 1186 1029 caussam
1208 966 1350 1029 ostendit
1370 962 1502 1030 liberta·
1541 964 1622 1028 tiam
1687 976 1820 1042 tentum,
1842 968 1898 1048 qui
1919 968 2137 1031 adversantur
2153 965 2356 1055 Evangelio.

528 1052 570 1115 tis
597 1051 631 1114 in
656 1045 875 1131 Adiaphoris,
906 1050 1121 1196 qroponenda
1148 1061 1209 1113 est.
1253 1049 1337 1114 Nam
1359 1053 1502 1135 quinon
1629 984 1735 1113 uldin
1758 1051 1855 1114 etiam
1877 1051 1983 1136 magis
2004 1064 2160 1133 peccant,
2189 1054 2245 1136 qui
2267 1073 2352 1118 cum
2374 1052 2547 1128 ¹hostibus

529 1136 711 1201 didicerunt
732 1153 886 1198 caussam
926 1135 1074 1199 ibertatis
1096 1145 1129 1197 et
1150 1132 1259 1199 adhuc
1281 1146 1397 1219 putant
1417 1137 1501 1199 ritus
1543 1131 1714 1217 Evangelii
1737 1132 1918 1212 colludunt,
1939 1148 2092 1219 premunt
2111 1148 2201 1200 recte
2224 1133 2416 1214 docentes,
2442 1139 2548 1222 impe-

527 1218 605 1285 illos
628 1236 705 1282 esse
727 1216 848 1295 cultus,
870 1239 943 1281 cum
962 1219 1164 1282 dubitatione
1187 1221 1410 1284 conscientiae
1432 1221 1501 1283 vio·
1544 1218 1636 1281 diunt
1657 1229 1728 1282 arte
1744 1217 1917 1302 Evangelii
1939 1240 2072 1285 cursum
2093 1237 2125 1285 et
2148 1223 2348 1307 significant
2371 1243 2417 1286 se
2442 1221 2548 1287 alium

441 1322 445 1330 ‘
527 1304 598 1369 lant
622 1303 823 1367 traditiones.
868 1303 981 1366 Omnis
1007 1315 1114 1368 autem
1142 1303 1300 1369 dubitatio
1329 1306 1501 1369 conscien-
1543 1299 1715 1366 Ecclesiae
1738 1315 1858 1367 statum
1877 1305 2065 1368 desiderare
2088 1319 2120 1370 et
2142 1320 2340 1389 expectare.
2376 1308 2427 1371 Et
2451 1306 2549 1389 htv)

529 1392 594 1453 tiae
620 1387 752 1471 impedit
781 1389 1033 1451 invocationem.
1078 1386 1189 1459 Quare
1217 1391 1304 1472 apud
1333 1410 1412 1467 eos,
1445 1389 1500 1473 qui
1543 1387 1576 1449 in
1605 1384 1657 1449 his
1686 1391 1921 1452 controversiis
1949 1391 2055 1453 videri
2086 1390 2200 1456 volunt
2234 1394 2318 1456 iusti
2358 1413 2549 1471 censores,

528 1474 710 1538 doctrinam
731 1493 798 1535 non
820 1473 991 1536 audierunt
1016 1484 1049 1536 et
1076 1485 1155 1536 sunt
1181 1473 1331 1537 homines
1359 1473 1499 1537 modesti
1542 1472 1649 1534 neutri
1670 1475 1755 1553 parti
1777 1474 1909 1554 addicti,
1931 1475 2061 1557 integri,
2086 1477 2277 1561 incorrupti.
2326 1478 2408 1542 Sed
2433 1481 2551 1543 memi-

528 1571 561 1625 et
582 1554 719 1634 dociles,
740 1578 807 1620 non
829 1558 937 1621 subito
959 1558 1114 1622 mutanda
1131 1570 1183 1622 est
1200 1561 1416 1636 consuetudo,
1440 1557 1500 1622 sed
1541 1557 1633 1617 nisse
1656 1558 1821 1620 debebant
1842 1579 1959 1623 vocem
1981 1559 2104 1626 Christi
2137 1561 2230 1639 [Luc.
2258 1563 2323 1640 tl,
2350 1563 2452 1643 234:
2485 1563 2551 1637 Qui

526 1644 618 1727 prius
650 1643 762 1706 doceri
795 1661 854 1705 eos
883 1640 994 1707 utilius
1028 1653 1095 1720 est,
1127 1644 1214 1707 sicut
1240 1640 1365 1708 Paulus
1397 1643 1501 1727 inquit
1544 1660 1612 1703 non
1634 1638 1762 1725 colligit
1783 1663 1921 1721 mecum,
1945 1645 2112 1731 dispergit.

529 1726 633 1805 [Rom.
658 1727 710 1802 14,
738 1727 799 1806 l.]:
834 1726 999 1791 lnlirmum
1027 1728 1060 1790 in
1088 1726 1152 1790 lide
1180 1729 1337 1791 assumite
1363 1748 1430 1791 non
1456 1728 1499 1790 ad
1628 1725 1663 1788 ln
1686 1724 1837 1792 civilibus
1861 1731 2099 1793 controversiis
2127 1729 2192 1795 hoc
2219 1731 2295 1795 fien‘
2329 1746 2483 1815 potest,
2517 1747 2553 1798 ut

527 1813 765 1888 dubitationes,
786 1812 820 1875 id
843 1823 912 1888 est,
938 1809 1087 1876 homines
1109 1808 1251 1887 dociles,
1281 1815 1336 1895 qui
1357 1808 1499 1895 amplexi
1541 1829 1608 1872 non
1636 1830 1747 1874 sumas
1774 1813 1831 1876 tibi
1855 1813 2009 1878 iudicium
2038 1816 2080 1879 de
2105 1813 2264 1880 alterutra
2295 1831 2431 1898 parte,
2469 1818 2553 1883 nihil

527 1908 604 1961 sunt
624 1894 858 1981 Evangelium,
886 1897 946 1960 sed
968 1908 1075 1959 tamen
1097 1894 1207 1960 adhuc
1227 1893 1350 1980 aliquid
1372 1898 1499 1959 dubita·
1542 1896 1626 1958 enim
1655 1913 1738 1978 opus
1769 1909 1822 1961 est
1848 1895 1987 1982 singulis
2013 1901 2100 1964 scire
2120 1897 2227 1964 aliena
2250 1903 2419 1987 negotia.
2474 1904 2552 1968 Non

527 1984 625 2046 tionis
646 1981 770 2043 habent
791 1980 831 2043 de
847 1980 899 2043 his
918 1978 1068 2053 cultibus,
1092 1982 1218 2045 erudite
1241 1993 1274 2046 et
1296 1981 1499 2058 confirmate,
1541 1998 1624 2062 opus
1647 1992 1718 2043 erat
1736 1981 1915 2065 Pomponio
1936 1983 2048 2049 Attico
2072 2004 2248 2069 quaerere,
2272 1989 2421 2065 utriuS,
2452 1988 2554 2054 Pom·

526 2080 562 2131 ut
584 2067 691 2129 sciant
712 2086 750 2128 se
772 2085 838 2128 non
859 2085 999 2150 peccare
1021 2067 1158 2130 abiectis
1179 2066 1231 2131 his
1253 2068 1382 2131 ritibus.
1420 2066 1499 2130 ldeo
1540 2065 1604 2148 peii
1626 2085 1668 2128 an
1690 2063 1776 2144 lulii,
1804 2088 1924 2130 caussa
1946 2068 2063 2132 iustior
2084 2081 2184 2132 esset.
2228 2069 2302 2134 Sed
2330 2073 2383 2136 de
2410 2087 2551 2139 contro-

527 2163 637 2215 autem
649 2149 892 2227 coadunentur,
915 2171 969 2228 ne,
990 2153 1018 2213 si
1038 2172 1111 2214 oum
1123 2154 1323 2216 dubitatione
1335 2153 1499 2227 abiiciunt,
1542 2151 1658 2213 versiis
1681 2151 1850 2223 doctrinae
1872 2173 2012 2217 necesse
2034 2166 2086 2217 est
2107 2152 2259 2238 singulos
2273 2159 2362 2239 pios
2376 2159 2550 2236 iudicare,

528 2237 747 2299 conscientiae
775 2231 902 2319 fugiant
924 2236 1032 2299 Deum
1061 2248 1092 2297 et
1121 2238 1327 2300 excutiantur
1347 2235 1444 2299 Fides
1468 2246 1500 2297 et
1542 2233 1695 2317 amplecti
1717 2247 1749 2297 et
1776 2236 1921 2318 profiteri
1944 2257 2040 2315 vcra,
2066 2239 2155 2302 turta
2176 2236 2257 2303 illud
2283 2239 2391 2318 [Gal.
2423 2244 2549 2324 1,9.]:

417 2323 421 2330 '
528 2321 705 2385 luvocatio.
749 2318 873 2386 Verum
901 2321 1033 2403 quando
1061 2322 1104 2383 sit
1134 2320 1211 2385 utile
1232 2322 1430 2385 mutationes
1452 2318 1500 2382 fa·
1543 2319 1579 2381 Si
1626 2320 1676 2380 uis
1698 2318 1786 2382 aliud
1811 2320 2025 2407 Evangelium
2049 2324 2158 2398 docet,
2181 2323 2373 2391 anathema
2399 2329 2461 2392 sit.
2508 2330 2548 2393 Et

529 2426 619 2483 cere,
644 2406 797 2469 iudicium
819 2417 871 2468 est
891 2406 966 2487 piae
987 2408 1124 2483 mentiS,
1153 2417 1278 2469 tantum
1300 2407 1387 2469 absit
1410 2417 1501 2488 pctu·
1543 2340 1711 2475 conlassio
1734 2405 1887 2469 mandata
1908 2419 1960 2470 est
1984 2407 2111 2483 {blettb
2129 2407 2186 2484 lb,
2209 2409 2297 2487 221:
2337 2411 2415 2484 Qui
2444 2416 2548 2479 conti·

526 2489 637 2554 lautia·
1477 2543 1479 2547 .
1543 2489 1664 2551 tebitur
1685 2509 1736 2552 me
1759 2510 1871 2554 coram
1892 2489 2089 2570 hominibuS,
2112 2493 2301 2558 confitebor
2325 2508 2367 2559 et
2383 2518 2458 2583 ego
2471 2518 2545 2562 eum

613 2574 694 2638 Post
718 2596 792 2638 uam
815 2587 922 2639 autem
944 2575 1094 2638 doctrina
1117 2576 1157 2638 de
1179 2578 1267 2640 veris
1281 2586 1314 2639 et
1325 2572 1421 2638 falsis
1433 2572 1501 2637 cul·
1544 2592 1657 2636 coram
1678 2573 1777 2637 Patre
1799 2572 1944 2639 coelesti.

527 2662 614 2726 tibus
637 2669 670 2722 ct
692 2596 732 2723 tle
753 2657 905 2725 libertate
931 2660 995 2723 iam
1020 2661 1192 2743 proposita
1215 2673 1282 2736 est,
1316 2659 1500 2723 conceden·
1628 2657 1719 2721 Haec
1747 2660 1893 2744 cogitent
1918 2662 2027 2724 bonae
2058 2673 2184 2725 mentes
2212 2674 2244 2726 et
2274 2666 2449 2731 studeant
2478 2688 2541 2732 soa

528 2746 604 2809 dum
626 2758 677 2808 est
700 2745 841 2828 exempli
863 2763 1000 2822 caussa,
1027 2755 1062 2808 ut
1088 2741 1219 2807 inutiles
1241 2747 1324 2808 ritus
1346 2745 1501 2807 abiician·
1544 2739 1755 2805 confessione
1778 2756 1811 2808 et
1831 2748 1902 2809 suis
1925 2742 2042 2809 officiis
2066 2745 2179 2810 fovere
2202 2758 2235 2810 et
2252 2752 2343 2814 tueri
2355 2750 2538 2818 Ecclesiae

527 2843 596 2908 tur,
629 2848 691 2891 nec
718 2831 898 2911 pertinacia
924 2848 1037 2891 eorum
1058 2825 1224 2892 laudanda
1246 2841 1314 2906 est,
1348 2829 1501 2911 quicum
1545 2837 1635 2887 recte
1658 2828 1826 2906 docentes,
1849 2844 1966 2893 ornent
1987 2829 2074 2894 hunc
2095 2844 2308 2913 praesentem
2331 2847 2477 2915 statum,
2501 2850 2536 2900 ut

476 2974 478 2978 ,
528 2926 712 3001 agnoscant
746 2914 929 2977 doctrinam
960 2932 1073 2976 veram
1106 2931 1198 2990 esse,
1238 2924 1347 2976 tamen
1379 2913 1501 2976 acerbe
1544 2911 1677 2973 dicitur:
1708 2911 1879 2994 Spartam,
1907 2935 2004 2996 quam
2026 2928 2143 2979 nactis
2165 2935 2220 2993 οε,
2244 2936 2341 2983 orna.
2358 2924 2409 2997 ⁸⁷)
2454 2922 2532 2986 Non

528 2999 678 3084 ilagitant
699 3018 813 3062 onmes
836 3000 926 3061 dms.
1544 2991 1711 3059 colludant
1727 3016 1800 3060 cum
1816 2995 1966 3061 hostibus
1980 3000 2141 3076 veritatis,
2162 3020 2225 3064 nec
2237 3009 2529 3086 quaerantanimo

582 3113 589 3122 ·
613 3083 704 3147 llaec
725 3083 904 3166 pertinacia
926 3079 1095 3163 multiplex
1117 3080 1310 3146 scandalum
1331 3093 1398 3159 est,
1426 3082 1502 3164 quia
1543 3076 1640 3142 aliam
1659 3078 1841 3144 Ecclesiam
1863 3093 1920 3146 aut
1941 3079 2030 3146 aliud
2052 3086 2276 3162 ministerium,
2301 3107 2380 3153 curu
2403 3094 2524 3168 sciant,

529 3169 699 3236 confirmat
721 3169 835 3232 hostes
863 3187 962 3231 verae
988 3167 1156 3232 doctrinae
1183 3178 1216 3230 et
1241 3168 1372 3230 adducit
1400 3168 1501 3229 imbe·
1566 3183 1628 3227 uae
1650 3163 1804 3230 Ecclesia
1831 3179 1922 3230 recte
1944 3168 2070 3231 doceat
2114 3169 2205 3234 Deus
2228 3169 2301 3235 vult
2322 3193 2385 3237 nos
2408 3195 2518 3237 amare

529 3253 672 3319 cilliores
694 3256 727 3317 in
749 3253 1000 3329 dubitationem,
1034 3256 1089 3337 qui
1110 3262 1257 3317 metuunt
1278 3272 1346 3314 non
1367 3252 1501 3334 probari
1543 3186 1727 3313 Ecclesiam
1755 3262 1845 3315 recte
1874 3254 2047 3317 docentem
2076 3265 2109 3316 et
2137 3256 2282 3318 studium
2312 3260 2339 3321 ei
2364 3270 2512 3322 nostrum

528 3359 621 3404 usum
650 3336 810 3403 libertatis
838 3335 923 3413 illis,
957 3338 1012 3421 qui
1044 3338 1195 3402 doctrina
1226 3333 1281 3401 vel
1307 3338 1501 3399 auctoritate
1544 3332 1724 3412 declarare,
1746 3333 1817 3400 vult
1833 3338 2044 3402 ministerium
2062 3335 2233 3423 Evangelii
2244 3340 2375 3407 honore
2384 3338 2467 3405 affici
2475 3358 2510 3406 et

528 3421 739 3500 antecellunt,
762 3435 795 3486 et
817 3424 1031 3488 contristatur
1041 3422 1201 3485 interdum
1213 3420 1353 3503 Spiritus
1365 3432 1500 3484 sanctus
1543 3419 1658 3495 iuvari,
1680 3421 1764 3484 sicut
1786 3434 1819 3484 et
1835 3420 1987 3485 Psalmus
2011 3422 2153 3503 [121,6.}
2178 3427 2355 3510 praecipite
2377 3426 2511 3511 Rogata,

528 3511 560 3573 iu
582 3506 864 3585 imbecillioribus,
886 3528 961 3572 cum
983 3503 1097 3569 dolent
1118 3526 1156 3569 se
1172 3509 1325 3571 accusari
1346 3502 1499 3569 levitatis.
1543 3524 1628 3587 quae
1656 3505 1698 3567 ad
1725 3524 1842 3587 pacem
1874 3518 1952 3570 sunt
1980 3506 2167 3572 Ierusalem.
2215 3508 2258 3573 Et
2283 3514 2419 3577 additur
2443 3533 2513 3596 pro·

527 3594 599 3659 llac
621 3594 662 3657 de
685 3615 721 3657 re
742 3594 878 3678 prodest
899 3593 1041 3655 recitare
1057 3589 1237 3668 historiam,
1259 3611 1343 3675 quae
1363 3600 1451 3654 extat
1467 3591 1500 3652 in
1543 3589 1657 3652 missio
1679 3591 1860 3654 mercedis:
1883 3590 1951 3654 En‘t
1974 3592 2173 3657 abundantia
2195 3592 2249 3657 dili
2274 3598 2410 3663 entibus
2433 3609 2475 3662 te.

531 3682 645 3764 quinto
666 3677 751 3742 libro
774 3677 918 3741 Eusebii.
1628 3672 1711 3737 Cum
1738 3676 1836 3759 igitur
1856 3673 2062 3741 manifestum
2084 3679 2127 3741 sit
2148 3677 2244 3742 defen
2267 3682 2275 3699 ⁶
2299 3679 2394 3746 idola
2415 3694 2449 3747 et
2469 3702 2518 3746 er·

612 3761 813 3828 Nobilissimi
830 3764 1000 3847 coniuges,
1022 3759 1154 3825 Attalus
1171 3757 1387 3837 etBlandina,
1410 3759 1500 3844 Lug·
1543 3778 1637 3822 rores
1659 3761 1701 3822 ab
1723 3757 1874 3823 hostibus
1886 3759 2108 3826 Ecclesiarum
2120 3776 2307 3829 nostrarum
2326 3780 2360 3830 et
2376 3786 2517 3831 necesse

529 3850 606 3913 duni
628 3850 662 3912 in
684 3867 819 3913 carcere
846 3859 940 3911 erant
964 3857 1100 3931 propter
1122 3844 1297 3932 Evangelii
1319 3842 1501 3929 professio·
1543 3843 1585 3907 sit
1607 3841 1722 3928 fugere
1744 3841 1834 3908 idola
1856 3856 1887 3909 et
1909 3858 2038 3910 constet
2058 3847 2091 3910 in
2103 3845 2262 3912 Ecclesiis
2278 3853 2412 3915 nostris
2429 3865 2518 3918 recte

527 3952 604 3998 nem
627 3932 870 4018 comprehensi,
899 3952 939 3995 ac
961 3950 1062 4012 saepe
1083 3932 1350 4014 producebantur
1370 3932 1404 3993 in
1425 3927 1502 3992 loca
1544 3930 1656 3992 doceri
1678 3939 1710 3991 et
1731 3941 1877 3993 remotos
1899 3949 1977 3993 esse
1998 3929 2160 3996 idolorum
2182 3930 2310 4012 cultus,
2337 3938 2449 4020 pietas
2470 3949 2517 4001 est

531 4011 776 4101 suppliciorum,
797 4030 833 4081 ut
854 4016 1066 4080 flecterentur
1087 4015 1130 4078 ad
1152 4015 1369 4078 abiiciendam
1380 4011 1501 4078 Christi
1542 4011 1605 4076 has
1626 4011 1794 4077 Ecclesias
1816 4011 1931 4079 fovere
1952 4015 2057 4080 ethis
2081 4036 2118 4080 se
2140 4018 2331 4103 adiungere.
2364 4020 2516 4087 Vitemus

531 4103 783 4168 invocationem.
814 4100 895 4176 Erat
916 4112 1024 4163 autem
1046 4119 1113 4163 una
1133 4096 1216 4178 alius
1239 4099 1398 4183 quispiam
1410 4096 1502 4161 Chri·
1543 4096 1702 4161 scandala
1731 4100 1835 4163 omnis
1864 4104 2012 4185 generiS,
2045 4123 2111 4165 non
2138 4113 2313 4186 praetentu
2342 4104 2517 4192 Evangeh'i

530 4188 657 4253 stiauus
685 4188 720 4250 in
750 4205 901 4262 carcere,
936 4188 990 4269 qui
1023 4181 1245 4270 singularibus
1272 4184 1434 4248 exercitiis
1462 4201 1501 4245 se
1543 4183 1706 4245 serviatur
1726 4184 1862 4267 privatis
1891 4185 2078 4264 affectibus,
2113 4207 2177 4250 non
2205 4201 2400 4271 premantur
2429 4203 2516 4258 recte

435 4305 438 4310 ·
529 4272 734 4348 macerabat,
766 4292 832 4335 non
865 4272 960 4347 vino,
992 4288 1059 4334 non
1092 4290 1192 4334 carne
1222 4270 1385 4334 utebatur.
1439 4266 1501 4331 llic
1545 4268 1719 4346 docentes,
1752 4289 1818 4331 non
1845 4270 2062 4352 impediantur
2089 4273 2198 4335 studia
2229 4275 2303 4354 piae
2333 4278 2515 4352 doctrinae,

529 4356 641 4422 Attalo
665 4357 775 4420 divina
795 4353 997 4420 revelatione
1018 4357 1205 4419 mandatum
1227 4365 1295 4430 est,
1321 4364 1357 4417 ut
1380 4354 1502 4416 diceret
1544 4353 1605 4415 sed
1628 4354 1719 4417 utin
1741 4350 1880 4417 alveolis
1902 4374 1983 4437 apes
2010 4354 2159 4438 singulae
2184 4355 2360 4422 conferunt
2382 4358 2514 4426 labores

531 4441 576 4505 illi
599 4443 733 4518 duriori,
755 4453 790 4504 ut
814 4442 1039 4503 communibus
1062 4440 1145 4504 cibis
1167 4450 1330 4517 uteretur,
1350 4457 1413 4501 nec
1434 4439 1502 4500 sin·
1544 4456 1624 4500 suos
1646 4437 1688 4500 ad
1710 4458 1913 4503 communem
1935 4436 2121 4517 utilitatem,
2150 4443 2195 4505 ita
2218 4462 2280 4505 nos
2302 4442 2514 4511 conferamus

438 4542 448 4556 ⁶
532 4525 648 4614 gulare
668 4524 851 4611 exemplum
869 4526 987 4588 ceteris
1004 4534 1220 4608 proponeret;
1242 4534 1275 4588 et
1291 4525 1374 4587 ratio
1391 4523 1502 4587 addita
1544 4518 1665 4607 singuli
1687 4525 1794 4587 omnia
1817 4525 1926 4587 studia
1948 4533 1980 4586 et
2002 4519 2114 4589 officia
2136 4539 2251 4589 nostra
2272 4527 2314 4590 ad
2328 4526 2515 4594 salutemet

532 4621 600 4688 est,
640 4612 727 4694 quod
759 4611 909 4676 rudiores
942 4610 1165 4673 existimarent
1196 4608 1281 4673 baec
1314 4608 1503 4672 discrimina
1543 4604 1810 4692 tranquillitatem
1831 4606 2056 4673 Ecclesiamm
2078 4621 2167 4674 recte
2189 4612 2393 4690 docentium,
2416 4628 2451 4678 et
2472 4617 2515 4679 iu·

533 4698 680 4761 ciborum
713 4715 790 4760 esse
826 4697 1097 4780 praestantiorem
1132 4692 1253 4759 cultum
1285 4691 1366 4769 Dei,
1406 4711 1503 4777 quem
1544 4710 1657 4755 vemus
1679 4694 1733 4779 pia
1755 4695 1874 4771 studia,
1898 4704 1934 4756 ut
1953 4693 1998 4757 ad
2018 4705 2171 4777 posteros
2194 4696 2347 4760 doctrina
2367 4718 2455 4780 pura
2476 4700 2516 4763 de

446 4835 448 4844 .
533 4800 678 4844 errorem
700 4782 806 4844 taxari
826 4780 947 4864 prosit,
968 4800 1035 4844 non
1057 4777 1254 4842 confirmari.
1297 4774 1429 4840 Attalus
1451 4796 1502 4840 re·
1543 4777 1617 4842 Deo
1641 4789 1674 4842 et
1696 4779 1738 4842 de
1758 4777 1900 4842 Domino
1922 4789 2038 4844 nostro
2054 4778 2130 4844 lesu
2145 4778 2278 4846 Christo
2298 4794 2514 4868 propagetur.

531 4862 727 4930 velationem
749 4862 796 4928 illi
817 4866 938 4931 duriori
960 4877 993 4928 et
1014 4865 1133 4929 ceteris
1154 4865 1188 4926 in
1209 4882 1346 4928 carcere
1357 4863 1503 4945 exponit,
1628 4861 1663 4924 ln
1704 4863 1851 4926 secundo
1882 4874 2062 4947 praecepto
2097 4865 2227 4931 dicitur:
2270 4866 2347 4931 Non
2380 4865 2517 4933 habebit

532 4970 633 5035 quare
656 4961 689 5013 et
710 4946 766 5014 ille
788 4951 1001 5035 obtemperat,
1024 4959 1057 5012 et
1078 4948 1179 5014 ceteri
1200 4947 1264 5013 hac
1285 4965 1371 5011 voce
1391 4947 1502 5010 admo·
1543 4944 1636 5011 Deus
1663 4949 1841 5024 insontem,
1873 4950 2059 5032 quicunque
2087 4968 2205 5013 nomen
2228 4949 2292 5014 Dei
2312 4971 2400 5015 vanc
2421 4972 2516 5017 usur-

532 5036 589 5099 niti
611 5035 801 5100 erudiuntur
824 5045 855 5097 et
877 5033 1120 5100 confirmantur.
1154 5032 1245 5096 llaec
1267 5031 1406 5096 historia
1426 5051 1502 5115 gra·
1543 5032 1680 5115 paverit
1723 5031 1799 5095 Non
1824 5033 1957 5097 dubium
1983 5045 2034 5097 est
2056 5035 2155 5119 igitur
2174 5053 2302 5116 poenas
2322 5033 2399 5100 Deo
2421 5037 2516 5102 datu·

532 5140 607 5184 vem
629 5139 783 5183 caussam
805 5122 930 5194 recitat,
953 5140 1012 5184 cur
1026 5117 1142 5182 horum
1163 5118 1355 5199 pertinacia,
1402 5118 1434 5179 ui
1455 5115 1503 5178 in·
1544 5136 1602 5180 ros
1625 5135 1702 5180 esse
1723 5136 1848 5195 omnes,
1894 5118 1928 5180 ui
1947 5115 2118 5202 Evangelii
2140 5118 2322 5183 doctrinam
2343 5120 2518 5186 scandalis

533 5201 685 5291 telligunt
707 5205 893 5268 discrimina
914 5202 1074 5280 cultuum,
1097 5224 1165 5268 non
1186 5204 1229 5266 sit
1250 5135 1437 5285 probanda,
1459 5219 1502 5263 ne
1545 5201 1754 5265 dedecorant.
1803 5201 1855 5265 Ac
1910 5204 1938 5265 is
1967 5200 2088 5266 ultimis
2120 5205 2323 5287 temporibus
2355 5206 2392 5269 in
2422 5218 2518 5271 tanta

532 5285 658 5354 seilicet
679 5307 772 5352 error
793 5290 826 5352 in
844 5288 967 5371 ignaris
990 5299 1022 5350 et
1037 5288 1257 5352 dubitationes
1268 5290 1301 5351 in
1312 5281 1512 5349 imbecillio'
1544 5282 1738 5354 confusione
1777 5287 1962 5371 opinionum
1995 5296 2027 5349 et
2059 5288 2330 5371 gubernationum
2363 5286 2518 5375 prolecto

533 5375 623 5437 ribus
647 5373 889 5438 confirmenteu-
1426 5395 1433 5405 ’
2443 5398 2446 5404 ·

618 5458 689 5522 Etsi
715 5469 823 5522 autem
851 5454 908 5520 illa
929 5456 1064 5519 durities
1085 5457 1243 5519 interdum
1268 5467 1318 5518 est
1340 5454 1501 5539 quaedam
1543 5473 1590 5538 se)
1607 5474 1634 5525 ht
1651 5475 1730 5527 abeat
1746 5487 1766 5526 o
1783 5475 1855 5537 corp.
1875 5476 1900 5522 t.
1916 5476 1941 5528 4.

535 5544 705 5630 gravitatis
728 5540 903 5620 simulatio,
926 5553 1035 5605 tamen
1057 5559 1157 5623 saepe
1178 5537 1260 5607 alias
1282 5538 1381 5605 habet
1402 5557 1501 5603 veras
1543 5558 1590 5622 37)
1608 5560 1642 5611 be
1660 5559 1708 5611 hoc
1723 5560 1855 5623 proverbio
1873 5558 1930 5612 vide
1948 5559 2044 5612 husun
2061 5559 2140 5621 tdar.
2157 5561 2213 5613 chit.
2229 5561 2257 5614 n
2274 5566 2341 5615 cent
2360 5564 2518 5629 v.prov.1.
