5859 6734
777 650 782 655 ’
922 694 1067 761 rrocr
1083 688 1358 760 rrrrmooror·
1379 687 1417 756 o.
1435 683 1647 756 sacuam
1662 684 1820 753 aonnrr
1837 683 1993 753 auras

636 881 946 962 'lto.:t[vs.te1
974 876 1114 944 'Omnes
1148 887 1373 963 peccaverunt
1407 886 1441 940 et
1484 875 1655 941 emendam
1674 876 1709 939 in
1741 882 1899 959 perpetua
1926 870 2129 937 dubitatione
2161 864 2303 935 iutra-m

621 981 737 1040 omont
755 967 863 1057 gloria
878 967 942 1031 dei.
970 963 1192 1028 iustificantur
1207 973 1317 1027 autam
1335 961 1439 1045 gratis
1483 980 1572 1026 esse·
1588 962 1619 1025 si
1641 961 1689 1025 ita
1710 958 1921 1034 iudicandum
1941 957 1997 1022 sit.
2040 953 2084 1020 Et
2107 972 2303 1040 quemqnam

609 1058 725 1142 ipsius
748 1055 855 1139 gratia
875 1071 937 1136 per
961 1060 1023 1114 etc.
1058 1047 1152 1113 Haec
1175 1048 1341 1111 sententia
1365 1064 1440 1109 cum
1483 1047 1589 1111 ociosi
1611 1044 1806 1131 hypocritae
1826 1062 1895 1107 non
1916 1043 2029 1107 vident
2051 1060 2091 1105 se
2113 1059 2134 1103 a
2154 1037 2232 1125 iege
2248 1058 2303 1103 ao·

621 1142 724 1226 iuquit
742 1136 978 1213 iustificantur,
995 1131 1093 1197 simul
1112 1144 1145 1197 et
1162 1133 1390 1197 remissionem
1407 1141 1440 1193 et
1484 1130 1613 1209 cusari,
1635 1141 1746 1193 tamen
1769 1129 1802 1192 in
1826 1128 1916 1193 veris
1940 1126 2123 1190 terroribus
2151 1144 2221 1188 non
2245 1144 2304 1208 po·

620 1224 892 1294 testificationem.
907 1217 1163 1301 comprehendit.
1211 1214 1360 1301 Requirit
1382 1234 1440 1278 au·
1482 1226 1593 1318 terpnt
1614 1224 1759 1279 statuere
1782 1213 1873 1299 quod
1893 1211 1976 1276 satis
1995 1230 2131 1295 operum
2147 1209 2303 1273 micant.

620 1308 803 1379 teintidem
819 1309 882 1370 ie.
900 1304 1135 1386 fiduciamque
1152 1298 1307 1366 Christus
1324 1316 1440 1383 appre-
1482 1299 1528 1364 Ut
1539 1299 1639 1384 igitur
1649 1299 1854 1362 conscientia
1864 1296 1987 1361 lrabeat
1999 1305 2122 1359 certam
2133 1306 2168 1361 et
2178 1291 2305 1359 imm

622 1395 775 1461 itenditur
790 1391 1003 1475 propiciator.
1047 1386 1215 1470 improbat
1230 1385 1331 1470 igitur
1348 1382 1440 1447 dubi·
1485 1381 1746 1448 consolidonem
1767 1400 1910 1447 necesse
1930 1391 1984 1445 est
2004 1379 2093 1443 irano
2109 1376 2306 1443 sententiam

622 1483 789 1546 tationem.
817 1475 919 1539 Addit
931 1485 964 1537 et
974 1470 1188 1547 exclusivum,
1200 1468 1324 1547 Gratis,
1334 1469 1440 1550 ipsius
1484 1481 1598 1534 tenere
1610 1467 1651 1531 de
1664 1468 1807 1552 gratuita
1817 1462 2098 1543 reconciliatione,
2113 1462 2305 1567 prodente

623 1565 733 1651 gratia
748 1563 771 1625 i.
790 1580 820 1624 e.
838 1555 1128 1634 misericordiaUt
1144 1551 1366 1638 intelligamus
1376 1569 1440 1616 nos
1484 1564 1625 1639 peccata
1640 1552 1864 1629 remittentur,
1881 1550 1971 1636 quod
1989 1560 2081 1614 certo
2099 1566 2203 1613 srmus
2227 1546 2306 1611 iusti

623 1646 759 1734 placere
782 1664 850 1708 non
873 1653 1009 1727 propter
1030 1641 1222 1726 dignitatem
1249 1648 1443 1702 nostrorum
1486 1650 1520 1703 et
1536 1636 1596 1702 iiiii
1613 1637 1682 1716 dei,
1699 1656 1766 1700 non
1786 1646 1925 1721 propter
1944 1634 2136 1720 dignitatem
2157 1642 2306 1697 nostram

623 1753 645 1797 o
779 1729 840 1793 sed
880 1738 993 1812 ropter
1010 1723 1194 1804 Christum,
1212 1735 1245 1787 et
1261 1733 1298 1786 ut
1314 1722 1382 1786 hoc
1399 1721 1443 1784 sit
1487 1725 1548 1788 sed
1570 1734 1697 1787 tantum
1718 1731 1856 1806 propter
1878 1717 2062 1796 Christum,
2086 1738 2162 1783 oum
2181 1716 2248 1782 heo
2269 1713 2306 1779 ii·

575 1838 578 1847 ·
624 1749 1110 1898 effluentissimum
1119 1807 1335 1886 irnmnndicie,
1398 1806 1443 1869 od
1488 1809 1584 1873 ducia
1610 1805 1870 1895 misericordiam
1897 1802 2183 1890 apprehendimus.
2237 1799 2307 1865 Me-

625 1919 741 1965 omnes
763 1899 867 1962 sirius
890 1899 954 1974 rei,
978 1906 1012 1961 et
1028 1912 1202 1961 careamus
1221 1889 1330 1978 gloria
1352 1827 1404 1955 3ξὶ
1421 1891 1442 1953 i.
1486 1893 1673 1957 minerimus
1714 1891 1815 1975 igitur
1830 1896 1838 1909 “·
1851 1888 1917 1954 iroc
1951 1899 2179 1993 argumentum
2213 1883 2307 1951 Pauli

626 2004 655 2051 e
675 2004 717 2049 ea
739 1981 847 2070 gioria
862 1980 929 2047 iroc
951 1992 1003 2045 est
1020 1980 1144 2045 iustitia
1158 1998 1257 2064 quam
1277 1976 1360 2040 deus
1386 1994 1444 2058 ap-
1488 1996 1647 2041 summam
1671 1985 1703 2039 et
1726 1972 2016 2079 caputEvangelri
2033 1992 2129 2052 esse,
2158 1973 2237 2037 ideo
2265 1991 2307 2035 ex

624 2071 754 2154 probat.
788 2124 798 2141 ,
1115 2104 1118 2113 ·
1488 2061 1554 2127 fide
1574 2061 1682 2147 gratis
1699 2071 1737 2125 nt
1754 2070 1798 2123 srt
1814 2058 1908 2124 iirrna
1949 2059 2103 2123 remissio
2125 2070 2187 2122 eto.
2293 2110 2296 2115 .

666 2152 797 2218 Deinde
812 2153 847 2216 in
872 2151 922 2216 sto
941 2169 973 2216 o.
997 2145 1125 2234 colligit
1147 2143 1274 2211 Paulus
1296 2145 1369 2229 ipse
1391 2162 1444 2208 ar·
1806 2142 1879 2209 Lex
1992 2145 2093 2208 travit
2107 2154 2145 2206 ut
2161 2143 2307 2207 abunda·
2330 2146 2335 2155 '

626 2250 781 2324 gementu
814 2255 897 2301 suae
924 2235 1123 2311 sententiae,
1153 2251 1195 2296 ex
1227 2231 1348 2317 quibus
1380 2246 1443 2293 nos
1488 2242 1539 2296 ret
1555 2239 1727 2313 peccatum
1749 2227 1830 2293 item
1849 2226 1928 2315 lege
1950 2226 1989 2292 iit
2003 2238 2179 2312 peecatum
2199 2224 2307 2291 excel·

625 2315 1445 2471 effittitiifflttiiffitiint
1487 2314 1607 2466 itii
1653 2313 1990 2464 trititiam&
2013 2309 2308 2462 ‘iffi-iiiii

421 2482 424 2490 ’
514 2536 519 2543 -
624 2491 789 2574 scriptura
804 2488 973 2553 Abraham
994 2486 1207 2570 pronunciari
1228 2485 1352 2549 iustum
1368 2484 1446 2567 qnia
1489 2487 1598 2551 monia
1620 2493 1706 2569 quae
1726 2504 1769 2548 ex
1785 2482 1893 2550 Paulo
1910 2484 2048 2548 citamus
2072 2478 2222 2547 nonnulli
2244 2478 2308 2546 irae

626 2575 781 2652 eredidit,
810 2573 877 2638 iroc
900 2584 970 2649 est,
998 2572 1077 2656 quia
1097 2571 1212 2635 statuit
1235 2589 1275 2634 se
1295 2566 1443 2632 haberei
1489 2569 1700 2635 cavillatione
1718 2567 1874 2647 eludunt,
1895 2568 2154 2653 interpretantur
2169 2563 2308 2631 Paulum

548 2709 555 2735 ‚
590 2710 596 2724 .
630 2661 728 2734 derum
743 2659 944 2743 propicium,
966 2675 1034 2720 non
1050 2666 1187 2739 propter
1207 2655 1373 2739 propriam
1398 2651 1445 2717 di·
1489 2656 1684 2720 ceremoniis
1696 2653 1871 2719 detrahere
1880 2652 2144 2738 iustificationen
2154 2672 2221 2717 non
2239 2671 2307 2716 rno-

628 2747 786 2832 gnitatem
810 2742 871 2807 sed
992 2758 1030 2805 er
1046 2741 1150 2824 ipsirrs
1174 2740 1372 2823 promissam
1387 2739 1446 2803 mi·
1489 2738 1615 2805 raiibus
1631 2740 1823 2818 virtutibus,
1844 2750 1944 2843 atque
1959 2741 2006 2803 ita
2023 2739 2190 2803 somniant
2205 2736 2308 2800 honri·

627 2829 851 2895 sericordiam.
925 2837 938 2889 t
1031 2845 1051 2888 c
1079 2825 1382 2909 interpretationem
1404 2823 1446 2887 de
1489 2845 1550 2890 nes
1568 2827 1673 2889 iustos
1690 2825 1901 2909 pronmrcian
1922 2833 2059 2909 propter
2077 2823 2176 2889 iidem
2194 2822 2224 2887 si
2241 2818 2308 2907 legi

628 2912 799 2979 exclusiva
816 2914 888 2996 ipse
908 2908 1033 2976 Paulus
1052 2909 1146 2974 eiiert
1163 2919 1196 2973 et
1212 2908 1446 2973 additcnmait
1488 2908 1607 2975 morali
1637 2914 1644 2967 t
1670 2907 1903 2976 satisfecerint.
1963 2906 2169 2995 Quamquam
2199 2916 2309 2972 antem
2343 2923 2384 2981 st,
2403 2933 2425 2972 ι.

628 2999 703 3062 Non
721 2997 868 3081 operanti
884 2996 946 3059 sed
963 2995 1108 3060 credenti
1134 3003 1198 3059 eto.
1242 2992 1292 3058 ita
1309 2991 1408 3058 iidem
1424 2994 1445 3055 i.
1490 2994 1568 3060 aiibi
1597 2991 1720 3059 clarius
1755 2995 1939 3060 ostenditur·
1963 2991 2103 3059 Paulum
2134 2995 2310 3057 universae

628 3103 657 3146 e
676 3082 830 3147 iidnoiam
847 3080 1091 3144 misericordiae
1101 3075 1227 3142 Paulus
1245 3079 1381 3163 opponit
1400 3078 1446 3141 di·
1489 3077 1557 3165 legi
1583 3078 1757 3143 detrahere
1780 3078 2061 3158 iustificationem,
2082 3089 2191 3143 tarncn
2209 3074 2309 3141 facile

629 3167 744 3253 gnitati
761 3186 907 3250 operum.
936 3163 1047 3237 Quare
1064 3174 1160 3228 etrarn
1179 3182 1254 3227 cum
1271 3181 1338 3226 non
1355 3161 1446 3226 addit
1489 3175 1601 3248 potest
1624 3164 1812 3310 inspiratio
1835 3164 2103 3227 adversar-iorum
2130 3157 2238 3226 refelli
2245 3204 2256 3238 ,
2279 3159 2309 3222 si

628 3248 820 3336 particulam
839 3247 1052 3325 exclusivum,
1070 3260 1178 3311 tamen
1196 3247 1281 3310 ratio
1298 3265 1446 3331 pagnan-
1513 3249 1565 3312 uis
1589 3248 1684 3312 consi
1707 3267 1727 3310 e
1799 3249 1960 3311 neminem
1981 3243 2049 3330 legi
2071 3244 2189 3310 morali
2212 3245 2309 3309 satis-

629 3337 708 3400 tium
724 3332 889 3418 postulat,
908 3352 982 3397 curn
998 3331 1096 3396 iidem
1113 3331 1258 3395 nominet
1274 3341 1311 3394 ut
1327 3326 1447 3394 inteili-
1490 3268 1613 3398 iacere.
1657 3327 1782 3396 Paulus
1805 3332 1891 3395 eninr
1907 3350 1974 3394 non
1990 3331 2066 3396 ideo
2085 3318 2227 3397 detrahit
2241 3327 2310 3415 legi

628 3438 744 3506 gamus
763 3416 894 3483 excludi
911 3418 941 3480 d'
991 3417 1104 3480 ‘tatem
1118 3424 1332 3492 nostramet
1348 3413 1447 3478 tribui
1491 3415 1754 3480 iustificationem
1778 3418 1854 3503 quia
1876 3416 1950 3501 ipsa
1970 3412 2026 3480 lex
2046 3412 2135 3480 mala
2162 3417 2221 3494 sit,
2248 3414 2310 3480 sod

628 3515 753 3567 tantum
769 3437 1015 3565 mammilla
1030 3498 1304 3599 iusdlicationem.
1347 3494 1448 3560 Valet
1491 3501 1569 3606 ¹quia
1595 3497 1663 3585 legi
1688 3518 1787 3563 nemo
1814 3498 1987 3606 satisfacit.
2012 3500 2168 3605 Secundo
2184 3496 2309 3566 Paulus

628 3579 1448 3751 ammissit
1490 3581 1848 3668 ”itti
1856 3582 2310 3757 marim

629 3752 827 3818 iustificatos
844 3761 982 3836 propter
997 3751 1163 3835 propriam
1180 3752 1381 3837 dignitatem.
1491 3764 1615 3841 partes.
1657 3752 1697 3819 3⁰
1722 3752 1850 3820 Paulus
1878 3756 2094 3821 concionatur
2121 3756 2165 3821 de
2189 3754 2311 3821 fiducia

671 3835 829 3902 Ultimum
846 3857 886 3900 ar
964 3845 1074 3899 enturn
1097 3836 1132 3898 in
1147 3832 1207 3899 iilo
1230 3855 1260 3899 o.
1283 3846 1447 3920 sumptum
1490 3839 1757 3919 misericordiae,
1781 3838 1904 3905 fiducia
1931 3849 2038 3904 autem
2066 3839 2311 3906 misericordiae

630 3935 684 3989 est
711 3941 753 3987 err
782 3923 863 4006 ipsis
906 3921 1040 3985 ontibus
1067 3939 1090 3982 n
1155 3918 1202 3984 tii.
1229 3917 1384 3985 videlicet
1406 3938 1448 3985 ex
1492 3925 1669 4009 opponitur
1688 3934 1722 3988 et
1739 3925 1935 3990 ceremoniis
1956 3936 1990 3990 et
2003 3922 2186 4007 moralibus
2203 3925 2310 4010 operi·

631 4005 983 4090 cmmpmmissionis,
1000 4016 1035 4069 et
1050 4022 1112 4068 exc
1126 4004 1256 4069 usivarn
1270 4007 1449 4090 praecipue
1493 4011 1565 4074 bus
1606 4008 1682 4074 Non
1706 3994 1794 4074 enlm
1875 4020 1929 4075 est
1955 4009 2020 4075 dici
2047 4008 2169 4075 iidueia
2196 4021 2311 4074 nostra

632 4090 803 4157 ooniirmat
827 4090 894 4155 iroo
916 4090 1027 4155 modo.
1070 4088 1107 4154 Si
1134 4090 1312 4174 promissio
1333 4088 1448 4154 iustifi-
1492 4094 1660 4181 dignitate.
1703 4094 1754 4158 4⁸⁰
1775 4021 1892 4159 Pullo
1917 4105 1970 4158 est
1992 4092 2086 4180 ioqui
2104 4091 2246 4160 Pauimn
2269 4096 2311 4161 de

632 4176 773 4325 titt
790 4176 950 4325 ''iii“
973 4173 1265 4324 ‘iutilifflii
1339 4173 1449 4325 iii
1491 4177 2030 4329 mortemer
2064 4180 2309 4330 “iiiiii‘'

632 4280 665 4323 rn
923 4280 944 4323 o
1149 4280 1168 4324 c
1651 4283 1694 4328 au
1914 4282 1956 4328 co
2030 4283 2073 4331 err
2173 4283 2215 4329 ex
2241 4284 2310 4329 nr·

633 4345 844 4409 conscientiis
867 4279 992 4409 nostffi
1015 4361 1094 4407 esse
1111 4280 1251 4423 certuln,
1273 4343 1376 4430 igitur
1391 4363 1448 4409 ne·
1492 4345 1584 4412 ralis.
1648 4347 1726 4412 ideo
1749 4365 1793 4413 ue
1830 4345 1956 4413 Paulus
1990 4349 2089 4414 sunrit
2126 4346 2311 4434 exemplum

631 4449 732 4494 cesse
752 4440 806 4495 est
829 4434 934 4515 gratis
955 4428 1098 4513 promitti
1119 4426 1384 4494 iustificationom
1407 4450 1448 4493 ao
1493 4433 1536 4496 de
1552 4428 1629 4514 iege
1645 4451 1718 4495 mor
1753 4432 1761 4451 ⁶
1815 4431 1865 4496 διο
1883 4432 2122 4521 Argumentum
2139 4430 2308 4499 PauliRo.

633 4512 701 4579 fide
718 4514 825 4597 accipi
846 4533 913 4577 non
928 4524 1229 4598 propternostram
1245 4514 1448 4600 dignitatem.
1493 4517 1525 4580 4.
1554 4517 1643 4600 quod
1671 4534 1775 4599 supra
1802 4518 2011 4587 recitavimus
2036 4518 2205 4584 contendit
2232 4536 2310 4583 oon·

633 4597 794 4664 Maiorem
814 4599 933 4682 probat
952 4595 1088 4663 Paulus.
1105 4599 1185 4684 quia
1204 4595 1259 4663 lex
1276 4599 1358 4663 irarn
1379 4595 1449 4663 effi·
1493 4601 1651 4666 scientias
1668 4612 1821 4686 oportere
1838 4615 1947 4670 cenas
1964 4622 2042 4671 esse
2059 4603 2100 4666 de
2116 4603 2310 4667 remissione

633 4684 688 4748 cit.
732 4682 860 4760 idest,
886 4702 959 4747 curn
980 4703 1076 4748 nemo
1098 4681 1165 4770 legi
1189 4680 1374 4748 sadsmciat
1394 4681 1450 4746 lex
1492 4695 1705 4770 peccatorum
1728 4698 1793 4754 eto.
1836 4688 1913 4751 Non
1939 4698 2051 4772 potest
2074 4696 2183 4751 auten
2205 4689 2309 4752 teneri

634 4778 772 4833 accusat
790 4786 915 4832 omnes.
950 4765 1062 4840 Quare
1077 4787 1221 4834 necesse
1243 4780 1335 4833 esset
1357 4768 1450 4833 dubi·
1494 4771 1708 4836 certitudosi
1736 4773 1943 4838 sentiendum
1970 4783 2023 4837 est
2057 4772 2146 4855 quod
2172 4784 2310 4859 propter

634 4865 706 4917 tare
723 4852 945 4915 conscientias
963 4852 1005 4916 de
1020 4853 1252 4919 iustificatione
1269 4854 1299 4918 si
1315 4864 1452 4938 propter
1493 4852 1714 4943 impletionem
1736 4854 1906 4923 moralium
1931 4874 2174 4941 consequamur
2194 4859 2307 4922 remis-

634 4934 722 5023 iegis
739 4939 782 5001 im
804 4933 961 5000 letionern
983 4950 1152 5021 oporteret
1175 4938 1385 5022 pronunciari
1402 4939 1450 5003 iu·
1494 4943 1621 5006 sionem
1647 4951 1878 5026 peccatorum,
1935 4940 1991 5006 uia
2024 4959 2120 5006 nemo
2148 4939 2310 5008 sadsiaoit

635 5034 720 5087 atos.
797 5041 900 5087 ocor
945 5033 1087 5086 mutum
1109 5026 1320 5108 praecipuum
1343 5025 1449 5089 estin
1494 5024 1674 5089 moralibus
1692 5026 1765 5089 sive
1787 5022 1864 5110 legi.
1906 4960 2093 5091 'locemus
2109 5026 2209 5112 igitur
2224 5024 2309 5091 Pan·

635 5106 700 5173 tac
722 5126 836 5172 carrea.
879 5042 955 5171 ticli
986 5109 1072 5171 enim
1118 5118 1207 5172 otest
1227 5111 1333 5174 teneri
1355 5110 1450 5173 certi·
1493 5109 1562 5177 ium
1579 5129 1647 5175 non
1663 5119 1790 5174 tanturn
1813 5113 2021 5176 ceremonias
2042 5110 2104 5175 sed
2126 5112 2225 5177 etiam
2240 5130 2307 5177 mo·

636 5194 715 5257 tudo
739 5192 965 5257 conscientiae
987 5192 1017 5256 si
1045 5129 1196 5257 colenda
1224 5203 1276 5258 est
1305 5194 1448 5259 conditio
1494 5192 1575 5259 ralia
1599 5192 1701 5259 intelli
1727 5214 1783 5260 ere
1806 5197 1840 5260 in
1857 5195 2042 5261 huiusmodi
2061 5192 2158 5260 locis.
2185 5196 2308 5280 impos·
2367 5252 2372 5261 .

552 5334 560 5357 ,
596 5332 602 5346 ,
639 5273 725 5362 legis
747 5277 813 5341 iroo
833 5277 972 5341 modo.i
1036 5277 1081 5340 od
1096 5279 1350 5363 pronuntiemur
1372 5280 1450 5344 iusti
1494 5278 1590 5343 sibile
1611 5290 1684 5343 erat
1703 5214 1738 5343 le
1793 5279 1973 5345 iustificare
1992 5282 2069 5364 quia
2091 5300 2152 5364 per
2174 5301 2307 5347 carnenr

636 5381 711 5425 oum
734 5297 1097 5448 satisfecerimusl'lgi,
1122 5382 1195 5426 curn
1213 5363 1296 5427 satis
1315 5384 1450 5447 operum
1493 5363 1728 5430 infinnabatur.
1760 5362 2307 5451 temExoperibuslegisnoneto·¹

635 5443 856 5510 habuerimus.
899 5446 962 5511 iiic
996 5449 1221 5532 unusquisqne
1249 5467 1344 5512 suam
1373 5469 1450 5513 con·
1537 5447 1613 5513 Gai.
1629 5450 1661 5513 2.
1682 5455 1747 5530 [vs.
1767 5450 1831 5530 17.]
1872 5450 1909 5515 Si
1926 5459 2121 5535 quaerentes
2137 5449 2305 5515 iustificari
2340 5473 2381 5529 tr.
2399 5472 2425 5523 t.

637 5530 809 5594 scientiam
838 5531 1007 5615 inspiciat,
1043 5543 1134 5600 certe
1162 5533 1341 5616 comperiet
1369 5552 1450 5597 cou-
1493 5533 1532 5598 ln
1553 5532 1687 5599 Christo
1703 5536 1826 5600 inventi
1842 5552 1958 5600 sumus
1979 5545 2013 5599 et
2029 5543 2094 5600 etc.
2139 5534 2212 5600 iloo
2229 5532 2306 5600 loco

650 5646 796 5688 sserliTil.
810 5647 891 5689 om
905 5649 968 5689 Vola
982 5651 1042 5692 xxi.
2228 5657 2262 5708 ²⁰
