5859 6734
907 701 932 765 l.
955 700 1059 767 Loci
1080 700 1356 771 'l'llEOLOGIClr
1386 704 1424 769 C.
1447 698 1660 769 SECUNDA
1680 702 1838 769 EORUM
1859 701 2015 771 AETAS.

617 902 792 983 peccatum
808 887 984 972 essequod
996 888 1138 951 statime
1235 888 1258 946 't
1275 891 1316 948 ab
1334 884 1436 947 initio.
1489 884 1608 949 docent
1631 885 1672 948 de
1694 882 1758 948 fida
1775 885 1837 948 sed
1853 882 1983 971 fingunt
2001 884 2166 951 hominem
2185 890 2306 957 iustmn

620 983 694 1048 Huc
710 977 851 1062 pertinet
872 972 981 1037 Hiera.
1004 972 1198 1048 sententia[
1221 969 1252 1045 7,
1266 968 1323 1048 9.].
1356 966 1437 1030 Ριιι-
1489 989 1566 1032 esse
1586 970 1720 1053 propria
1740 968 1914 1033 mundicia.
1954 970 2080 1035 Verum
2098 992 2164 1037 nos
2186 975 2307 1043 dictum

620 1088 696 1132 vum
713 1064 819 1144 est⁸⁴)
839 1079 899 1123 cor
914 1057 1055 1120 hominis
1073 1066 1136 1118 eto.
1181 1052 1249 1115 Sed
1265 1049 1439 1135 plurimum
1489 1051 1554 1116 hoc
1572 1055 1621 1116 sic
1642 1049 1861 1138 intelligamus
1869 1056 1929 1138 ⁸⁶).
1962 1053 1999 1118 ln
2014 1056 2175 1138 baptismo
2186 1062 2305 1125 remitti

619 1149 730 1217 valent
741 1149 775 1209 in
786 1145 850 1208 hac
870 1162 972 1206 causa
982 1138 1075 1204 Pauli
1090 1139 1272 1201 sententiae
1290 1135 1352 1199 Ro.
1365 1134 1436 1198 Vll.
1489 1148 1614 1201 reatum
1643 1148 1675 1201 et
1704 1150 1811 1202 tamen
1843 1157 1976 1203 manere
2006 1140 2114 1222 ipsum
2144 1146 2304 1209 morbum.

621 1250 654 1302 at
680 1231 767 1296 Vlll.
800 1235 904 1312 quaet
939 1235 1101 1288 testantur
1139 1221 1437 1305 concupiscentiam
1488 1220 1554 1284 hoc
1579 1234 1632 1284 est
1657 1235 1768 1286 manet
1793 1226 1929 1287 morbus
1956 1225 2017 1289 sed
2041 1246 2109 1290 non
2130 1228 2306 1311 imputatur

533 1302 541 1327 ’
619 1329 791 1408 peccatum
813 1330 908 1388 esse,
932 1308 1078 1373 ¹Constat
1102 1310 1187 1369 enim
1209 1326 1283 1370 eum
1304 1306 1349 1369 ibi
1369 1324 1437 1367 non
1490 1306 1646 1369 credenti.
1704 1304 1880 1371 Praeterea
1918 1326 1992 1373 cum
2035 1311 2132 1376 datur
2170 1314 2305 1397 spiritus

619 1414 744 1471 tantum
762 1393 902 1462 actualia
920 1393 1039 1458 delicta
1057 1411 1216 1455 accusare
1237 1391 1297 1453 sed
1318 1409 1437 1474 pecca·
1488 1401 1624 1454 sanctus
1657 1392 1860 1474 concipimus
1888 1412 1997 1457 novos
2024 1407 2057 1458 et
2083 1397 2158 1477 pios
2183 1408 2305 1475 motus,

619 1502 687 1555 tum
706 1485 849 1548 haerens
865 1482 899 1543 in
917 1479 1070 1542 membris
1093 1478 1222 1560 dequo
1244 1476 1322 1538 dicit
1344 1474 1436 1538 lnve·
1488 1476 1606 1559 quibus
1634 1473 1744 1558 aliqua
1769 1488 1930 1558 exparte
1957 1480 2078 1564 corrigi
2100 1482 2235 1546 morbus
2255 1478 2303 1545 in·

619 1575 673 1638 nio
691 1568 790 1635 aliam
804 1565 914 1649 legem
927 1575 989 1627 etc.
1007 1562 1097 1625 Item.
1118 1559 1228 1623 Carne
1245 1560 1354 1623 servio
1368 1558 1436 1644 legi
1489 1560 1576 1644 cipit,
1593 1570 1627 1622 at
1650 1580 1693 1623 ue
1708 1561 1766 1624 itai
1784 1580 1983 1644 peromnem
2001 1564 2099 1628 vitam
2115 1562 2304 1630 luctandum
2339 1587 2380 1653 ³7,
2394 1601 2418 1642 2,

618 1654 758 1741 peccati.
788 1651 878 1714 ltem.
912 1647 1039 1711 Sensus
1069 1645 1178 1707 carnis
1205 1664 1296 1707 mora
1324 1655 1375 1707 est
1403 1655 1436 1708 et
1488 1655 1540 1707 est
1556 1664 1631 1708 oum
1671 1664 1712 1707 oo
1729 1647 1846 1710 morbo
1863 1644 2045 1731 dupliciter.
2078 1647 2222 1715 Primum
2237 1648 2304 1714 fide

619 1737 783 1805 inimicitia
801 1735 961 1798 adversus
980 1732 1076 1794 deum
1092 1749 1156 1791 nec
1169 1740 1280 1812 potest
1296 1726 1364 1814 legi
1382 1728 1434 1791 dei
1488 1729 1695 1793 statuendum
1713 1730 1870 1813 estquod
1891 1752 1958 1794 non
1979 1734 2164 1815 imputetur,
2187 1735 2304 1798 deinde

620 1824 766 1889 obedire.
814 1817 905 1881 llaec
932 1816 1007 1879 loca
1032 1826 1206 1896 utrumque
1235 1815 1370 1891 docent,
1402 1823 1435 1876 et
1487 1812 1552 1876 lide
1584 1815 1680 1877 etiam
1710 1816 1925 1896 concipienda
1957 1829 2009 1880 est
2041 1819 2155 1882 notitia
2186 1819 2238 1882 dei
2270 1830 2303 1883 et

619 1908 712 1973 nasci
733 1904 882 1967 homines
906 1920 979 1963 cum
996 1908 1135 1982 peccato
1154 1898 1231 1981 quia
1249 1908 1338 1961 certe
1358 1916 1435 1960 con·
1487 1895 1607 1963 fiducia
1638 1899 1885 1964 misericordiae
1916 1912 1948 1965 et
1982 1899 2177 1966 consolatio.
2230 1901 2304 1966 lloc

621 1989 823 2073 cupiscentia
843 1988 1015 2049 nobiscum
1037 1982 1193 2059 nascitur,
1217 1991 1436 2045 attestantur
1488 2002 1563 2045 cum
1583 1981 1636 2061 fit,
1662 1980 1774 2066 aliquo
1796 1985 1894 2048 modo
1917 1988 2094 2069 corrigitur
2113 1988 2248 2050 morbus
2270 1998 2304 2050 et

618 2086 791 2160 peccatum
813 2071 948 2155 originis
971 2087 1037 2130 non
1059 2076 1184 2130 tautum
1211 2084 1288 2129 esse
1309 2075 1435 2129 reatum
1486 2065 1900 2134 inchoatunvitaaeterna.
1922 2068 2017 2133 Voco
2035 2081 2143 2136 autem
2153 2073 2303 2135 morbum

618 2160 793 2224 sedetiam
809 2158 959 2219 morbum
970 2154 1002 2215 in
1014 2154 1087 2234 ipsa
1104 2161 1223 2214 natura
1233 2148 1434 2227 haerentem,
1485 2163 1522 2214 ut
1544 2152 1735 2234 supradixi
1761 2155 2061 2235 concupiscentiam
2087 2166 2119 2217 et
2142 2153 2302 2219 defectus.

618 2246 688 2309 Nec
704 2239 807 2307 refert
822 2250 932 2303 utrum
948 2235 1037 2299 hunc
1054 2237 1203 2299 morbum
1218 2232 1366 2318 appelles
1379 2234 1434 2299 de·
1487 2233 1627 2299 Constat
1648 2236 1732 2299 enim
1749 2248 1827 2317 post
1847 2239 2044 2322 baptismum
2065 2242 2151 2317 et⁸⁰)
2171 2240 2205 2302 in
2227 2260 2302 2303 san·

618 2327 740 2394 lectum
763 2346 805 2389 an
834 2321 1143 2405 concupiscentiam.
1193 2317 1323 2384 Revera
1349 2321 1436 2384 enim
1487 2320 1549 2383 ctis
1564 2317 1685 2384 adultis
1696 2341 1830 2386 manere
1840 2332 2023 2408 utrumque.
2056 2322 2141 2387 Nam
2151 2334 2185 2387 et
2194 2324 2302 2387 sancti

617 2411 698 2477 nihil
724 2413 860 2473 interest
882 2409 911 2470 si
934 2402 1095 2470 defectum
1116 2404 1294 2488 prudenter
1315 2401 1435 2469 intelli·
1486 2423 1586 2488 aegre
1618 2406 1919 2488 obtemperout⁸⁷),
1958 2408 2121 2485 dubitant,
2154 2405 2303 2472 diffidunt

617 2516 695 2582 gas,
722 2491 809 2558 Nihil
836 2493 899 2554 dici
928 2491 1062 2575 gravius
1086 2499 1197 2570 potest
1223 2508 1320 2571 quam
1349 2487 1435 2552 tales
1486 2489 1562 2567 deo,
1579 2487 1827 2554 stomachantur
1841 2493 1980 2556 concedi
1996 2493 2104 2574 impiis
2122 2512 2301 2556 successus

618 2576 769 2644 defectus
795 2578 828 2639 in
850 2587 970 2638 natura
986 2592 1080 2650 esse,
1112 2573 1348 2657 ignorationem
1371 2574 1435 2650 dei,
1486 2585 1519 2636 et
1540 2575 1710 2638 victoriam
1731 2575 1765 2637 in
1786 2577 2016 2656 persecutione
2038 2587 2101 2639 etc.
2140 2575 2233 2641 llaec
2253 2589 2303 2644 te·

618 2682 741 2728 vacare
758 2673 858 2737 metu,
875 2658 1005 2735 fiducia,
1023 2676 1136 2720 amore
1154 2658 1216 2734 dei,
1233 2655 1315 2721 nulli
1329 2658 1435 2722 morbi
1472 2668 1615 2721 *stautur
1641 2655 1749 2722 adhuc
1775 2662 1808 2724 in
1830 2671 1948 2724 natura
1968 2657 2106 2724 haerere
2127 2673 2161 2726 et
2182 2682 2302 2727 concu-

618 2748 790 2834 graviores
811 2744 970 2807 nominari
986 2751 1137 2823 possunt.
1508 2742 1678 2807 iscemiam
1695 2754 1728 2805 et
1746 2741 1907 2807 deiectus.
1939 2742 1983 2808 Et
1999 2764 2140 2810 necesse
2153 2749 2302 2811 estscire
2387 2739 2390 2745 ’

661 2832 752 2897 llaec
770 2831 812 2892 de
825 2838 963 2910 peccato
980 2826 1114 2908 originis
1125 2828 1435 2973 ver'aetporspicua
1529 2847 1569 2891 ec
1595 2846 1672 2891 esse
1692 2840 1834 2909 peccata
1856 2831 1876 2892 i.
1900 2831 1984 2914 e.⁸⁸)
2008 2849 2063 2894 res
2085 2850 2163 2893 vere
2184 2831 2302 2914 dignas

618 2929 694 2982 sunt
716 2927 748 2979 et
770 2923 994 2978 consentanea
1021 2911 1193 2994 scripturis
1220 2921 1253 2974 et
1275 2931 1335 2974 ecc
1349 2913 1434 2975 esia-
1485 2912 1694 2976 damnatione
1721 2915 1810 2996 qued
1833 2914 1876 2977 ad
1897 2916 2002 2997 ipsius
2026 2917 2132 2978 morbi
2153 2927 2303 2980 naturam

617 3003 708 3065 sticis
734 3000 893 3084 patribus.
944 2995 1011 3059 Sed
1046 2997 1130 3060 sicut
1159 2992 1237 3058 olim
1263 2993 1435 3082 Pelagiani
1485 2998 1611 3073 attinet,
1634 2998 1694 3059 sed
1715 3008 1825 3061 tamen
1846 2998 1893 3061 ita
1913 3018 1980 3061 non
2002 3000 2165 3081 imputari,
2187 3001 2216 3063 si
2236 2998 2302 3063 fide

617 3085 846 3170 Intempestive
855 3077 1126 3167 philosophantes
1143 3077 1348 3145 sustulerunt
1357 3100 1435 3163 pec·
1484 3080 1743 3145 misericordiam
1769 3081 2065 3166 apprehendamus.
2111 3082 2184 3147 Nisi
2216 3084 2302 3146 enim

618 3182 725 3235 catum
742 3170 889 3256 originis,
908 3177 942 3230 et
957 3178 1078 3248 postea
1094 3162 1293 3228 Scholastici
1307 3166 1435 3229 etiamsi
1484 3164 1550 3228 hoc
1570 3176 1743 3247 peccatum
1765 3186 1996 3249 agnoscamus,
2039 3166 2154 3250 Neque
2180 3164 2301 3230 benefi-

616 3257 649 3319 in
681 3256 824 3339 speciem
856 3253 997 3314 retinent
1029 3262 1137 3314 tamen
1166 3268 1284 3313 revera
1315 3248 1434 3313 tollunt
1486 3250 1571 3312 cium
1598 3247 1722 3313 Christi
1749 3247 1887 3335 intelligi
1910 3270 2018 3335 neque
2043 3251 2191 3314 exerceri
2217 3250 2301 3314 fides

616 3359 692 3405 cum
708 3347 831 3424 negant
848 3334 1145 3416 concupiscentiam
1156 3343 1329 3416 peccatiun
1346 3351 1434 3409 esse,
1484 3342 1604 3417 potest.
1611 3336 1659 3417 ⁸⁰)
1687 3331 1784 3404 Quod
1800 3346 1908 3398 autem
1923 3336 1956 3397 in
1967 3337 2092 3399 sanctis
2104 3333 2172 3399 tale
2184 3354 2301 3417 pecca·

616 3421 957 3507 etlingrmthominem
967 3437 1070 3501 posse
1086 3415 1151 3501 legi
1163 3418 1216 3480 dei
1226 3414 1433 3493 satisfacere,
1484 3429 1552 3481 tum
1572 3415 1633 3481 reli
1657 3438 1734 3481 uum
1755 3418 1816 3494 sit,
1839 3416 2022 3484 clarissime
2043 3431 2205 3485 testantur
2225 3419 2302 3484 loca

617 3508 666 3571 lta
683 3517 759 3569 sunt
777 3517 809 3568 et
825 3505 877 3567 his
895 3503 1097 3582 temporibus
1109 3498 1201 3563 multi
1215 3498 1332 3564 leviter
1344 3501 1433 3564 docti
1483 3500 1641 3564 vinetv
1658 3500 1695 3565 ll.
1719 3522 1749 3565 o.
1771 3502 1815 3565 ad
1826 3501 1898 3567 'Ro.
1921 3523 2023 3586 supra
2043 3506 2152 3570 citata.
2188 3503 2301 3590 Augu·

617 3592 672 3675 qui
694 3590 839 3651 suaviter
862 3586 1010 3650 derident
1032 3603 1115 3666 quae
1138 3584 1276 3647 ἀίιιὶιιιιιε
1294 3585 1336 3648 de
1357 3605 1433 3668 pec·
1484 3587 1591 3650 atinus
1619 3588 1662 3650 ad
1687 3585 1826 3651 eundem
1847 3588 1979 3653 modum
2000 3589 2098 3653 docet
2124 3590 2166 3654 do
2187 3589 2301 3654 remis·

532 3730 539 3755 ‚
574 3726 580 3739 .
617 3685 693 3737 cato
721 3671 865 3734 orivtnir.
911 3669 994 3742 Quia
1016 3670 1113 3741 enimi
1135 3670 1219 3733 ratio
1241 3688 1308 3732 non
1329 3670 1434 3736 cernit
1484 3671 1578 3734 sione
1604 3673 1733 3753 peccati
1761 3672 1899 3757 originis
1925 3674 1960 3737 in
1986 3673 2162 3756 baptismo.
2184 3692 2301 3757 pecca·

615 3757 702 3821 hanc
725 3719 942 3819 init-mitatem
965 3771 1042 3816 esse
1070 3772 1139 3816 rem
1167 3755 1367 3833 damnatam,
1400 3766 1433 3819 et
1482 3766 1550 3819 tum
1570 3756 1674 3839 inquit
1695 3757 1869 3821 remittitur
1889 3777 1956 3821 non
1978 3770 2102 3822 utnon
2124 3759 2246 3823 sitsed
2265 3772 2302 3825 ut

615 3838 827 3926 philosophia
843 3836 923 3901 nihil
940 3839 1061 3901 iudicat
1079 3856 1155 3901 esse
1171 3840 1325 3903 vitiosum
1343 3840 1432 3923 quod
1481 3859 1548 3903 non
1568 3841 1755 3924 imputetur.

616 3946 683 3991 non
705 3936 757 3988 est
778 3926 811 3988 in
833 3933 998 4008 potestate
1015 3934 1147 4001 nostra,
1168 3922 1247 3986 ldeo
1271 3920 1432 4010 colligunt
2160 3948 2163 3952 ·

616 4010 761 4075 absurda
793 4027 878 4091 quae
911 4006 1062 4071 videntur
1090 4004 1229 4071 haerere
1256 4009 1291 4072 in
1317 4020 1433 4073 nostra
1482 4016 1561 4097 De
1614 4016 1888 4125 peceatjg
1944 4018 2299 4102 actualibus·

616 4095 778 4158 sententia
795 4111 900 4176 eaque
917 4088 1013 4155 valde
1030 4092 1208 4175 exagitant,
1225 4104 1258 4157 et
1278 4091 1367 4157 hanc
1382 4105 1432 4157 to·

617 4191 683 4243 tam
705 4174 868 4241 ecclesiae
888 4177 1084 4239 sententiam
1104 4178 1249 4240 iudicant
1270 4196 1347 4241 esse
1364 4198 1431 4242 me-
1525 4177 1703 4243 Peccatum
1724 4174 1903 4242 actualesi
1928 4175 2042 4243 nificat
2057 4176 2185 4246 stactus
2206 4182 2299 4248 vitio·

616 4284 688 4328 rum
710 4260 966 4338 deliramentum,
982 4260 1156 4325 Adversus
1173 4259 1237 4325 hos
1254 4259 1348 4327 leves
1366 4264 1432 4346 spi·
1484 4283 1543 4328 sae
1559 4274 1707 4328 naturae.
1730 4260 1795 4328 hoc
1819 4272 1872 4325 cst
1891 4198 2053 4343 ducatus,
2075 4268 2231 4349 cogitata,
2251 4268 2299 4330 di·

618 4350 699 4412 ritus
728 4345 901 4431 diligenter
931 4346 1095 4409 muniendi
1123 4356 1200 4410 sunt
1224 4348 1322 4411 animi
1349 4349 1432 4411 scri·
1483 4360 1554 4426 cta,
1579 4345 1670 4411 facta
1690 4358 1808 4411 contra
1828 4344 1938 4432 legem
1959 4348 2021 4411 dei.
2066 4348 2170 4415 Simul
2191 4360 2300 4415 autem

617 4443 733 4515 pturae
760 4432 953 4495 testimoniis
983 4449 1067 4513 quae
1100 4432 1287 4509 citavimus,
1318 4452 1362 4496 ne
1393 4452 1433 4495 ea
1484 4430 1656 4517 complecti
1695 4432 1866 4515 debes⁹⁰)³
1909 4451 2089 4515 personam
2131 4445 2164 4497 et
2203 4453 2297 4515 opus.
2333 4438 2415 4501 aab.

617 4519 713 4581 nobis
743 4516 909 4580 excutiant
931 4518 1068 4579 istorum
1091 4512 1314 4579 calumniosae
1333 4519 1433 4581 inter·
1483 4516 1585 4595 lta01)
1618 4512 1716 4581 facile
1741 4514 1906 4601 intelliges
1939 4519 2049 4581 omnia
2077 4537 2179 4602 opera
2211 4518 2298 4600 impii

617 4602 834 4703 pretationes,
858 4602 917 4746 :pri
939 4597 1172 4703 translormant
1193 4602 1373 4704 sententias
1392 4603 1433 4665 de
2190 4642 2194 4649 -

617 4688 859 4851 {ggssffisfffi
880 4686 1294 4851 gibvffes‘toffiffiglsssfffflffls
1312 4706 1346 4748 ¹¹¹
1362 4683 1420 4768 9¹¹¹
1484 4737 1531 4798 as)
1554 4735 1740 4798 interimamus]
1758 4736 1846 4790 Edita:
1864 4738 2037 4800 mortuina.

661 4851 779 4917 Restat
803 4863 839 4915 ut
866 4850 1003 4937 vulgare
1029 4854 1151 4918 dictum
1175 4857 1433 4936 interpretemur,
1484 4838 1532 4900 ⁸⁶)
1554 4837 1592 4899 ‘ll
1609 4836 1697 4888 mlh
1715 4839 1793 4890 “¹⁸¹⁰

619 4939 707 5023 quod
729 4936 837 5001 solent
858 4937 901 5000 ad
922 4941 1160 5004 extenuandum
1177 4951 1348 5024 peccatum
1370 4943 1435 5004 ori·
1484 4940 1531 5004 ⁸⁷)
1556 4939 1745 5001 obtemperant]
1762 4940 1836 4991 Edttt.
1853 4939 1962 4995 radam:
1979 4941 2006 4994 ln
2023 4952 2107 5003 emat.

619 5024 705 5108 ginis
724 5025 836 5098 citare,
857 5019 985 5085 Dicitur
1005 5025 1089 5085 enim
1106 5037 1278 5106 peccatum
1296 5026 1433 5113 originis
1484 5043 1531 5106 aa)
1555 5040 1623 5103 te]
1641 5040 1730 5093 editt:
1747 5042 1795 5093 noc
1812 5045 1853 5094 est

618 5109 651 5170 in
684 5110 725 5171 ba
750 5109 846 5172 tismo
876 5107 1004 5170 remitti.
1047 5106 1119 5171 lloc
1152 5110 1240 5172 dicto
1270 5112 1434 5174 somniant
1485 5143 1532 5207 39)
1556 5142 1653 5205 pomp]
1669 5143 1731 5194 ps„
1756 5125 1792 5205 ᾗ
1819 5142 1906 5194 mm,
1923 5144 2015 5207 pm,

618 5203 695 5274 post
726 5130 921 5274 laptismum
953 5188 1077 5255 nullam
1104 5211 1173 5255 rem
1200 5195 1351 5258 vitiosam
1378 5206 1435 5258 aut
1484 5246 1532 5310 9⁰)
1557 5245 1649 5307 debes]
1667 5244 1757 5297 mm:
1773 5180 1897 5298 debemus

620 5276 827 5341 d³m¹¹³⁰⁰¹¹⁰
847 5277 979 5360 agnam
996 5274 1154 5361 ¹⁰¹¹q¹¹⁸¹¹¹
1171 5296 1259 5357 Μ’
1277 5278 1354 5343 ¹⁶⁰⁰
1371 5299 1434 5343 ¹¹⁰⁰
1484 5346 1532 5410 cr)
1557 5347 1625 5408 oure
1643 5346 1703 5397 inae
1721 5347 1754 5398 m
1771 5347 1819 5399 me
1835 5348 1914 5399 veno
1931 5357 2012 5410 usque
2030 5345 2064 5399 m
2081 5345 2178 5398 nrum
2195 5345 2253 5399 rom
2271 5347 2311 5405 aa,
2329 5346 2354 5397 a.
2372 5357 2447 5408 „rm

467 5445 667 5461 ...-
1552 5418 1609 5476 pter
1619 5417 1717 5465 metum
1729 5425 1827 5475 poenae
1845 5418 1889 5466 aut
1905 5416 2009 5477 propter
2024 5413 2158 5475 stanam!
2175 5413 2252 5465 tntis.
2271 5415 2398 5475 lerunarn
2415 5413 2447 5465 ab

1553 5480 1625 5532 autc.
1643 5481 1778 5545 ditarunt,
1804 5483 1830 5534 lu
1853 5483 1943 5545 qubus
1961 5482 2049 5534 auctu
2063 5481 2129 5533 baec
2146 5485 2172 5533 et
2188 5481 2322 5543 mitigavit,
2347 5482 2373 5531 et
2389 5480 2448 5533 bre·

469 5547 516 5610 at)
541 5546 593 5609 est]
609 5547 665 5599 lta:
683 5553 709 5598 et
1554 5549 1609 5600 rius
1625 5547 1695 5601 dixit.

621 5660 740 5702 llum.
754 5660 885 5713 muti..
898 5663 947 5706 m
2265 5650 2295 5700 19
