5859 6734
429 684 492 753 ii&

515 868 656 931 Discerni
680 870 760 929 enim
784 868 896 929 debent
920 867 1093 927 substantia
1116 866 1210 925 adeo
1234 871 1348 937 creata,
1372 871 1405 924 et

428 958 534 1019 vitium
557 972 616 1015 seu
635 954 751 1032 ἀταξία,
770 972 847 1031 quae
869 959 980 1032 postea
997 952 1138 1012 accessit.

517 1039 655 1101 Forruale
680 1040 794 1119 peccati
817 1040 935 1118 proprie
959 1045 1009 1098 est
1035 1044 1153 1108 reatus,
1177 1032 1332 1097 materiale
1355 1041 1404 1093 est

430 1130 532 1207 ipsum
550 1126 662 1197 vitium,
680 1124 737 1183 hoc
756 1131 814 1196 est,
832 1123 986 1196 delectus,
1005 1129 1036 1182 et
1057 1121 1265 1181 inclinationes
1285 1136 1404 1198 pravae.

517 1209 584 1270 llac
607 1230 664 1269 non
689 1210 767 1269 satis
789 1209 979 1270 attenderunt
1001 1208 1183 1267 recentiores
1201 1204 1405 1275 Sententiarii,

431 1297 483 1376 qni
505 1302 612 1355 vocant
634 1293 784 1354 delectum
807 1292 931 1354 sonnale
954 1293 1088 1372 peccati,
1116 1311 1183 1351 cum
1213 1292 1256 1350 sit
1279 1288 1404 1348 sonnale

431 1381 503 1442 vitii
547 1377 705 1439 Materiale
723 1386 830 1439 vocant
848 1378 1138 1456 concupiscentiam,
1161 1375 1192 1434 id
1210 1381 1273 1449 est,
1291 1374 1404 1455 appeti

430 1468 530 1527 tiones
548 1466 577 1524 in
594 1482 700 1523 sensu.

516 1547 589 1611 ldeo
606 1554 721 1607 remoto
740 1547 861 1609 deiectu
878 1549 908 1605 in
931 1547 1096 1625 baptismo,
1122 1546 1203 1605 sicut
1225 1545 1285 1624 ipsi
1304 1543 1405 1622 imagi·

432 1635 586 1705 nahmtur,
607 1639 708 1692 celera
724 1634 869 1712 putabant
886 1651 959 1691 esse
977 1628 1134 1713 ἀδιάφορα.
1155 1630 1158 1641 “

517 1719 559 1781 Et
580 1725 613 1778 ut
631 1718 679 1788 iit,
703 1719 731 1777 in
751 1716 809 1776 hoc
826 1736 924 1777 errore
941 1713 1026 1776 multi
1044 1720 1116 1774 sunt
1133 1733 1250 1774 errores
1268 1712 1404 1785 involuti,

432 1822 511 1882 quos
546 1801 694 1881 explicare
724 1801 845 1881 longum
875 1808 971 1872 esset,
1001 1806 1032 1858 et
1054 1797 1148 1859 multa
1172 1799 1275 1859 dicunt
1302 1805 1405 1858 contra

432 1887 628 1948 dialecticam.
1061 1889 1070 1896 ”

518 1971 594 2031 ilinc
623 1971 775 2049 sequitur,
800 1969 880 2049 quod
905 1970 1018 2047 fingunt
1042 1968 1191 2027 hominem
1210 1965 1271 2046 legi
1290 1967 1339 2027 dei
1357 1985 1403 2027 sa·

431 2055 573 2118 tissacere
594 2074 690 2135 posse
712 2062 770 2115 etc.
813 2055 879 2116 Nec
897 2054 935 2113 de
953 2054 1013 2114 lide
1031 2052 1318 2131 quicquam-dicunt

518 2140 618 2213 Quare
636 2139 806 2219 simplicem
826 2141 979 2200 veritatem
998 2140 1192 2210 retineamus,
1210 2156 1267 2197 uec
1278 2154 1404 2216 quaera-

432 2245 510 2299 mus,
529 2226 678 2304 quomodo
697 2244 882 2285 excusemus
900 2224 1026 2283 ahorum
1048 2229 1151 2283 errata.

516 2309 558 2371 Et
575 2309 746 2388 Prophetae
771 2316 802 2368 et
819 2308 964 2388 Apostoli
987 2314 1091 2387 aperte
1115 2314 1224 2367 vacant
1246 2314 1403 2387 peccatum

432 2402 556 2456 naturae
574 2396 773 2455 infirmitatem
791 2391 933 2471 reliquam
953 2393 981 2452 in
999 2393 1123 2451 sanctis

517 2478 560 2539 lit
579 2476 696 2539 Paulus
726 2478 872 2537 discernit
902 2478 979 2537 inter
1006 2483 1162 2556 peccatum
1187 2484 1218 2536 et
1241 2476 1403 2536 damnatio

432 2582 517 2637 nem,
542 2563 601 2622 hoc
618 2569 682 2636 esi,
707 2563 784 2623 inter
801 2563 903 2622 vitium
923 2561 998 2622 illud
1016 2580 1157 2645 pugnans
1175 2581 1242 2621 cum
1266 2560 1335 2640 lege
1354 2561 1402 2621 dei

433 2654 465 2708 et
480 2655 604 2709 reatum.

651 2881 711 2945 De
730 2882 913 2964 peccatis
936 2878 1187 2946 actualibus.

518 3068 694 3133 Peccatum
716 3065 845 3133 acmale
863 3066 1030 3153 significat
1044 3067 1174 3135 fructus
1189 3070 1330 3133 ¹vitiosae
1347 3088 1404 3133 na·

432 3166 541 3231 turae,
562 3152 628 3219 hoc
650 3164 716 3232 est,
736 3152 896 3231 affectus,
919 3155 1074 3238 cogitata,
1096 3155 1195 3231 dicta,
1216 3148 1305 3217 facta
1328 3173 1404 3218 con·

433 3252 484 3303 tra
509 3237 617 3324 legem
642 3237 716 3302 Dei.
766 3236 873 3303 Simul
901 3248 1009 3301 autem
1043 3236 1215 3320 complecti
1247 3238 1405 3302 dehemus

432 3343 607 3407 personam
635 3335 667 3388 et
695 3342 790 3405 opus.
833 3321 946 3406 ltaque
968 3325 1094 3386 etiamsi
1116 3321 1216 3407 aliqui
1236 3322 1326 3404 impii
1348 3320 1405 3385 ha-

435 3412 511 3473 bent
536 3405 677 3472 honesta
699 3427 818 3489 opera,
844 3419 952 3469 tamen
975 3408 1052 3488 quia
1073 3426 1239 3488 personae
1259 3415 1337 3470 suut
1359 3406 1405 3469 vi·

433 3496 553 3570 tiosae,
583 3513 685 3575 opera
713 3511 780 3554 non
801 3488 935 3572 placent
956 3487 1042 3552 Deo.
1085 3490 1127 3552 Et
1148 3492 1181 3553 irr
1203 3487 1268 3553 illis
1290 3508 1406 3574 perso·

432 3579 485 3641 nis
506 3587 582 3641 suut
603 3578 760 3639 interiora
779 3575 868 3651 vitia,
893 3574 1063 3651 dubitatio,
1085 3592 1207 3638 vacare
1229 3574 1347 3637 timore
1365 3594 1405 3637 ac

432 3662 554 3725 fiducia
573 3658 656 3731 Dei3
685 3672 721 3722 ut
741 3659 774 3721 in
797 3658 934 3721 summis
961 3658 1053 3735 viris,
1080 3658 1162 3724 Pom
1208 3658 1262 3723 nio
1283 3657 1406 3738 Attico,

434 3746 605 3818 Cicerone,
624 3744 678 3825 qui
698 3743 822 3805 etiamsi
840 3741 962 3804 habent
983 3744 1128 3805 notitiam
1143 3679 1289 3829 ahhuanr
1304 3741 1404 3830 legis

431 3826 595 3901 videlicet,
619 3828 707 3909 quod
729 3825 824 3889 Deus
847 3827 889 3888 sit
912 3828 1029 3902 bonus,
1051 3826 1175 3903 iustus3
1208 3839 1316 3891 tamen
1339 3848 1406 3892 non

433 3924 553 3976 rrommt
569 3908 804 4001 Evarrgelium,¹
819 3911 909 3993 quod
924 3908 1019 3975 Deus
1042 3913 1144 4015 gratis
1166 3914 1308 3976 remittat
1330 3933 1405 3995 pec·

434 4008 523 4069 ιτιιῑιις
555 3996 696 4077 ideoque
728 3996 759 4057 in
792 3996 920 4077 magnis
944 3992 1176 4060 alllictronibus
1195 3998 1343 4060 iudicant
1368 4017 1406 4061 se

433 4082 523 4144 reiici
545 4101 565 4143 a
585 4078 671 4143 Deo.
716 4078 826 4150 Quare
855 4099 929 4143 cum
957 4079 1099 4145 habeant
1123 4082 1298 4145 interiores
1321 4101 1405 4145 mor-

434 4168 513 4242 bos,
554 4165 651 4228 etiam
726 4160 874 4228 lluuntur
905 4176 1060 4229 externae
1096 4167 1255 4229 actiones
1311 4165 1406 4230 Sicut

434 4248 559 4314 Paulus
591 4248 635 4311 ait
669 4254 679 4324 i¹
712 4271 776 4313 om.
811 4249 861 4327 il,
894 4249 974 4330 234:
999 4250 1120 4327 thane,
1149 4250 1237 4332 quod
1263 4261 1405 4315 nonest
1448 4314 1455 4321 ,

435 4354 476 4397 ex
498 4332 574 4411 fide,
596 4344 768 4413 peccatum
791 4345 860 4409 est3
883 4335 916 4397 id
938 4345 1009 4415 est,
1030 4336 1118 4418 quod
1141 4332 1177 4397 fit
1197 4335 1239 4398 ab
1261 4332 1325 4411 his,
1348 4336 1404 4419 qui

436 4419 582 4483 dubitant
603 4438 641 4481 se
662 4418 789 4502 respici·
806 4440 826 4480 a
846 4417 938 4497 Deo,
962 4421 1016 4503 qui
1039 4439 1104 4484 non
1127 4419 1266 4485 creduut
1287 4439 1325 4483 se
1346 4419 1404 4484 ha·

437 4504 515 4567 bere
536 4501 645 4567 Deum
671 4504 864 4586 propitium3
908 4504 992 4569 tides
1020 4506 1106 4568 enim
1135 4502 1301 4588 significat
1323 4504 1405 4569 lidu-

437 4589 520 4652 ciam
549 4589 804 4651 misericordiae.
848 4587 1042 4672 Quanquam
1070 4590 1155 4653 enirn
1184 4608 1251 4652 non
1273 4600 1325 4651 est
1346 4608 1405 4651 no·

437 4673 494 4735 stri
523 4660 668 4749 iudicii,'
702 4672 757 4739 uid
778 4670 872 4736 Deus
901 4676 1006 4759 egerit
1029 4671 1189 4738 cumillis
1211 4673 1405 4757 praestanti·

438 4756 500 4820 hus
521 4757 619 4834 airis,
649 4693 791 4835 Scholia,
820 4756 1057 4837 Themistocle,
1083 4757 1203 4837 Fabio,
1238 4758 1405 4841 Scipione,

437 4838 616 4924 Pomponio
638 4841 749 4905 Attico
772 4853 806 4904 et
826 4841 997 4920 similibus,
1019 4864 1060 4906 an
1079 4841 1225 4926 peculari
1244 4842 1403 4908 beneficio

438 4925 517 5005 ipsis¹
540 4926 728 5009 praebuerit
747 4923 890 5009 aliquem
911 4926 1111 4993 intellectum
1129 4930 1291 5013 gratuitae
1310 4929 1405 4991 mise·

437 5010 598 5074 ricordiae
621 5023 653 5074 et
675 5012 876 5075 remissionis
898 5024 1113 5094 peccatorum
1135 5027 1167 5078 et
1189 5014 1313 5090 veria)
1337 5008 1405 5079 cul·

438 5104 508 5167 tus3
531 5106 639 5158 tamen
662 5114 723 5160 nos
745 5107 870 5160 tantum
890 5101 978 5161 irurta
1001 5100 1136 5162 verbum
1154 5119 1240 5162 nunc
1262 5094 1405 5182 promul·

356 5186 358 5191 '
439 5189 565 5261 gotum,
594 5180 659 5243 hoc
682 5190 750 5257 est,
776 5182 868 5244 iuxta
889 5180 1105 5267 Evangelium
1134 5183 1279 5246 iudicare
1308 5184 1406 5246 debe·

438 5281 522 5341 mus,
544 5265 704 5327 neminem
726 5267 797 5329 sine
820 5265 941 5331 Christi
964 5267 1151 5352 cognitione
1172 5278 1205 5330 et
1220 5268 1405 5332 misericor-

440 5347 492 5411 dia
513 5361 648 5431 propter
669 5347 835 5415 Christum
855 5353 1018 5435 promissa
1040 5348 1167 5415 salvum
1189 5348 1270 5414 fieri.

441 5536 486 5599 75)
504 5536 535 5586 rr
551 5537 651 5598 syllaba
667 5537 692 5587 ln
709 5536 752 5587 Ed.
773 5540 793 5589 l.
810 5538 909 5590 excidlt.
1425 5479 1429 5595 l

605 5636 750 5675 usuraria.
764 5635 845 5676 orna.
859 5637 922 5677 vor..
937 5639 995 5679 xxr.

880 680 903 747 l.
926 678 1027 745 Loci
1049 675 1324 744 THEOLOGlGl:
1347 676 1385 743 0.
1408 674 1619 744 SECUNDA
1639 675 1796 743 EORUM
1818 677 1975 743 AETAS.

1532 862 1601 927 Sed
1629 862 1685 927 hic
1708 864 1807 928 obiici
1834 874 1960 947 potest:
1990 862 2027 927 Si
2053 863 2196 930 honesta
2221 885 2324 947 opera
2345 880 2424 933 sunt

1445 959 1791 1099 peccata,⁰.equorsrnu
1812 949 1912 1034 igitur
1933 948 2069 1030 prodest
2089 969 2130 1013 ea
2150 948 2284 1014 faceret
2327 952 2420 1015 item:

1475 1054 1515 1096 ur
1542 1053 1603 1113 pra
1660 1034 1701 1097 'it
1731 1052 1771 1097 ea
1791 1031 1904 1111 Dens,
1928 1054 2001 1097 cum
2027 1053 2095 1098 nou
2123 1037 2283 1116 approbet
2303 1054 2422 1119 pecca-

1445 1128 1562 1264 tum32
1577 1119 1669 1182 iuxta
1703 1115 1801 1190 illud,
1840 1118 1915 1182 Non
1948 1116 2041 1181 Deus
2075 1117 2192 1182 volens
2224 1119 2423 1202 impietatem

1445 1213 1482 1266 tii
1504 1220 1542 1265 es

1531 1284 1730 1369 Responsio.
1775 1287 1880 1351 Nobis
1907 1283 2015 1351 facilis
2037 1299 2090 1351 est
2110 1286 2304 1371 responsi03
2334 1286 2423 1352 adde

1447 1371 1533 1435 enim
1555 1370 1652 1435 fidem
1672 1371 1716 1436 ad
1736 1370 1824 1437 hanc
1845 1371 1927 1437 disci
1950 1371 2062 1449 linam,
2079 1383 2158 1436 tunc
2175 1370 2319 1455 placebit
2334 1369 2422 1449 Deo,

1446 1457 1574 1520 etiamsi
1596 1476 1633 1519 re
1654 1476 1736 1521 vera
1756 1468 1809 1521 est
1829 1388 2021 1540 imperlecta
2043 1456 2238 1534 obedientia,
2260 1457 2346 1521 sicut
2365 1474 2422 1522 su·

1469 1560 1507 1603 ra
1529 1540 1609 1618 dixi,
1637 1543 1713 1623 quia
1738 1560 1883 1624 persona
1903 1541 2023 1625 placet.
2066 1541 2109 1603 Et
2123 1539 2215 1605 haec
2237 1539 2423 1606 obedientia

1447 1562 1547 1689 habet
1568 1626 1604 1688 in
1624 1624 1690 1703 his,
1712 1628 1768 1710 qui
1789 1645 1870 1691 vere
1891 1626 2045 1704 credunt,
2067 1626 2213 1710 praemia
2235 1621 2423 1709 corporalia

1448 1722 1482 1773 et
1498 1707 1691 1792 spiritualia,
1713 1712 1747 1775 iu
1768 1709 1833 1775 hae
1853 1711 1921 1774 uita
1943 1723 1976 1775 ct
1997 1724 2075 1792 post
2095 1709 2184 1773 hanc
2200 1710 2309 1775 vitam·
2354 1708 2424 1773 Sed

1447 1795 1477 1857 si
1505 1796 1547 1859 de
1574 1795 1681 1878 impiis
1708 1797 1894 1880 quaeritur,
1922 1794 1988 1860 hoc
2009 1794 2217 1878 respondeo:
2254 1794 2333 1859 ¹Nos
2355 1811 2422 1857 non

1447 1898 1524 1943 esse
1546 1877 1695 1958 Stoicos,
1723 1883 1779 1964 qui
1810 1881 2022 1963 disputabant
2044 1880 2152 1945 omnia
2173 1890 2311 1964 peccata
2330 1878 2424 1961 paria

1446 1984 1533 2027 esse.
1579 1962 1648 2028 Sed
1679 1963 1755 2050 plus
1792 1977 1912 2049 peccat
1942 1965 2050 2043 Nero,
2090 1986 2188 2050 quam
2219 1963 2302 2028 Pom
2326 1964 2422 2033 ouius

1445 2047 1596 2121 Atticus3
1636 2050 1697 2114 etsi
1718 2049 1782 2113 Dei
1802 2050 1957 2115 iudicium
1978 2060 2042 2127 est,
2066 2062 2209 2135 quantus
2231 2071 2272 2136 gr
2316 2069 2357 2116 us
2379 2050 2424 2114 slt

1445 2134 1609 2197 interioris
1631 2135 1710 2211 vitii,
1728 2135 1817 2216 quod
1836 2146 1926 2199 certe
1947 2154 2014 2199 rrorr
2036 2135 2135 2199 debet
2156 2136 2337 2201 extenuari.
2379 2133 2423 2199 Et

1446 2230 1557 2282 tamen
1572 2219 1710 2303 requirit
1718 2218 1813 2283 Deus
1830 2232 1968 2285 exterma
1984 2217 2126 2285 honesta
2135 2240 2250 2305 opera,
2266 2240 2351 2305 quac
2365 2241 2423 2286 vo-

1446 2315 1565 2368 cantur
1584 2300 1670 2388 legis
1693 2324 1805 2387 opera.
1863 2304 2068 2389 ⁷⁶)Requirit
2094 2318 2202 2371 autem
2227 2316 2261 2371 et
2285 2318 2421 2391 propter

1446 2384 1715 2470 tranquillitatem
1734 2388 1902 2454 homiuum
1928 2392 2013 2456 inter
2034 2392 2128 2474 ipsos
2154 2404 2188 2456 et
2217 2406 2354 2476 propter
2374 2394 2422 2457 di·

1446 2471 1631 2556 sciplinam,
1652 2473 1719 2539 hoc
1742 2487 1804 2553 est,
1821 2486 1858 2540 ut
1879 2475 2003 2539 institui
2020 2496 2062 2540 ac
2080 2477 2193 2540 doceri
2209 2476 2361 2542 homines
2378 2478 2422 2543 ‹le

1445 2556 1631 2643 Evangelio
1648 2562 1789 2642 possint.
1833 2557 1927 2625 Sicut
1949 2562 1993 2624 ait
2015 2559 2138 2625 Paulus
2157 2560 2247 2641 [Gal.
2269 2560 2303 2640 3,
2336 2562 2421 2642 241:

1446 2643 1519 2706 Lex
1542 2656 1595 2708 est
1615 2646 1844 2731 paedagogus.
1888 2644 1931 2710 Et
1956 2645 2044 2709 hanc
2065 2648 2305 2732 paedagogiam
2326 2659 2422 2713 ornat

1446 2726 1541 2793 Deus
1575 2730 1720 2815 egregiis
1753 2730 1908 2814 praemiis
1943 2729 2188 2813 corporalibus3
2227 2744 2260 2796 et
2286 2744 2422 2797 econtra

1447 2811 1658 2878 violationem
1686 2811 1772 2898 legis
1800 2826 1972 2879 externam
1998 2817 2090 2898 punit
2117 2818 2274 2900 gravibus
2302 2819 2421 2902 poenis

1448 2897 1678 2981 corporalibus
1706 2912 1738 2964 et
1759 2901 1912 2964 aeternis.
1947 2898 2058 2972 Quare
2080 2901 2216 2986 prodest
2236 2901 2324 2967 hanc
2344 2922 2422 2986 pae-

1447 2984 1625 3069 dagogium
1642 2982 1854 3067 amphficme,
1876 2997 1910 3048 et
1930 2983 2104 3071 diligenter
2121 2988 2243 3050 docere
2259 2985 2421 3066 hommes,

1445 3079 1483 3131 ut
1504 3079 1650 3133 statuant
1670 3071 1825 3134 divinitus
1851 3082 1884 3134 et
1908 3072 2054 3153 praemia
2076 3091 2138 3155 pro
2163 3084 2253 3135 recte
2268 3068 2366 3137 factis
2387 3082 2422 3135 et

1446 3171 1573 3235 poenas
1595 3173 1657 3237 pro
1683 3152 1813 3220 delictis
1835 3156 2027 3238 propositas
2052 3174 2140 3219 esse.
2194 3155 2296 3239 idque
2323 3156 2422 3221 docet

1446 3238 1613 3320 scriptura
1633 3240 1668 3302 in
1691 3238 1766 3321 ipso
1792 3236 1975 3325 decalogo,
2003 3239 2045 3303 de
2068 3241 2238 3322 praemiis:
2282 3240 2422 3306 Honora

1445 3332 1571 3403 patrem
1588 3333 1622 3386 at
1642 3332 1792 3401 matrem,
1815 3325 1843 3386 si
1860 3326 1912 3388 vis
1934 3342 2012 3389 esse
2028 3322 2215 3409 longaevus
2232 3343 2335 3408 super
2351 3337 2418 3389 ter·

1447 3572 1495 3639 ib)
1512 3569 1577 3624 Pro
1594 3588 1658 3643 sqq.
1687 3576 1800 3640 ilequirit
1814 3580 1901 3629 autem
1919 3604 1952 3615 —
1971 3604 2003 3615 —
2016 3568 2246 3644 apudiiesladum
2264 3588 2291 3635 et
2306 3585 2370 3638 allos
2388 3586 2420 3637 de

1516 3642 1604 3703 poenis
1622 3643 1772 3697 delictorum
1790 3644 1823 3695 tn
1839 3644 1913 3697 Editt
1934 3646 2041 3696 11-13.
2058 3652 2086 3701 et
2103 3650 2165 3714 0pp.
2184 3647 2260 3701 laec
2277 3655 2360 3702 suat:
2377 3654 2421 3706 Est

1516 3714 1602 3761 auaro
1628 3712 1694 3763 llaec
1715 3711 1848 3775 disciplina
1869 3714 2026 3777 praestanda
2051 3720 2156 3781 propter
2184 3720 2293 3782 quatuor
2320 3730 2420 3773 causas.

1515 3777 1600 3829 Prima
1618 3782 1666 3841 est,
1685 3780 1743 3844 quia
1761 3780 1825 3833 deus
1842 3792 1900 3833 eam
1917 3781 2025 3845 lanai,
2041 3784 2081 3835 cui
2097 3786 2188 3837 omues
2200 3784 2304 3837 obedire
2316 3786 2419 3839 dehent.

1517 3846 1648 3908 Secunda,
1666 3851 1695 3899 ut
1710 3848 1941 3912 uitemmpoeme,
1958 3852 2017 3913 qula
2035 3852 2100 3905 deus
2117 3864 2168 3904 oon
2186 3854 2270 3905 solum
2287 3856 2419 3917 perpetuis

1517 3914 1669 3966 cruciatibus
1687 3917 1923 3979 postmoerium
1940 3918 2032 3982 impios
2050 3921 2135 3983 punit,
2162 3921 2209 3973 sed
2233 3922 2311 3973 etiarn
2329 3923 2354 3973 in
2371 3924 2421 3975 trac

1516 3981 1568 4033 ulta
1593 3982 1729 4035 horrendis
1755 3985 1880 4047 exemplis
1906 3987 1980 4048 pnait
2004 3988 2160 4041 sceleratos:
2186 3978 2328 4041 homicidae
2339 3994 2421 4043 retra·

1516 4049 1611 4100 huntur
1631 4048 1665 4099 ad
1682 4051 1822 4113 supplicia,
1840 4053 1978 4105 manifesta
1996 4055 2021 4106 vi
2039 4054 2137 4118 divina,
2161 4057 2238 4108 etiam
2256 4062 2422 4120 computant

1516 4128 1545 4168 se
1563 4118 1678 4169 euasisse
1695 4130 1728 4169 err
1744 4119 1863 4173 inanibus
1881 4120 2086 4181 magistratuum.
2118 4124 2230 4186 benique
2247 4126 2330 4176 omnis
2341 4136 2421 4187 geue·

1516 4184 1553 4235 ris
1575 4185 1678 4237 scelera
1700 4186 1839 4249 puniuntur
1861 4188 2013 4250 quoadanis
2038 4191 2105 4242 ritae
2122 4192 2327 4253 calamitatibus,
2353 4205 2419 4256 quae

1517 4251 1652 4315 impositae
1675 4256 1737 4305 aurit
1758 4254 1848 4315 serrari
1864 4255 1991 4319 humano,
2016 4262 2044 4309 ut
2059 4262 2180 4321 unquam
2198 4270 2287 4313 carcer
2302 4260 2419 4314 homiues

1517 4324 1543 4371 et
1566 4325 1701 4373 coerceant
1717 4326 1744 4373 et
1759 4322 1878 4387 parianu
1902 4325 1968 4375 sicut
1985 4325 2102 4377 Psalmus
2120 4326 2207 4378 docet:
2241 4328 2269 4378 ln
2286 4329 2376 4379 chamo
2393 4331 2420 4380 et
2511 4338 2519 4357 ⁸

1516 4386 1591 4439 treno
1614 4388 1732 4439 marilias
1756 4400 1844 4441 eoram
1869 4391 2023 4453 mnstnme.
2057 4392 2199 4455 Philosophi
2217 4399 2343 4457 quaemnt
2360 4408 2420 4447 can-

1515 4466 1582 4515 sam,
1606 4466 1652 4507 cur
1673 4456 1739 4507 haec
1761 4462 1895 4519 praestans
1919 4463 2012 4511 natura
2034 4458 2147 4512 sublecta
2171 4461 2205 4512 sit
2229 4464 2266 4513 tot
2283 4464 2419 4515 aemmnis.

1515 4525 1546 4572 At
1563 4522 1681 4575 i’saimas
1698 4535 1786 4576 veram
1810 4536 1914 4578 eausam
1938 4529 2067 4590 proponit:
2102 4531 2212 4580 testator
2227 4530 2344 4581 nomines
2361 4530 2418 4582 ideo

1516 4590 1644 4643 subiectos
1661 4602 1721 4643 esse
1740 4593 1779 4644 his
1797 4594 1998 4657 calamitatibus,
2026 4597 2085 4658 quia
2102 4602 2193 4647 natura
2212 4600 2252 4648 est
2270 4598 2375 4659 vitiosa.
2392 4600 2420 4655 st

1516 4660 1570 4709 tum
1591 4658 1734 4711 coercenda
1757 4664 1798 4712 est
1820 4664 1873 4713 turn
1896 4661 2025 4722 punienda
2043 4663 2196 4726 quotidianis
2211 4666 2349 4717 aerumnis.
2384 4667 2419 4720 ic

1516 4728 1651 4777 mouerunt
1674 4727 1792 4790 exempla
1815 4729 1892 4779 etlam
1911 4729 2039 4790 ethnicos,
2063 4732 2105 4793 qul
2127 4731 2248 4786 ridebant
2271 4734 2419 4797 homicidae,

1516 4794 1645 4857 periums,
1674 4795 1785 4847 incestos
1811 4808 1886 4847 mere
1905 4796 1930 4847 in
1947 4799 2047 4849 atroces
2064 4809 2167 4859 poenas.
2203 4800 2266 4851 illac
2282 4804 2343 4854 sunt
2358 4802 2418 4854 illae

1516 4862 1659 4913 sententiae
1677 4863 1791 4925 [ilesiodi
1811 4864 1871 4926 opp.
1888 4867 1915 4914 et
1931 4866 1957 4916 l).
1975 4865 2053 4927 285.].
2064 4857 2164 4931 ἀνδρὸς
2182 4860 2210 4914 δ’
2219 4856 2328 4934 εὐόρκου
2339 4865 2419 4931 reveri

1514 4923 1684 4994 perdoceam
1700 4921 1821 4996 ἀμείνων
1837 4936 1865 4982 et
1880 4932 1986 4985 similes.
2021 4934 2103 4985 Tertia
2120 4947 2199 4986 causa
2216 4940 2265 4999 est,
2282 4946 2328 4989 cnr
2345 4937 2419 4989 disci·

1515 4998 1611 5060 piirram
1629 5009 1736 5051 necesse
1755 5001 1796 5051 est
1812 5002 1954 5061 praestare.
1971 5004 2000 5051 ut
2015 5003 2125 5054 societas
2142 5005 2282 5057 communis
2300 5004 2334 5057 sit
2349 5008 2420 5059 uarr-

1515 5065 1601 5128 quilla.
1638 5066 1731 5127 Quane
1749 5078 1827 5119 causa
1845 5067 1870 5117 in
1888 5068 1975 5130 primis
1993 5069 2195 5130 mamilaclenda
2213 5074 2261 5135 est
2278 5073 2337 5137 quta
2353 5074 2419 5126 Pau·

1515 5133 1557 5185 ius
1579 5137 1653 5185 vocat
1677 5134 1762 5196 legem
1780 5134 1966 5197 paedagogiam
1984 5136 2009 5187 in
2027 5137 2161 5190 christum.
2195 5138 2290 5190 illaesi
2309 5150 2418 5203 magnus

1515 5202 1596 5253 honos
1614 5201 1777 5265 disciplinam
1804 5207 1893 5267 estque
1911 5205 2047 5264 sententia,
2064 5205 2147 5257 donec
2162 5206 2260 5259 ritimis
2277 5206 2418 5268 cupiditati·

1517 5270 1565 5321 lrns
1588 5269 1691 5323 lrenun
1716 5272 1803 5323 laxant
1824 5272 1940 5324 homines
1964 5276 1991 5324 et
2007 5272 2165 5325 delectantur
2187 5274 2350 5336 turpitudine,
2366 5286 2418 5327 non

1517 5342 1578 5388 sunt
1600 5340 1716 5391 membra
1735 5338 1833 5391 Christi.
1868 5340 1939 5399 item,
1964 5340 2094 5391 emendati
2110 5342 2132 5393 sl
2149 5352 2239 5394 rursus
2257 5353 2286 5393 se
2303 5342 2419 5404 polluant

1519 5405 1621 5466 battitiis
1652 5411 1738 5460 contra
1766 5406 1958 5470 conscientiam,
1983 5421 2033 5459 noo
2058 5413 2162 5460 manent
2185 5410 2299 5459 membra
2318 5408 2417 5461 Christi.

1518 5474 1586 5523 ilaec
1601 5475 1667 5526 ratio
1684 5480 1786 5525 moveat
1802 5476 1909 5538 animos,
1936 5480 1964 5529 ut
1981 5476 2136 5538 disciplinam
2156 5476 2295 5529 iudicemus
2312 5486 2418 5538 magno·

1518 5552 1580 5602 pere
1597 5542 1769 5595 necessariam
1787 5554 1854 5595 esse.
2216 5611 2249 5662 ²⁵
