5859 6734
530 641 595 708 671
1160 644 1274 710 PlllL.
1296 645 1402 710 hlEL.
1424 644 1613 710 SCRIPTA
1633 644 1912 713 DOGMATlGA.
2467 646 2534 712 sta

618 828 707 891 loan.
741 826 772 894 3.
796 832 859 909 [νε.
883 830 929 911 5.]
958 829 1028 892 Νἰεί
1062 831 1136 934 quis
1170 840 1308 895 renatus
1340 826 1439 895 fuerit
1472 851 1512 896 ex
1558 832 1689 895 caussis
1711 827 1934 893 calamitatum
1955 830 2171 894 humanarum
2193 831 2332 894 traditae
2354 845 2432 896 sunt
2449 833 2532 900 mut-

532 932 620 1000 aque
638 923 671 976 et
693 913 828 997 spiritu,
856 935 922 977 non
944 925 1054 999 potest
1076 925 1198 980 intrare
1220 917 1253 978 in
1275 933 1414 999 regnum
1436 915 1511 981 Dei.
1532 913 1536 998 i
1556 927 1610 980 tae
1633 916 1752 978 breves
1776 916 1901 996 γνῶμαι,
1924 935 2008 999 quae
2030 935 2190 980 sunnnarn
2207 915 2427 982 eruditissime
2443 939 2531 986 ccm-

533 997 615 1063 Cum
647 1000 838 1062 necessaria
871 1001 914 1062 sit
948 1001 1172 1083 regeneratio,
1206 995 1415 1063 manifestum
1449 1013 1512 1078 est,
1533 1006 1536 1065 ἒ
1554 996 1674 1082 plexae
1697 1009 1785 1076 sunt,
1805 999 1839 1060 in
1862 1001 1980 1084 quibus
2001 1003 2178 1065 verborum
2200 1002 2387 1086 proprietas
2404 1015 2436 1068 et
2450 1023 2532 1088 pon-

532 1094 678 1147 veterem
701 1095 851 1148 naturam
876 1104 964 1146 ream
988 1097 1020 1147 et
1038 1087 1234 1148 immundam
1258 1103 1346 1148 esse.
1532 1083 1634 1152 idcra
1657 1081 1831 1169 diligenter
1853 1086 2114 1150 considerentur.

617 1168 792 1232 Addantur
814 1182 846 1231 et
866 1168 1106 1250 Prophetarum
1129 1171 1235 1246 dicta,
1257 1166 1346 1232 Psal.
1368 1167 1422 1232 50.
1445 1173 1510 1246 [vs.
1532 1169 1535 1246 Ξ
1640 1167 1800 1252 Expende
1851 1188 1970 1248 uaeso,
1999 1191 2097 1256 quam
2126 1183 2202 1256 apte
2230 1184 2416 1257 congruant
2442 1173 2530 1240 lere·

531 1255 577 1334 7.]
598 1252 691 1318 Ecce
712 1255 747 1316 in
769 1254 991 1338 iniquitatibus
1015 1265 1194 1337 conceptus
1217 1275 1302 1331 sum,
1326 1265 1359 1318 et
1379 1255 1414 1317 in
1434 1275 1511 1339 pec·
1552 1253 1637 1316 miae
1660 1267 1692 1318 et
1709 1252 1804 1318 Pauli
1827 1191 1914 1318 dicta
1937 1255 2043 1332 [Rom.
2060 1257 2093 1334 8,
2112 1256 2171 1334 id:
2195 1256 2325 1322 Sensus
2348 1261 2460 1322 carnis
2483 1262 2530 1326 in·

531 1339 616 1404 catis
639 1340 792 1422 concepit
813 1358 866 1402 me
887 1350 992 1403 mater
1020 1359 1103 1403 mea.
1147 1336 1309 1423 Deplorat
1336 1341 1422 1404 enim
1443 1360 1512 1404 non
1551 1338 1685 1403 imicitia
1718 1349 1770 1402 est
1802 1339 1964 1404 adversus
1992 1341 2118 1415 Denm;
2152 1363 2227 1404 narn
2254 1341 2336 1426 Legi
2364 1341 2428 1406 Dei
2459 1366 2529 1408 non

530 1425 645 1489 matris
677 1435 863 1508 peccatum,
897 1423 959 1487 sed
991 1445 1097 1488 suurn.
1140 1423 1214 1510 Ego
1248 1427 1294 1488 ita
1327 1437 1510 1508 conceptus
1552 1423 1720 1501 subditur,
1753 1444 1816 1488 nec
1849 1436 1960 1506 potest
1993 1429 2098 1491 subdi.
2151 1425 2254 1491 Plana
2286 1441 2319 1490 et
2351 1431 2527 1513 perspicua

531 1528 616 1587 sum,
638 1518 675 1572 ut
697 1507 818 1584 statim,
841 1530 916 1571 cum
938 1506 1100 1574 lonnarer
1121 1510 1155 1573 in
1172 1529 1247 1574 mea
1267 1529 1391 1586 massa,
1414 1530 1454 1573 ac
1476 1509 1510 1574 in
1552 1510 1716 1572 sententia
1744 1520 1812 1584 est,
1839 1530 1923 1594 quae
1953 1508 2096 1576 affirmat
2124 1515 2156 1576 in
2184 1510 2316 1578 homine
2339 1533 2416 1578 esse
2436 1527 2470 1578 et
2492 1517 2526 1578 in

529 1613 582 1656 me
610 1593 740 1675 ipsos)
770 1591 867 1657 fuerit
899 1606 1094 1678 peccatum,
1127 1596 1160 1659 id
1199 1607 1269 1674 est,
1302 1615 1369 1658 non
1397 1607 1509 1658 reatus
1551 1590 1617 1656 hac
1650 1593 1782 1660 mortali
1810 1599 1878 1658 vita
1910 1615 2044 1659 manere
2078 1599 2231 1682 quiddam
2264 1596 2437 1682 negligens
2469 1613 2528 1664 aut

528 1687 666 1756 tantum,
688 1677 751 1740 sed
772 1698 900 1741 mecum
923 1698 1065 1743 nascens
1086 1680 1222 1744 aversio
1244 1678 1510 1764 aDeoetprava
1551 1674 1683 1762 fugiens
1693 1675 1802 1744 Deum
1825 1690 1858 1743 et
1878 1679 2029 1746 irascens
2051 1683 2093 1759 ei,
2116 1694 2149 1746 et
2170 1685 2259 1766 quod
2275 1684 2423 1750 vicissim
2433 1683 2528 1750 Deus

528 1759 708 1828 inclinatio.
751 1762 908 1827 Testatur
940 1784 1042 1850 ergo,
1074 1765 1107 1828 in
1128 1763 1315 1830 hominibus
1335 1776 1508 1848 peccatrnn
1551 1764 1733 1845 improbat,
1762 1784 1804 1827 nc
1831 1761 2013 1830 declaratio
2041 1769 2152 1831 addita
2180 1779 2242 1831 est.
2285 1768 2376 1833 llaec
2399 1769 2528 1836 infirm

530 1865 618 1927 esse,
642 1847 731 1935 quod
752 1859 930 1913 nascentes
952 1869 1066 1913 secum
1088 1849 1239 1914 afferunt.
1550 1857 1680 1927 natura,
1702 1849 1817 1932 inquit,
1839 1870 1908 1913 non
1928 1862 2039 1931 potest
2054 1854 2171 1916 subiici
2185 1850 2252 1938 legi
2262 1853 2338 1932 Dei,
2360 1875 2528 1939 nunquam

616 1931 700 1996 Gen.
716 1934 749 1998 8.
773 1940 835 2011 [vs.
852 1933 919 2012 214
946 1931 1113 2022 Cogitatio
1130 1933 1262 1999 humani
1285 1935 1398 1999 cordis
1420 1931 1508 1998 mala
1551 1932 1582 1998 ei
1604 1930 1778 2011 satisfacit,
1801 1954 1933 2016 semper
1949 1934 2084 2021 languet
2099 1940 2312 2018 dubitatione,
2335 1941 2527 2018 securitate,

530 2033 583 2088 est
608 2041 630 2084 a
650 2019 800 2104 pueritia.
844 2015 998 2082 Affirmat
1024 2039 1091 2083 non
1119 2031 1245 2084 tantum
1269 2019 1507 2084 consuetudine
1550 2013 1731 2082 diffidentia
1747 2031 1779 2082 et
1797 2019 1898 2084 variis
1913 2019 2050 2084 llammis
2066 2025 2289 2106 cupiditatrnn.
2319 2024 2407 2097 Quid
2416 2037 2528 2107 potest

529 2107 659 2170 accersi
687 2101 827 2182 delicta,
856 2103 918 2166 sed
939 2106 973 2166 in
995 2105 1068 2186 ipso
1093 2106 1194 2169 corde
1215 2105 1409 2187 pravitatem
1430 2124 1508 2168 esse
1549 2114 1658 2168 autem
1678 2103 1803 2168 tristius
1821 2105 1897 2186 dici,
1921 2125 2017 2188 quam
2035 2108 2067 2171 in
2085 2107 2216 2172 homine
2234 2129 2310 2174 esse
2328 2111 2528 2176 inimicitiam

528 2189 719 2253 haerentem
747 2189 781 2252 in
807 2191 918 2271 pueris
940 2189 1004 2252 iam
1026 2192 1250 2255 nascentibus.
1295 2189 1380 2254 Nam
1401 2190 1507 2255 verba
1548 2190 1711 2252 adversus
1731 2187 1861 2253 Deum?
1904 2187 1972 2254 Sed
2000 2187 2141 2268 banc⁵⁰t
2170 2193 2289 2277 sepelit
2310 2197 2343 2258 in
2366 2196 2527 2262 credenti·

529 2284 607 2339 sunt
627 2274 731 2354 nragis
753 2269 896 2338 illustria
918 2274 950 2336 in
963 2273 1130 2340 Hebraico
1150 2271 1308 2340 lectione:
1330 2273 1507 2358 Opificium
1549 2273 1611 2336 bus
1639 2271 1803 2339 hlediator
1829 2271 1992 2340 Dominus
2023 2289 2137 2343 noster
2165 2280 2257 2344 lesus
2288 2279 2457 2358 Christus,
2490 2291 2527 2346 ut

527 2357 661 2423 hnmani
683 2360 807 2438 cordis,
829 2380 890 2424 seu
900 2359 1039 2440 πλάσμα,
1061 2381 1123 2424 seu
1135 2356 1318 2437 fabricatio,
1341 2373 1392 2425 cst
1408 2355 1505 2442 mala,
1547 2377 1610 2421 suo
1627 2354 1704 2421 loco
1728 2359 1863 2423 dicetur.
1898 2359 1974 2425 Non
1987 2375 2097 2443 potest
2109 2366 2221 2429 verbis
2236 2363 2392 2450 explicari
2410 2363 2526 2449 ampli·

526 2441 561 2512 id
582 2455 646 2522 est,
667 2465 780 2510 massa
800 2446 874 2528 ipsa
897 2445 1009 2508 cordis
1031 2455 1188 2528 corrupta
1208 2456 1266 2510 aut
1281 2456 1372 2510 certe
1388 2463 1505 2510 omnes
1548 2443 1627 2507 tudo
1652 2444 1729 2508 dicti
1739 2441 1880 2509 Paulini.
1914 2443 1983 2509 Sed
2005 2449 2163 2533 cogitatio
2184 2453 2385 2529 immor-etun,
2406 2461 2440 2516 et
2461 2469 2524 2515 nos

527 2545 637 2600 motus
665 2550 725 2594 seu
752 2532 912 2613 impetus,
946 2550 1008 2593 sen
1036 2527 1128 2614 ὁρμαὶ
1153 2530 1186 2594 ἰιι
1215 2530 1317 2595 corde
1342 2543 1420 2595 sunt
1448 2549 1505 2596 res
1548 2529 1641 2613 ipsos
1664 2529 1860 2606 intueamur,
1881 2550 2106 2615 agnoscamus
2120 2535 2187 2598 etd
2229 2532 2376 2601 loremus
2388 2547 2526 2600 nostras

528 2617 648 2693 malae,
669 2616 703 2679 id
725 2626 788 2693 est,
809 2633 949 2679 aversae
970 2636 991 2678 a
1008 2612 1095 2678 Deo.
1548 2613 1668 2679 sordes
1691 2624 1723 2677 et
1745 2635 1943 2698 quaeramus
1965 2613 2182 2702 Evangelirun
2227 2621 2460 2686 ehlediatore.

615 2700 672 2765 Sic'
694 2696 890 2764 etPsalmus
914 2699 981 2777 [lh
992 2700 1037 2777 7.]
1059 2710 1199 2783 peccata
1211 2701 1389 2764 iuventutis
1405 2710 1506 2764 vocat
1633 2697 1730 2764 Nunc
1758 2698 1913 2764 conseras
1943 2701 2065 2766 dictum
2093 2702 2250 2770 leremiae
2273 2712 2282 2783 Ι
2287 2706 2340 2785 17,
2361 2705 2422 2785 al:
2446 2705 2526 2772 Per-

528 2797 634 2852 totam
651 2781 742 2847 illam
763 2782 897 2862 molem,
921 2805 1018 2870 qnam
1031 2786 1125 2869 pueri
1138 2796 1316 2849 nascentes
1326 2783 1504 2862 afferimus,
1547 2802 1683 2846 versum
1705 2794 1758 2848 cst
1779 2805 1839 2849 cor
1860 2783 2001 2850 bominis
2020 2791 2244 2872 superomnia
2261 2802 2294 2855 et
2310 2794 2469 2858 miserum
2491 2803 2526 2858 et

529 2869 704 2958 caliginem
730 2873 763 2935 in
784 2881 911 2947 mente,
940 2871 1151 2934 aversionem
1183 2890 1204 2932 a
1225 2868 1300 2933 Deo
1333 2870 1367 2932 in
1388 2867 1504 2935 volun·
1547 2865 1770 2932 inscrutabile.
1810 2867 1957 2934 Primum
1978 2875 2162 2937 nominatur
2179 2896 2382 2958 perversum,
2403 2878 2437 2942 id
2461 2886 2525 2954 eet,

528 2967 596 3020 tate
618 2969 652 3021 et
673 2957 913 3021 contumaciam
936 2956 1058 3020 cordis.
1547 2971 1704 3016 aversum
1724 2974 1746 3016 a
1768 2951 1855 3017 Deo.
1889 2953 1963 3017 lloc
1983 2976 2123 3039 prorsus
2146 2981 2222 3024 cum
2236 2961 2340 3026 Paulo
2359 2963 2525 3046 congruit,

614 3039 727 3126 ierem.
742 3041 791 3106 17.
806 3047 870 3118 [vs.
882 3039 926 3118 9.]
949 3038 1148 3104 Perversum
1170 3050 1222 3104 est
1243 3037 1421 3104 humanum
1443 3060 1505 3104 cor
1547 3040 1604 3122 qui
1631 3038 1693 3115 ait,
1726 3058 1786 3103 cor
1815 3057 1892 3103 esse
1925 3039 2088 3106 iuinricum
2120 3042 2208 3108 Deo.
2256 3046 2341 3112 Nam
2366 3066 2524 3112 aversum

528 3149 629 3214 super
657 3127 766 3190 omnia
794 3138 826 3190 ct
854 3127 1010 3189 miserum
1039 3137 1072 3188 et
1104 3122 1338 3203 inscrutabile,
1375 3124 1408 3187 id
1441 3135 1504 3201 est,
1547 3142 1636 3200 esse,
1659 3136 1711 3187 est
1733 3143 1801 3188 non
1823 3125 1895 3210 regi
1915 3120 1993 3189 luce
2014 3123 2093 3205 Dei,
2117 3131 2232 3193 vexari
2255 3131 2524 3209 dubitationibus,

528 3209 801 3278 aversnmaDeo
824 3221 856 3275 et
875 3207 1010 3295 plenum
1033 3207 1194 3288 dolorum,
1218 3209 1273 3293 qui
1295 3209 1372 3273 inde
1394 3211 1503 3274 oriun-
1547 3228 1614 3272 non
1636 3228 1825 3294 agnoscere
1845 3210 1926 3273 iram
1949 3222 1982 3273 et
2003 3213 2277 3294 misericordiam,
2308 3233 2374 3278 non
2395 3212 2522 3278 habere

527 3307 599 3373 tur,
639 3295 729 3380 quod
765 3293 928 3360 humanae
961 3307 1087 3360 mentes
1120 3297 1276 3381 ignorant
1311 3306 1342 3358 et
1374 3291 1410 3358 iu
1435 3296 1504 3360 'unt
1547 3295 1696 3358 timorem
1717 3291 1796 3373 Dei,
1826 3293 1978 3358 fiduciam
2001 3307 2034 3360 et
2055 3296 2281 3377 dilectionem,
2301 3319 2410 3364 arnare
2432 3319 2523 3376 sese,

526 3377 652 3456 Deum3
673 3403 759 3466 qnae
776 3379 865 3446 mala
881 3393 1004 3466 quanta
1022 3383 1100 3458 sint,
1122 3400 1219 3444 nemo
1238 3381 1321 3444 satis
1338 3316 1504 3466 inteffigit.
1548 3376 1708 3443 delectari
1728 3390 1762 3442 et
1785 3377 1954 3444 confidere
1975 3393 2092 3446 nostro
2110 3385 2281 3466 sapientia,
2305 3384 2430 3471 fingere
2452 3385 2523 3468 opi·

613 3464 706 3530 Haec
731 3467 819 3531 dicta
842 3468 1031 3544 ostendunt,
1055 3485 1242 3552 congruere
1263 3464 1504 3549 Prophetarum
1547 3465 1666 3528 niones
1688 3463 1730 3528 de
1751 3462 1826 3529 Deo
1849 3476 1881 3528 et
1901 3463 2027 3530 habere
2048 3467 2188 3552 impetus
2212 3491 2337 3556 vagos,
2366 3472 2521 3534 aberran-

527 3562 561 3616 et
581 3549 822 3636 Apostolorum
845 3551 943 3616 dicta.
979 3551 1047 3616 Sed
1068 3553 1215 3617 brevitas
1236 3553 1335 3636 quasi
1354 3561 1504 3634 praeter·
1548 3560 1600 3613 tes
1623 3569 1644 3612 a
1660 3546 1753 3633 Lege
1773 3548 1853 3626 Dei,
1876 3551 2101 3631 ambitionem,
2125 3555 2336 3639 cupiditatem
2358 3555 2523 3620 vindictae

526 3635 619 3701 volat
641 3656 739 3701 aures
762 3636 945 3714 hominum,
967 3639 1164 3721 praesertim
1187 3658 1262 3700 cum
1284 3636 1317 3700 in
1337 3635 1404 3702 hac
1427 3631 1504 3700 cali-
1549 3645 1582 3699 et
1610 3631 1694 3698 alias
1723 3631 1885 3700 flammas.
1935 3633 2065 3701 Deinde
2098 3638 2284 3704 defectuum
2310 3659 2439 3723 poenae
2467 3639 2523 3704 dc·

526 3725 603 3812 gine
628 3735 746 3788 nostra
771 3734 805 3787 et
825 3724 1005 3788 securitate
1027 3743 1094 3787 non
1118 3723 1287 3788 videamus
1309 3721 1505 3806 magnitudi·
1549 3719 1750 3796 scribuntur,
1773 3740 1848 3784 cum
1868 3721 1928 3783 ait:
1950 3719 2109 3788 Miserum
2132 3744 2192 3788 seu
2208 3722 2342 3808 plenum
2359 3721 2522 3790 dolorum.

526 3829 601 3874 nem
622 3822 759 3875 nostrae
780 3809 948 3886 miseriae,
970 3806 1119 3870 homines
1131 3806 1240 3882 otiosi,
1262 3807 1343 3870 ebrii
1356 3804 1505 3888 volupta·
1549 3801 1618 3888 Cor
1638 3800 1814 3886 spoliatum
1835 3802 1910 3868 luce
1933 3815 1967 3869 et
1992 3806 2220 3873 consolatione
2242 3810 2308 3884 Dei
2330 3809 2523 3894 opprimitur

526 3895 615 3961 tibus
637 3908 695 3960 aut
722 3892 800 3959 elati
829 3892 948 3981 gloria,
977 3889 1093 3956 leviter
1125 3901 1242 3956 curant
1270 3890 1352 3954 iram
1377 3889 1442 3955 Dei
1472 3899 1505 3953 et
1549 3886 1732 3967 doloribus,
1763 3889 2012 3972 desperatione,
2034 3895 2200 3958 moestitia
2221 3907 2367 3959 aeterna.
2411 3893 2447 3956 ln
2468 3893 2522 3958 his

526 3981 590 4044 sibi
612 3981 675 4062 ipsi
697 3976 903 4043 blandientes
927 3988 1105 4040 extenuant
1125 3975 1211 4040 haec
1243 3971 1348 4052 mala,
1376 3976 1505 4039 dubita·
1549 3974 1664 4059 poenis
1692 3971 1849 4058 implicita
1875 3987 1954 4040 sunt
1980 3974 2085 4041 multa
2105 3976 2273 4043 horribilia
2301 3991 2458 4063 peccata,
2491 3991 2524 4044 et

525 4060 1505 4148 tionesdeDeo,neglectionemDei,fiduciamsuaesapicn·
1548 4071 1675 4124 tantum
1697 4071 1748 4122 est
1770 4057 1858 4138 mali,
1879 4073 1916 4124 ut
1936 4083 1956 4124 a
1979 4063 2074 4125 nobis
2096 4076 2153 4127 aut
2174 4062 2247 4128 aliis
2270 4067 2431 4128 creaturis
2455 4083 2523 4127 non

525 4151 589 4216 tiae
617 4170 657 4214 ac
685 4149 869 4235 potentiae,
902 4167 942 4212 su
966 4147 1107 4225 erbiam,
1134 4146 1344 4210 ambitionem
1366 4157 1400 4208 et
1421 4142 1505 4209 alias
1548 4147 1629 4209 satis
1652 4141 1790 4229 intelligi
1810 4145 2001 4229 magnitudo
2023 4149 2140 4228 possit.

526 4235 677 4300 ilanunas
693 4233 915 4318 cupiditatum.
943 4169 1023 4296 ldeo
1041 4229 1105 4296 bae
1123 4234 1244 4298 breves
1257 4230 1437 4294 conciones
1448 4251 1506 4313 pa·
1633 4228 1759 4294 Eadem
1777 4241 1829 4294 est
1845 4231 2007 4295 sententia
2025 4232 2102 4294 dicti
2117 4232 2186 4310 [Ps.
2199 4232 2272 4311 115,
2279 4233 2343 4312 21:
2365 4232 2439 4318 Ego
2453 4232 2523 4296 dixi

526 4343 598 4386 rum
609 4332 744 4386 movent
754 4319 896 4398 animos,
907 4337 993 4422 quae
1004 4329 1114 4382 tamen
1121 4317 1312 4383 universam
1321 4318 1505 4380 doctrinam
1548 4319 1581 4380 in
1598 4335 1740 4379 excessu
1752 4333 1838 4392 meo,
1858 4314 1969 4392 idest,
1987 4315 2019 4377 in
2037 4319 2302 4382 consternatione
2321 4336 2379 4381 seu
2397 4337 2525 4401 pavore

526 4405 714 4492 depeccato
727 4415 760 4468 et
771 4407 813 4469 de
825 4423 956 4470 caussrs
966 4401 1182 4468 humanarum
1194 4399 1417 4466 calamitatum
1427 4421 1505 4465 con·
1547 4421 1633 4479 meo,
1646 4401 1759 4464 Omnis
1771 4397 1869 4463 homo
1881 4400 2023 4462 mendax
2034 4412 2097 4479 est,
2110 4405 2156 4486 ⁵¹)
2173 4404 2279 4481 idest,
2300 4423 2374 4466 cum
2388 4403 2525 4466 territus

527 4493 641 4556 tinent.
669 4490 754 4554 Nam
777 4502 873 4555 vetus
896 4489 1037 4553 docendi
1060 4487 1266 4552 consuetudo
1288 4483 1359 4572 fuit,
1382 4485 1504 4552 talibus
1549 4507 1622 4551 sum
1643 4485 1810 4570 agnitione
1833 4505 1978 4548 mearum
2001 4487 2147 4551 sordium
2167 4502 2199 4553 et
2216 4491 2283 4551 irae
2301 4487 2377 4565 Dei,
2399 4488 2525 4572 agnovi

526 4577 685 4644 brevibus
714 4575 888 4641 sententiis
914 4587 1072 4659 tanquam
1100 4575 1229 4659 gnomis
1260 4570 1429 4636 includere
1457 4575 1505 4635 in·
1549 4591 1663 4636 omnes
1686 4569 1835 4634 homiues
1858 4588 1935 4632 esse
1957 4571 2150 4651 mendaces,
2183 4575 2218 4637 id
2239 4586 2306 4650 est,
2340 4593 2407 4636 nou
2430 4585 2526 4636 recte

527 4665 642 4750 signes
664 4659 826 4728 articulos
847 4659 1029 4738 doctrinae,
1047 4678 1131 4744 quas
1153 4656 1308 4722 Ecclesia
1329 4659 1362 4721 in
1375 4659 1424 4742 ⁴⁹)
1447 4659 1505 4720 mi·
1549 4658 1590 4721 de
1610 4656 1686 4720 Deo
1709 4656 1848 4732 sentire,
1882 4654 2032 4719 dubitare
2062 4657 2103 4721 de
2124 4656 2216 4736 Deo,
2249 4678 2312 4722 nec
2335 4658 2417 4722 iram
2440 4659 2525 4722 satis

526 4749 662 4814 nisterio
686 4746 857 4834 Evangelii
887 4743 1045 4810 evolvere
1074 4755 1108 4808 et
1129 4741 1297 4827 explicare
1327 4743 1441 4821 debet,
1469 4753 1506 4806 ut
1548 4755 1706 4820 metuere,
1728 4760 1790 4805 nec
1812 4739 1894 4805 satis
1917 4739 2084 4806 confidere
2105 4744 2362 4808 misericordiae.

529 4831 641 4918 aliquo
662 4835 760 4899 modo
783 4832 937 4898 ostendat
952 4828 1197 4914 amplitudinem
1219 4848 1341 4905 rerum,
1363 4848 1449 4913 quae
1472 4827 1505 4891 in
1633 4825 1799 4892 Recensui
1838 4825 2025 4890 testimonia
2063 4839 2097 4891 et
2130 4830 2250 4893 breves
2284 4826 2526 4911 explicationes

529 4920 577 4984 cis
590 4919 808 4983 continentur.
843 4917 935 4984 Sicut
948 4917 1050 4980 breve
1061 4915 1182 4979 dictum
1195 4925 1247 4977 est
1265 4912 1359 4992 [Gen.
1375 4913 1407 4993 3,
1421 4912 1504 4992 15.]:
1549 4915 1659 4999 attigi,
1692 4923 1727 4977 ut
1756 4907 2071 4976 commonefacerem
2095 4911 2271 4991 lectorem,
2302 4933 2344 4977 ne
2369 4910 2457 4977 eludi
2482 4934 2526 4976 ea

528 5001 649 5070 Semen
675 4999 820 5068 mulieris
851 4999 1062 5068 conculcabit
1091 5009 1191 5082 caput
1218 5000 1391 5082 serpentis.
1436 4996 1506 5063 Sed
1547 5010 1683 5084 propter
1705 4997 1900 5062 brevitatem
1922 4997 2018 5077 sinat,
2041 4999 2101 5064 sed
2124 4999 2262 5062 retineat
2284 4996 2466 5080 simplicem
2489 5010 2526 5062 et

528 5085 725 5154 Ecclesiae
770 5085 877 5152 licens
898 5087 990 5152 videt
1011 5082 1120 5170 aliquo
1142 5086 1260 5163 modo,
1286 5096 1428 5168 quantas
1450 5103 1505 5148 res
1548 5089 1691 5150 nativam
1720 5084 1914 5146 sententiam
1935 5084 2099 5149 adversus
2121 5080 2323 5167 Pelagianos
2346 5095 2378 5147 et
2398 5080 2526 5147 multos

529 5173 706 5238 contineat.
754 5183 788 5236 ta
810 5183 843 5236 et
864 5173 905 5264 de
925 5169 991 5237 hoc
1012 5168 1164 5249 articulo,
1187 5171 1228 5234 de
1248 5180 1391 5252 peccato
1409 5179 1442 5232 et
1463 5169 1505 5234 de
1549 5167 1633 5234 alios
1655 5166 1749 5233 leves
1772 5168 1914 5251 spiritus.
1943 5165 2115 5255 Pelagiani
2132 5169 2321 5232 universam
2339 5169 2525 5233 doctrinam

528 5362 576 5426 re)
594 5374 625 5413 ιι
642 5363 668 5414 ιιι
686 5372 728 5413 ιιι
748 5359 905 5424 nsotrae
923 5361 947 5411 r.
966 5337 992 5411 ι’.
1011 5361 1035 5411 r.
1051 5361 1077 5411 o.
1099 5361 1138 5411 n.
1155 5371 1187 5411 ιι
1202 5351 1251 5410 ιιι·
1262 5359 1318 5420 nso

529 5465 576 5524 ιθ)
592 5463 618 5516 n
635 5463 714 5516 acen
730 5463 767 5516 ac
783 5462 855 5515 nrm
873 5463 898 5512 o.
919 5462 959 5512 ro.
981 5462 1020 5513 ιι.
1040 5463 1072 5513 n
1090 5487 1124 5496 -
1142 5461 1199 5522 aa,
1218 5460 1294 5523 corp.
1310 5461 1322 5512 ι
1341 5485 1374 5496 -
1393 5460 1426 5520 a,
1442 5458 1504 5522 opp.
1525 5465 1529 5506 ι
1548 5424 1595 5488 ⁵⁰)
1613 5423 1688 5489 Ιιιιιῧ1
1708 5423 1783 5476 nnn.
1802 5427 1842 5476 ²2
1860 5425 1901 5476 ²4
1919 5424 1968 5488 ²⁸.
1986 5423 2046 5486 θυι.
2067 5423 2088 5474 ¹·
2106 5424 2130 5475 t·
2149 5423 2214 5476 haec

598 5531 623 5583 ¹·
641 5533 666 5584 ²·
1525 5515 2034 5590 intermanentes.
2052 5523 2145 5576 ι-ιι.
