5859 6734
522 687 588 754 375
1154 676 1267 742 PlllL.
1289 677 1393 742 MEL-
1411 677 1599 746 SGRlP'l'A
1615 679 1891 748 DOGMATICA.
2457 684 2524 752 676

526 876 612 962 ginis
638 882 716 934 sunt
742 887 833 930 mors
862 864 1012 947 corporis
1035 874 1069 928 et
1090 861 1177 927 aliae
1197 864 1351 948 ingentes
1373 862 1504 929 calami·
1525 884 1527 890 ·
1547 878 1692 932 naturae.
1737 866 1809 930 Etsi
1836 868 1921 930 euim
1946 878 2024 948 post
2046 863 2176 949 lapsum
2198 866 2292 930 Adae
2315 872 2424 954 coepit
2447 889 2524 936 esse

526 971 623 1032 tates,
645 973 731 1040 quae
754 973 794 1014 ex
815 949 959 1014 humana
974 949 1162 1034 ignorantia
1181 959 1214 1010 et
1231 949 1374 1012 omnium
1388 949 1505 1012 virium
1525 1001 1528 1030 ,
1547 952 1738 1029 obscurior,
1770 963 1803 1014 et
1829 953 1981 1015 assensio
2012 953 2224 1014 conturbatur
2250 952 2521 1032 dubitationibus,

526 1039 705 1128 fragilitate
728 1038 892 1109 oriuntur3
919 1036 997 1097 item
1016 1034 1065 1096 ira
1076 1031 1140 1095 Dei
1161 1044 1194 1096 et
1215 1044 1351 1097 aeterna
1373 1034 1506 1098 damna·
1524 1033 1528 1116 j
1546 1048 1656 1100 tamen
1678 1047 1834 1119 quantum
1847 1036 1918 1099 eius
1935 1034 2019 1100 lucis
2035 1033 2195 1119 reliquum
2212 1049 2275 1112 est,
2299 1057 2354 1100 res
2366 1040 2456 1104 bona
2469 1053 2521 1104 ost

528 1129 584 1190 tio.
629 1124 723 1188 Sicut
752 1119 875 1185 Paulus
904 1120 1008 1203 inquit
1041 1117 1179 1199 [Ephes.
1207 1118 1240 1193 2,
1265 1117 1329 1197 3.]=
1362 1115 1504 1183 Eramus
1546 1131 1579 1184 et
1601 1119 1666 1184 Dei
1688 1140 1783 1204 opus.
1827 1119 1928 1183 Artes
1951 1121 2050 1204 igitur
2073 1135 2105 1184 et
2127 1117 2221 1204 leges
2245 1140 2344 1184 verae
2366 1123 2443 1186 inde
2464 1144 2522 1188 ex·

527 1221 645 1273 natura
661 1207 719 1271 lilii
740 1208 819 1270 irae.
864 1204 946 1268 ltem
973 1203 1123 1287 tyrannis
1145 1198 1298 1279 Diaboli,
1326 1203 1382 1287 qui
1402 1205 1504 1267 imbe-
1545 1216 1673 1269 tractae
1696 1224 1750 1268 res
1776 1207 1884 1268 bonae
1907 1217 1994 1267 sunt.
2037 1205 2083 1268 At
2107 1205 2234 1267 interim
2256 1207 2419 1270 accedunt
2441 1206 2521 1272 mul·

528 1291 622 1358 eilles
635 1305 771 1357 naturas
783 1287 985 1354 horribiliter
999 1284 1146 1370 impellit,
1170 1297 1207 1351 ut
1222 1284 1348 1350 exaliis
1360 1285 1455 1350 mulis
1470 1289 1504 1351 in
1546 1301 1600 1354 tae
1622 1291 1853 1365 dubitationes,
1875 1309 1917 1351 an
1940 1288 2033 1352 Deus
2056 1300 2148 1353 curet
2170 1308 2243 1366 uos,
2266 1311 2308 1353 an
2353 1293 2455 1369 uniat,
2477 1313 2521 1356 an

528 1377 593 1442 ulia
613 1390 721 1452 ruant,
743 1387 778 1439 ut
793 1375 939 1455 Oedipus
956 1376 1090 1457 ignarus
1113 1372 1151 1434 fit
1171 1367 1366 1436 interfector
1387 1373 1505 1455 patris,
1545 1375 1711 1452 exaudiat,
1734 1394 1776 1436 an
1800 1371 1877 1436 velit
1890 1370 2050 1456 opitulari,
2071 1374 2307 1455 reciperenos,
2330 1313 2410 1438 lare
2421 1378 2520 1440 nobis

528 1475 646 1548 postea
674 1465 809 1546 ignarus
844 1460 934 1523 ducit
965 1468 1102 1521 matrem
1134 1476 1290 1530 uxorem3
1325 1454 1403 1521 hinc
1436 1459 1504 1522 nati
1545 1469 1713 1524 aeternam
1742 1455 1879 1542 gloriam
1907 1470 1969 1519 etc.
2015 1457 2085 1520 Hae
2113 1459 2335 1521 dubitationes
2362 1471 2437 1524 sunt
2456 1480 2519 1543 per

528 1546 586 1612 lilii
613 1550 655 1613 de
685 1565 788 1631 regno
817 1544 972 1607 dimicant
993 1553 1025 1604 et
1047 1543 1167 1606 mutuis
1191 1537 1383 1605 vulneribus
1406 1543 1504 1606 inter·
1546 1564 1585 1608 se
1606 1545 1755 1620 vitiosae,
1778 1543 1855 1626 quia
1872 1555 1949 1606 sunt
1964 1539 2051 1604 mala
2067 1542 2246 1626 pugnantia
2258 1564 2330 1607 curn
2342 1543 2430 1628 Lege
2440 1543 2518 1608 Dei.

529 1633 700 1704 ficiuntur3
728 1641 823 1712 pater·
836 1627 967 1692 effossis
983 1625 1087 1691 oculis
1098 1624 1231 1710 pellitur·
1244 1629 1327 1690 urbe
1340 1638 1374 1690 et
1385 1638 1505 1709 postea
1632 1629 1689 1693 Sic
1711 1624 1859 1709 duplices
1883 1637 1959 1691 sunt
1980 1625 2137 1690 affectusz
2158 1623 2222 1689 Alii
2247 1628 2455 1710 praeceptiL
2500 1649 2520 1693 e

529 1718 727 1782 absorbetur
740 1714 959 1779 hiatuterrae.
991 1711 1072 1776 Tam
1088 1723 1175 1776 tetra
1195 1711 1349 1775 accidunt
1370 1709 1504 1789 homini,
1544 1713 1627 1793 Dei,
1656 1724 1694 1777 ut
1715 1733 1807 1776 arnor
1829 1709 1971 1789 sobolis,
2005 1711 2198 1796 coniugum,
2232 1725 2424 1793 parentum:
2497 1716 2520 1777 ii

529 1823 604 1868 etrrn
625 1822 692 1865 non
715 1796 899 1863 defenditur
918 1799 1080 1860 adversus
1093 1807 1304 1881 grassantem
1313 1793 1503 1861 Diabolum.
1546 1798 1698 1881 prohibiti
1710 1796 1801 1881 Lege
1819 1794 1893 1873 Dei,
1915 1807 1951 1859 ut
1974 1807 2179 1879 contemptus
2195 1794 2269 1873 Dei,
2292 1793 2440 1860 fremitus
2464 1799 2521 1862 ad·

452 1877 459 1892 ’
529 1887 601 1952 Νθθ
623 1888 795 1969 quisquam
818 1893 870 1946 est
894 1883 1077 1960 bominum,
1110 1883 1257 1965 quinon
1286 1879 1428 1966 aliquem
1456 1883 1504 1945 in·
1547 1903 1665 1949 versus
1687 1880 1807 1957 Deum,
1829 1881 1960 1958 invidia,
1982 1901 2092 1943 amare
2115 1880 2287 1965 coniugem
2308 1878 2455 1947 alterius.

530 1974 659 2056 signem
692 1981 725 2032 et
757 1970 863 2032 dirum
893 1988 1039 2032 morsum
1072 1962 1208 2029 Diaboli
1240 1968 1380 2045 sentiat,
1416 1967 1504 2031 unde
1630 1966 1704 2031 Etsi
1731 1979 1840 2030 autem
1868 1968 1900 2028 in
1927 1965 1990 2029 hac
2018 1967 2230 2048 corruptione
2259 1979 2396 2030 naturae
2423 1969 2521 2032 etiam

531 2056 693 2120 discenda
718 2065 770 2117 est
797 2053 883 2116 haec
913 2051 1093 2116 sententia:
1124 2051 1271 2136 Serpens
1296 2051 1505 2116 insidiabitur
1546 2052 1684 2117 affectus
1710 2052 1878 2134 praecepti
1899 2050 1990 2134 Lege
2012 2049 2077 2113 Dei
2100 2053 2362 2114 contaminantur
2385 2063 2418 2114 θῖ
2439 2051 2522 2116 fiunt

529 2139 688 2206 calcaneo
711 2140 792 2202 eius.
826 2137 893 2202 Sed
915 2155 1031 2201 rursus
1052 2136 1218 2201 discamus
1240 2137 1504 2218 promissionem,
1589 2159 1606 2202 r
1634 2137 1791 2202 accidens
1820 2136 1945 2213 vitiosi,
1978 2135 2142 2218 quianon
2164 2155 2200 2198 re
2258 2149 2322 2199 rtur
2347 2133 2522 2200 dilectione

529 2223 665 2290 Gonteri
677 2235 776 2308 caput
786 2221 1135 2306 serpentisaDomiuo
1146 2231 1261 2284 nostro
1273 2220 1349 2284 lesu
1360 2219 1502 2285 Christo.
1545 2158 1620 2301 lieei,
1642 2223 1728 2287 sicut
1748 2240 1851 2304 saepe
1872 2233 2007 2303 propter
2025 2218 2185 2284 liberosd
2219 2221 2356 2304 ‘nquunt
2370 2219 2522 2285 homines

615 2307 699 2374 Sunt
719 2310 899 2390 poenae³⁸)
920 2306 1015 2389 primi
1032 2304 1149 2388 lapsus
1164 2303 1334 2389 multiplex
1348 2307 1504 2391 ignoran·
1545 2304 1838 2382 adversusDeurn,
1860 2316 1968 2369 tamen
1991 2309 2064 2386 ipsa
2085 2309 2280 2387 φιλοστοργία
2303 2327 2324 2368 a
2338 2304 2412 2370 Deo
2431 2327 2522 2369 man·

530 2395 575 2456 tia
595 2393 738 2457 lrumana
760 2404 793 2455 et
814 2392 898 2454 haec
917 2392 1123 2455 contumacia
1141 2391 1385 2475 appetitionum,
1407 2411 1504 2476 quam
1546 2395 1624 2458 data
1646 2403 1708 2467 est,
1731 2402 1765 2456 et
1784 2409 1917 2454 manere
1937 2391 1971 2453 in
1995 2392 2117 2452 renatis
2139 2403 2172 2452 et
2193 2392 2305 2471 purior
2322 2390 2392 2454 fieti
2412 2392 2521 2454 debet.

529 2489 653 2542 vocant
674 2477 983 2560 concupiscentiam.
1027 2473 1096 2539 Sed
1117 2474 1203 2540 haec
1225 2473 1321 2540 simul
1342 2485 1376 2540 et
1395 2494 1506 2559 poena
1545 2475 1715 2543 Abraham
1736 2477 1892 2539 ardenter
1913 2489 2000 2540 amat
2022 2472 2108 2538 filios
2130 2473 2251 2538 ismael
2273 2489 2305 2538 et
2328 2475 2436 2552 Isaac,
2460 2476 2521 2539 sed

529 2574 584 2627 est
603 2563 699 2644 primi
718 2560 835 2644 lapsus
860 2571 893 2624 θῖ
914 2561 947 2624 in
969 2561 1183 2624 nascentibus
1199 2571 1370 2642 peccatum
1385 2560 1504 2642 ipsum,
1546 2574 1655 2628 tamen
1676 2559 1816 2626 antefert
1837 2561 2023 2625 mandatum
2045 2558 2119 2623 Dei.

529 2647 564 2712 id
591 2658 660 2725 est,
688 2647 844 2729 quiddam
872 2664 965 2708 reum
993 2655 1026 2708 et
1054 2646 1241 2710 damnatum
1261 2665 1283 2708 a
1302 2644 1389 2709 Deo.
1433 2645 1505 2710 Nec
1630 2648 1708 2711 Non
1730 2649 1740 2710 i
1766 2648 1830 2710 itur
1846 2646 2085 2731 inraginarrdrun
2104 2656 2166 2722 est,
2189 2663 2229 2708 ex
2251 2643 2382 2709 homine
2404 2665 2521 2712 omnes

528 2743 620 2795 recte
656 2730 743 2794 banc
782 2729 1026 2795 inclinationem
1083 2750 1212 2807 ravam,
1252 2749 1350 2813 quam
1383 2741 1506 2794 vocant
1547 2734 1686 2798 affectus
1714 2668 1881 2795 tollendos
1903 2741 1959 2795 aut
1981 2749 2096 2794 omnes
2120 2730 2236 2794 eodem
2260 2732 2359 2794 modo
2387 2732 2522 2796 damna·

528 2814 692 2892 fomitem,
723 2825 850 2880 tantum
876 2832 1014 2896 poenam
1041 2751 1198 2878 blonachi
1230 2833 1308 2878 esse
1340 2815 1504 2879 dixerunt.
1546 2830 1598 2881 tos
1621 2836 1715 2895 esse,
1737 2826 1773 2879 ut
1794 2814 1926 2881 lunatici
1942 2815 2181 2898 Anabaptistae
2203 2817 2351 2879 iactitant
2373 2815 2522 2882 Stoicam

529 2901 621 2964 llaec
653 2901 804 2965 recitatio
838 2916 1032 2962 caussarum
1064 2909 1097 2961 et
1129 2897 1303 2963 effectuum
1334 2900 1504 2963 studiosos
1547 2902 1708 2966 ἀπάθειαν.
1743 2901 1811 2963 lmo
1833 2898 1925 2962 nulla
1948 2912 1999 2963 est
2021 2900 2088 2962 vita
2111 2901 2182 2962 sine
2204 2911 2305 2977 motu,
2327 2900 2400 2963 sine
2420 2921 2521 2986 appe-

529 2985 712 3062 arliuvabit,
740 2995 775 3048 ut
797 2986 870 3048 sine
891 2981 1106 3067 perplexitate
1128 2984 1311 3048 doctrinam
1331 2982 1504 3048 Ecclesiae
1547 2989 1676 3063 titione,
1703 2987 1775 3049 sine
1796 2983 1960 3068 aliquibus
1981 2984 2171 3062 affectibus,
2195 2996 2228 3048 et
2249 2983 2321 3048 Lex
2340 2984 2521 3072 Deiprae·

529 3071 572 3134 de
591 3082 729 3155 peccato
752 3069 889 3154 originis
911 3065 1104 3154 intelligant.
1546 3074 1626 3157 cipit
1653 3072 1695 3135 de
1723 3069 1912 3134 affectibus:
1944 3067 2075 3154 Diliges
2095 3067 2272 3136 Dominum
2293 3069 2401 3134 Deunr
2429 3079 2522 3135 tuum

613 3155 711 3220 Nunc
748 3154 975 3220 admonendus
1010 3162 1063 3218 est
1093 3151 1201 3218 lector
1232 3153 1275 3218 de
1329 3155 1503 3218 uibusdam
1546 3178 1587 3222 err
1604 3167 1674 3221 toto
1693 3155 1794 3218 corde
1812 3165 1876 3220 etc.
1909 3151 2042 3240 Diligas
2060 3155 2243 3237 proximum
2259 3156 2343 3218 sicut
2355 3153 2521 3238 teipsum.

530 3243 640 3306 dictis:
673 3237 763 3304 Nibil
794 3250 847 3303 est
876 3249 1068 3321 peccatum,
1102 3238 1166 3301 nisi
1197 3240 1242 3302 sit
1271 3175 1501 3304 voluntarium·
1544 3242 1586 3307 Et
1599 3241 1695 3307 Rom.
1710 3240 1740 3304 l.
1763 3245 1824 3319 [vs.
1839 3238 1904 3318 3l.]
1928 3241 2012 3304 inter
2029 3241 2155 3304 atrocia
2174 3240 2306 3303 crimina
2321 3251 2522 3304 recensetur

530 3326 624 3392 llaec
655 3326 820 3390 sententia
858 3326 900 3387 de
939 3321 1090 3388 civilibus
1122 3319 1252 3388 delictis
1284 3324 1409 3388 tradita
1439 3335 1502 3387 est.
1546 3326 1698 3476 doroqpta.

528 3411 614 3476 Nam
644 3411 764 3475 iudicio
797 3405 923 3472 forensi
954 3409 1132 3491 puniuntur
1159 3419 1285 3474 tanturn
1317 3405 1504 3475 voluntaria
1657 3412 1786 3476 uissent
1805 3412 1903 3496 igitur
1925 3413 1958 3476 in
1977 3423 2093 3474 natura
2117 3413 2245 3496 integra
2265 3409 2422 3488 affectus,
2457 3415 2520 3476 sed

529 3493 665 3574 delicta,
690 3505 728 3559 ut
753 3491 888 3557 fortuita
916 3492 1037 3557 caedes
1059 3513 1124 3560 non
1144 3496 1277 3577 punitur
1297 3514 1317 3557 a
1338 3504 1501 3576 praetore.
1546 3498 1686 3561 ordinati
1697 3508 1731 3562 et
1742 3496 1826 3580 puri,
1845 3515 1938 3560 amor
1950 3495 2026 3574 Dei,
2048 3511 2230 3579 parentum,
2253 3495 2389 3574 sobolis,
2407 3500 2520 3562 couiu·

527 3579 597 3646 Sed
623 3599 693 3646 nou
717 3574 982 3644 transferendum
1009 3591 1061 3643 est
1087 3578 1154 3642 hoc
1175 3579 1296 3644 dictum
1318 3578 1359 3642 ad
1383 3580 1502 3643 doctri·
1545 3603 1634 3666 gum,
1656 3579 1794 3646 fratrum
1811 3593 1843 3644 et
1867 3578 2004 3644 aliorum
2022 3579 2205 3656 hominum,
2228 3580 2352 3646 laetitia
2372 3585 2404 3645 in
2427 3583 2519 3684 agni-

528 3685 606 3730 nam
625 3662 799 3751 Evangelii
822 3663 863 3728 dc
884 3675 1025 3747 peceato
1049 3675 1082 3727 et
1103 3663 1146 3726 ad
1168 3664 1320 3728 iudicium
1340 3663 1415 3729 Dei.
1544 3669 1634 3731 tione
1644 3665 1708 3730 Dei
1729 3678 1763 3730 et
1785 3686 1847 3730 suo
1871 3667 1986 3730 ordine
2007 3667 2041 3729 in
2063 3685 2127 3730 usu
2149 3677 2386 3744 creaturarum,
2409 3667 2519 3731 odrum

614 3749 821 3836 Augustinus
843 3762 961 3833 argute
983 3750 1098 3832 inquit,
1120 3760 1153 3812 et
1174 3759 1347 3832 peccatum
1363 3751 1412 3812 o'
1438 3750 1501 3812 ‘uis
1544 3753 1708 3818 adversus
1730 3748 1924 3826 Diabolum,
1954 3763 1987 3814 et
2008 3751 2069 3815 erit
2089 3754 2122 3816 in
2150 3752 2217 3814 vita
2238 3764 2373 3815 aeterna
2394 3751 2519 3816 laetitia

529 3831 748 3900 voluntarium
770 3853 863 3908 esse,
896 3835 974 3917 quia
994 3853 1035 3896 eo
1060 3830 1272 3898 delectamur.
1322 3833 1391 3897 Sed
1463 3853 1502 3898 ec
1544 3839 1661 3920 ingens
1684 3837 1717 3898 in
1734 3836 1880 3900 contuitu
1897 3835 1972 3912 Dei,
1995 3847 2026 3899 et
2048 3856 2141 3899 amor·
2155 3835 2219 3900 Dei
2231 3848 2263 3899 et
2275 3839 2419 3901 omnium
2442 3856 2517 3900 coe·

529 3920 755 4001 interpretatio
785 3941 822 3982 ur
870 3929 904 3981 ta
930 3914 1063 4001 longius
1084 3919 1210 3982 recedit
1231 3919 1274 3980 ab
1296 3915 1353 3982 illa
1373 3929 1503 4002 praeto-
1544 3918 1686 3986 lestium.
1731 3919 1779 3982 lta
1805 3916 1937 3984 fuenmt
1963 3922 1997 3985 in
2019 3919 2152 3984 Christo
2182 3923 2250 3984 veri
2270 3920 2427 3997 affectus,
2455 3921 2516 3983 sed

530 4005 579 4066 ria
599 4003 772 4067 sententia.
849 4003 993 4066 exterius
1020 4013 1166 4066 estnon
1186 4002 1327 4066 miscere
1347 4004 1502 4085 intempe·
1545 4005 1686 4070 ordinati
1709 4015 1741 4069 et
1762 4005 1846 4087 puri,
1867 4026 1961 4069 amor
1981 4003 2058 4081 Dei,
2081 4024 2174 4069 amor
2191 4008 2315 4082 nratriS,
2339 4004 2517 4089 discipulo·

528 4088 614 4154 stive
636 4085 788 4172 politicas
810 4087 991 4150 sententias
1017 4098 1049 4151 et
1070 4084 1296 4172 Evangelium.
1342 4085 1431 4152 Satis
1450 4099 1503 4152 est
1544 4111 1634 4168 rum,
1661 4090 1858 4169 anticorum,
1885 4089 2025 4168 laetitia,
2055 4090 2169 4166 dolor,
2197 4093 2264 4167 ira,
2293 4103 2328 4154 ut
2356 4089 2459 4154 blare.
2482 4089 2516 4152 3.

529 4175 540 4238 i
565 4174 628 4237 ‘tur
655 4171 719 4236 hoc
748 4172 967 4255 respondere,
1002 4171 1197 4236 sententiam
1225 4169 1315 4236 illam
1341 4169 1433 4256 loqui
1461 4173 1503 4235 de
1546 4181 1612 4255 [vs'.
1630 4174 1676 4253 5.]
1700 4175 1834 4238 dicitur:
1857 4175 2098 4257 Circurnspexit
2120 4178 2243 4249 iratus3
2263 4173 2306 4238 Et
2329 4177 2370 4238 de
2391 4176 2518 4238 miseri·

543 4259 655 4324 orensi
676 4256 806 4322 iudicio.
1545 4260 1659 4326 cordia
1692 4259 1918 4346 significanter
1950 4261 2080 4337 dicitur,
2113 4262 2244 4325 viscera
2271 4258 2394 4324 Christi
2426 4271 2518 4323 mota

614 4343 759 4407 lactatur
781 4355 814 4406 et
835 4339 900 4405 hoc
924 4342 1063 4406 dictum:
1092 4340 1251 4406 Naturam
1273 4343 1393 4406 bonam
1414 4359 1502 4406 esse.
1545 4365 1642 4419 esse3
1674 4343 1717 4407 Et
1749 4345 1791 4409 de
1823 4346 1947 4428 ingenti
1980 4365 2131 4408 moerore
2166 4346 2283 4408 dicitur
2316 4343 2432 4408 Mattlr.
2460 4343 2517 4408 26.

530 4429 567 4495 ld
592 4449 708 4493 verum
741 4439 808 4505 est,
848 4437 1011 4510 quatenus
1040 4423 1199 4511 reliquum
1228 4437 1281 4492 est
1309 4446 1394 4510 opus
1426 4424 1501 4490 Dei.
1547 4437 1612 4510 [vs.
1634 4428 1702 4508 38.]
1729 4428 1847 4494 Tristis
1874 4441 1925 4493 est
1947 4430 2054 4494 anima
2076 4449 2151 4493 mea
2171 4451 2279 4514 usque
2301 4430 2344 4493 ad
2365 4441 2517 4494 mortem.

530 4513 597 4579 Sed
619 4525 738 4578 natura
757 4511 900 4576 hominis
921 4509 1119 4576 horribiliter
1131 4509 1225 4576 laesa
1237 4522 1271 4575 et
1280 4512 1503 4576 contaminata
1543 4514 1724 4578 Fatendum
1746 4526 1797 4578 est
1818 4535 1899 4601 ergo
1921 4514 2060 4578 affectus
2081 4534 2102 4576 a
2124 4514 2198 4578 Deo
2219 4517 2253 4578 in
2276 4527 2390 4578 natura
2413 4513 2518 4578 homi·

529 4609 591 4662 est
635 4599 729 4664 Sicut
750 4597 855 4681 pingit
875 4597 985 4681 imago
1008 4593 1170 4662 vulnerati
1187 4598 1269 4663 Luc.
1289 4597 1340 4661 10.
1364 4594 1502 4681 Spoliati
1544 4621 1621 4664 num
1644 4601 1795 4664 conditos
1813 4619 1902 4677 esse,
1923 4619 2009 4684 quos
2032 4611 2065 4663 et
2086 4600 2177 4682 ipsos
2194 4598 2288 4662 Deus
2311 4597 2417 4663 voluit
2438 4619 2518 4662 esse

529 4704 645 4747 sumus
672 4683 768 4746 donis
797 4692 936 4746 naturae
961 4684 1132 4768 integrae,
1160 4684 1195 4747 id
1222 4693 1292 4761 est,
1321 4681 1415 4747 firma
1437 4681 1501 4747 Dei
1543 4685 1703 4770 imagines
1721 4697 1754 4748 et
1775 4687 1872 4769 signa
1894 4704 1975 4748 suae
1996 4682 2185 4747 voluntatis.
2213 4683 2303 4748 Vere
2325 4682 2429 4768 diligit
2451 4704 2517 4746 nos

528 4769 659 4844 notitia,
687 4768 865 4850 sapientia,
894 4768 1030 4845 iustitia,
1059 4779 1093 4830 et
1113 4769 1248 4851 insuper
1269 4766 1354 4832 baec
1374 4766 1502 4852 reliqua
1543 4768 1653 4848 Deus,
1675 4771 1761 4834 sicut
1781 4781 1898 4833 natura
1919 4769 2017 4834 bomo
2041 4767 2144 4853 diligit
2166 4767 2335 4846 sobolem,
2357 4790 2437 4834 vere
2458 4771 2518 4832 mi-

528 4863 646 4916 natura
666 4849 837 4916 vulnerata
854 4864 918 4930 est,
939 4850 1077 4929 seilicet,
1100 4873 1204 4936 prava
1220 4853 1501 4937 eoncupiscentia,
1544 4855 1725 4918 sericordia
1746 4849 1888 4918 afficitur
1914 4856 2019 4919 nostri
2041 4853 2153 4931 Deus,
2184 4874 2258 4917 cum
2283 4857 2372 4920 ridet
2397 4852 2518 4937 lapsos

528 4947 634 5002 morte
654 4947 688 5000 et
708 4938 808 5002 variis
825 4935 919 5002 malis
941 4938 1068 5002 animae
1090 4949 1124 5002 et
1145 4939 1307 5022 corporis.
1542 4939 1576 5002 in
1597 4951 1764 5003 aeternam
1784 4939 1966 5017 miseriam,
1999 4960 2096 5025 quam
2122 4941 2194 5022 ipse
2221 4937 2389 5026 intelligia
2421 4940 2520 5004 Sicut

612 5019 853 5086 Discernantur
879 5034 991 5087 autem
1016 5043 1073 5101 aa,
1099 5043 1185 5107 quaa
1213 5035 1291 5088 sunt
1312 5041 1415 5105 opera
1435 5020 1501 5086 Dei
1541 5043 1605 5087 nos
1615 5035 1732 5088 natura
1743 5022 1905 5089 allicimur
1915 5024 2141 5089 misericordia
2155 5023 2367 5090 calamitosae
2376 5021 2518 5089 sobolis.

528 5104 654 5192 reliqua
675 5107 707 5170 in
730 5104 876 5185 homine,
898 5128 919 5171 a
938 5127 999 5191 per
1020 5127 1060 5171 se
1081 5108 1227 5186 vitiosis,
1249 5120 1285 5172 ut
1304 5108 1421 5172 notitia
1441 5127 1500 5172 nu·
1542 5108 1635 5174 Sicut
1649 5109 1753 5192 inquit
1769 5107 1921 5176 Christus
1951 5107 2183 5189 1,10h.3,16.r:
2217 5110 2274 5174 Sic
2292 5109 2385 5174 Deus
2403 5107 2519 5174 dilexit

527 5213 692 5258 merorum
713 5201 766 5256 est
787 5209 842 5254 res
866 5193 971 5270 bona,
998 5192 1075 5276 quia
1096 5214 1117 5257 a
1137 5191 1212 5258 Deo
1237 5195 1335 5257 insita
1364 5201 1416 5256 est
1440 5190 1500 5254 ho·
1542 5195 1706 5270 mundum,
1724 5205 1760 5256 ut
1777 5191 1876 5260 filium
1893 5215 1988 5262 suum
2004 5196 2204 5280 unigenitum
2223 5197 2316 5260 duct
2332 5215 2394 5279 pro
2404 5195 2519 5260 nobis.

527 5279 614 5342 mini.
658 5275 715 5342 Sic
737 5275 942 5340 sentiendum
962 5288 1016 5342 est
1036 5277 1078 5342 de
1100 5280 1251 5342 omnibus
1269 5277 1358 5344 veris
1375 5279 1499 5342 notitiis
1541 5276 1584 5340 Et
1599 5277 1738 5342 loannes
1756 5280 1859 5363 inquit
1882 5280 1925 5356 ΙΙ.
1938 5301 1989 5364 ep
2001 5282 2033 5358 4,
2046 5280 2129 5360 164:
2158 5279 2251 5346 Deus
2264 5282 2385 5345 caritas
2397 5292 2461 5357 est,
2482 5280 2519 5344 id

528 5381 589 5427 suo
615 5363 741 5426 ordine.
787 5359 848 5423 Est
874 5361 973 5445 igitur
1000 5381 1055 5425 res
1084 5363 1172 5426 bona
1199 5376 1232 5427 et
1260 5364 1374 5428 notitia
1395 5362 1499 5447 Legis
1542 5373 1605 5440 est,
1616 5361 1735 5446 plenus
1746 5384 1827 5428 vera
1835 5363 2011 5428 dilectione
2023 5385 2059 5428 er
2082 5387 2188 5443 anos,
2200 5387 2267 5432 non
2276 5364 2396 5431 volens
2407 5366 2518 5449 perdi·

525 5481 729 5494 ——--
1542 5449 1674 5513 tionem
1701 5447 2049 5514 EtPaulusad'litum
2059 5387 2090 5514 S
2104 5452 2225 5530 [vad]
2251 5451 2411 5534 Appruuit
2424 5453 2519 5514 boni·

527 5549 575 5610 bt)
592 5551 657 5602 suut
673 5549 782 5615 poenae]
806 5549 880 5602 bdttt
897 5551 922 5600 t.
939 5550 1017 5602 t-t.
1035 5550 1060 5600 a.
1080 5551 1120 5600 12.
1139 5551 1204 5604 suut
1219 5554 1246 5603 et
1262 5561 1362 5614 poema
1541 5542 1594 5598 tus
1611 5543 1643 5598 at
1658 5538 1879 5620 φιλανθρωπία
1895 5533 2078 5600 Salvatoris
2094 5537 2212 5598 nostri.
2238 5535 2287 5598 lta
2307 5533 2410 5600 voluit
2421 5535 2519 5600 Deus
