5859 6734
788 761 795 772 ·
928 717 1049 785 731

930 902 1279 991 caliginem
1322 903 1509 969 Evan
1559 901 1684 971 elio
1732 907 2148 983 invexerunt,
2214 918 2281 971 et
2320 908 2475 971 dum
2514 904 2873 993 illaqueant

926 989 1420 1140 ffissmiuffl
1498 1012 1598 1141 ff.
1617 988 2615 1141 v⁰³⁰¹2¹1¹¹¹hu³¹¹b0¹¹¹⁶1ui¹⁰¹li¹bssst³
2631 1007 2874 1164 ,⁰323

1373 1118 1390 1135 .
1663 1096 1787 1138 sun
2498 1098 2628 1144 van

931 1161 1310 1224 obscuravit
1353 1170 1419 1223 et
1460 1162 1643 1225 auxit
1684 1158 2013 1224 libidines.
2098 1157 2283 1224 Haec
2326 1157 2676 1248 diligenter
2717 1182 2873 1227 con-

930 1244 1281 1309 sideranda
1337 1254 1525 1322 sunt,
1589 1255 1656 1307 et
1714 1245 2250 1309 comminationes
2316 1245 2577 1312 divinae
2638 1247 2872 1311 animis

928 1328 1307 1416 infigendae
1349 1340 1418 1392 et
1458 1329 1765 1393 intuenda
1807 1325 2146 1392 horribilia
2167 1328 2469 1413 exempla
2578 1350 2870 1410 enarum,

930 1424 1001 1477 ut
1064 1431 1227 1477 vere
1292 1431 1646 1477 caveamus
1663 1458 1685 1491 ,
1761 1432 1847 1477 ne
1911 1423 2147 1478 contra
2206 1412 2336 1478 Dei
2398 1436 2477 1479 or
2521 1416 2871 1480 inationem

929 1495 1333 1581 polluamur3
1420 1495 1554 1561 Sed
1616 1509 1987 1563 statuamus
2052 1516 2311 1563 omnem
2346 1501 2873 1565 commixtionem

930 1592 1115 1646 extra
1168 1579 1524 1666 legitimum
1579 1581 1727 1646 coni
1842 1602 1953 1647 um
1995 1594 2339 1665 peccatum
2369 1581 2652 1649 mortale
2695 1601 2872 1662 esse,

874 1730 879 1735 .
928 1677 1001 1732 ut
1043 1663 1392 1750 aliquoties
1420 1665 1689 1731 dicitur:
1790 1667 2222 1745 ornicatores‚
2265 1665 2543 1734 adulteri
2563 1688 2699 1734 non
2716 1686 2871 1753 pos-

930 1750 1234 1815 sidebunt
1275 1770 1550 1837 regnum
1589 1748 1738 1814 Dei.

1096 1833 1520 1902 Retineamus
1564 1836 1762 1921 igitur
1804 1837 2043 1900 bonam
2088 1837 2592 1915 conscientiam,
2644 1847 2872 1902 tenera

929 1929 1117 1984 aetas
1163 1920 1325 1984 vitet
1365 1915 1633 2003 lapsus,
1698 1918 1934 1984 deinde
1975 1929 2266 1999 matura,
2334 1922 2393 1984 si
2437 1940 2604 2006 opus
2648 1930 2754 1985 est
2777 1921 2871 2005 ⁸³)

930 2005 1263 2090 coniugio,
1306 2005 1710 2088 obtemperet
1752 2004 2065 2068 mandato
2106 2004 2258 2069 Dei.
2338 2003 2523 2070 Haec
2610 2006 2679 2070 ui
2713 2008 2870 2069 con-

929 2099 1248 2166 tenmunt‚
1292 2090 1507 2151 sciant
1548 2108 1627 2152 se
1668 2106 1927 2171 poenas
1970 2087 2095 2152 sibi
2142 2099 2208 2151 et
2232 2089 2391 2153 totis
2427 2025 2734 2174 genghus
2756 2108 2870 2154 ac·

929 2191 1218 2237 cersere.
1305 2170 1686 2258 Cogitemus
1744 2183 1812 2236 et
1851 2172 2016 2250 hoc,
2068 2169 2243 2235 mala
2289 2175 2694 2239 conscientia
2734 2191 2871 2274 non

925 2274 1132 2407 {2⁵5⁹
1156 2254 1910 2406 {3¹⁹3ffi03ffi2232
1937 2255 2667 2424 timisi-..323
2705 2255 2871 2403 332:

928 2425 1096 2489 ciam
1155 2422 1478 2490 habemus
1522 2437 1651 2490 etc.
1737 2421 1958 2497 Quare
1998 2437 2072 2491 ut
2111 2425 2338 2507 possis
2380 2427 2696 2491 invocare
2735 2423 2871 2488 De-
2915 2478 2916 2481 ,

925 2529 1066 2585 ιιιιι,
1132 2509 1475 2573 retinenda
1541 2519 1641 2573 est
1706 2509 1884 2573 bona
1925 2509 2352 2574 conscientia.
2439 2508 2611 2583 Quid
2651 2520 2871 2574 autem

926 2594 1179 2658 tristius
1224 2593 1351 2656 dici
1392 2603 1616 2677 potest
1630 2637 1650 2670 ,
1759 2613 1910 2658 uam
1953 2595 2178 2658 vivere
2218 2593 2545 2661 hominem
2587 2595 2732 2659 sine
2771 2594 2871 2657 in·

930 2678 1283 2742 vocatione
1322 2676 1473 2756 Dei,
1519 2678 1663 2742 sine
1775 2696 1878 2754 eo,
1946 2680 2089 2743 sine
2224 2681 2608 2745 bernatione
2650 2689 2717 2742 et
2759 2677 2870 2742 de-

925 2759 1226 2826 fensione
1293 2762 1544 2839 divina,
1608 2762 1706 2824 sic
1763 2762 2065 2826 viventes
2177 2761 2438 2827 iabolus
2480 2764 2693 2847 magis
2734 2780 2870 2826 ma-

927 2847 1167 2995 gisque
1212 2855 1528 2911 excaecat
1570 2856 1636 2910 et
1678 2845 1878 2910 variis
1922 2845 2191 2932 flagitiis
2233 2844 2555 2930 implicat,
2597 2856 2667 2909 ut
2709 2864 2870 2930 quo-

981 2930 1173 2996 diana
1214 2931 1616 3014 experientia
1660 2929 1968 2993 ostendit.

1101 3013 1296 3087 Quod
1339 3034 1499 3079 vero
1543 3013 1851 3079 Monachi
1897 3012 2227 3079 clamitant
2247 3012 2522 3078 Paulum
2545 3009 2873 3077 anteferre

930 3098 1324 3186 virginitate,
1368 3101 1517 3184 quia
1550 3100 1794 3163 diserte
1836 3098 1994 3162 dicit
2008 3120 2028 3161 ι
2074 3096 2313 3163 Melius
2356 3095 2516 3162 facit
2556 3116 2692 3161 non
2734 3096 2872 3161 elo-

928 3202 1094 3251 cans
1138 3197 1265 3249 etc.
1324 3182 1508 3248 Sciat
1546 3186 1695 3267 pius
1738 3181 1973 3261 lector,
2015 3192 2216 3248 totam
2258 3179 2439 3247 illam
2484 3183 2872 3247 concionem
2910 3219 2911 3222 =

929 3268 1276 3357 legendam
1340 3286 1525 3345 esse,
1581 3287 1664 3333 ac
1708 3268 2230 3344 observandum,
2286 3287 2481 3352 quam
2527 3262 2875 3353 diligenter

928 3362 1351 3440 praemoneat
1410 3354 1478 3416 in
1540 3362 1885 3435 utramque
1947 3364 2201 3435 partem
2252 3350 2593 3417 lectorem.
2682 3350 2871 3415 Initio

932 3438 1131 3505 tradit
1195 3446 1619 3520 praeceptum
1681 3433 1845 3511 Dei,
1921 3447 1997 3501 ut
2071 3437 2382 3500 vitandae
2447 3436 2873 3501 scortationis

935 3540 1177 3589 caussa
1218 3540 1405 3585 suam
1448 3521 1725 3605 quisque
1764 3538 2040 3584 uxorem
2078 3518 2343 3598 habeat,
2409 3521 2646 3586 delnde
2732 3538 2875 3585 rae-

935 3608 1165 3673 dicans
1208 3604 1646 3692 virginitatem
1659 3649 1681 3682 ,
1731 3623 1883 3668 mox
1926 3604 2135 3682 addit,
2180 3603 2317 3669 Sed
2358 3623 2575 3671 suum·
2594 3625 2640 3690 q
2745 3622 2875 3689 que

935 3695 1179 3759 donum
1218 3689 1441 3756 habet.
1513 3687 1737 3763 Quare
1778 3708 1927 3754 cum
1970 3685 2248 3753 antefert
2289 3689 2749 3775 virginitatem,
2791 3690 2878 3753 de

935 3776 1242 3861 personis
1296 3774 1554 3840 idoneis
1604 3771 1914 3858 loquitur.
2001 3771 2263 3837 Deinde
2314 3771 2477 3838 illud
2528 3776 2724 3839 etiam
2761 3792 2876 3839 ne-
2914 3761 2917 3786 ”

938 3879 1134 3926 cesse
1178 3869 1282 3924 est
1325 3859 1785 3924 considerare:
1873 3855 2019 3921 Hac
2054 3854 2409 3922 collatione
2452 3859 2629 3923 bona
2800 3877 2878 3921 ra

936 3947 1111 4010 inter
1175 3961 1328 4008 sese
1381 3938 1806 4008 conferuntur
1821 3987 1842 4019 ,
1911 3951 1977 4004 et
2023 3938 2445 4006 conferuntur
2484 3942 2667 4006 iuxta
2801 3961 2877 4006 es

936 4026 1158 4106 utiles,
1191 4046 1329 4092 non
1370 4027 1705 4111 quaeritur
1746 4043 1939 4110 opus,
1981 4025 2158 4128 quod
2201 4035 2527 4091 mereatur
2548 4025 2878 4091 remissio-
2915 4046 2917 4055 ‘

936 4132 1089 4179 nem
1131 4122 1555 4198 peccatorum
1596 4121 1712 4175 aut
1755 4108 2395 4188 reconciliationem,
2456 4129 2585 4174 nec
2625 4109 2700 4174 fit
2740 4108 2877 4175 col-

935 4197 1099 4263 latio
1114 4246 1132 4280 ‚
1196 4208 1270 4262 ιιι
1332 4196 1619 4261 humano
1660 4195 1928 4260 arbitrio
1975 4192 2193 4259 cultus
2234 4195 2675 4261 instituantur.
2759 4192 2880 4259 Er-

938 4302 1052 4349 ror
1094 4293 1198 4346 est
1240 4281 1518 4368 fingere,
1559 4282 1737 4365 quod
1780 4276 2147 4345 coelibatus
2188 4291 2518 4345 mereatur
2550 4280 2880 4345 remissio·

939 4387 1091 4434 nem
1130 4376 1592 4451 peccatorum,
1650 4384 1772 4431 seu
1813 4365 1992 4449 quod
2033 4365 2185 4429 ideo
2221 4366 2308 4429 sit
2349 4366 2669 4442 tuendus,
2727 4365 2883 4450 quia

941 4473 1061 4539 per
1103 4470 1273 4517 sese
1324 4451 1411 4515 sit
1453 4446 1807 4535 singularis
1851 4460 1917 4513 et
1959 4450 2232 4514 eximius
2276 4446 2494 4515 cultus
2533 4448 2697 4528 Dei,
2760 4468 2883 4514 seu

944 4537 1120 4624 quod
1161 4536 1534 4623 coniugium
1576 4535 1662 4598 sit
1702 4536 1879 4599 vitae
1919 4552 2131 4620 genus
2154 4536 2572 4614 immundum,
2611 4554 2733 4620 pro
2781 4546 2883 4599 ter
2918 4558 2931 4639 ,J
2967 4603 3073 4668 sit.
3159 4599 3244 4666 Et
3285 4620 3660 4686 quanquam

1036 4621 1124 4685 od
1161 4619 1360 4686 homo
1401 4629 1516 4685 aut
1554 4636 1688 4683 non
1726 4616 1993 4703 placeat
2034 4629 2146 4684 aut
2186 4619 2397 4683 minus
2430 4617 2692 4703 placeat
2779 4638 2880 4684 eo.

944 4642 1035 4770 a}
1097 4723 1360 4770 errores
1416 4715 1571 4771 sunt
1627 4704 1972 4769 doctrinae
2011 4705 2501 4770 daemoniorum
2544 4715 2613 4769 et
2652 4722 2882 4769 neces-

950 4790 1126 4854 sario
1168 4791 1437 4855 taxandi
1481 4799 1649 4854 sunt.
1737 4786 2040 4853 Ceterum
2102 4784 2331 4854 laudat
2371 4786 2621 4854 Paulus
2684 4789 2884 4876 virgi-

949 4876 1218 4940 nitatem
1249 4875 1316 4937 in
1356 4874 1662 4960 personis
1705 4873 1986 4952 idoneis,
2029 4884 2094 4938 et
2134 4870 2360 4938 laudat
2399 4885 2671 4959 propter
2690 4872 2883 4940 finem

950 4955 1197 5036 utilem,
1238 4977 1375 5021 non
1416 4958 1595 5044 quod
1627 4958 1840 5045 magis
1884 4958 1971 5022 sit
2013 4956 2230 5024 cultus
2250 4957 2402 5036 Dei,
2444 4979 2640 5044 quam
2662 4959 2884 5025 coniu-

952 5045 1168 5130 gium;
1212 5039 1348 5107 Sed
1391 5045 1545 5128 quia
1585 5061 1797 5129 genus
1842 5042 2013 5107 vitae
2054 5040 2330 5109 coelibis
2373 5043 2735 5127 expeditius
2780 5052 2886 5108 est

908 5155 915 5162 ·
956 5127 1043 5195 ad
1082 5124 1399 5214 pleraque
1438 5127 1827 5207 ministerIa,
1894 5128 2046 5214 quia
2085 5123 2360 5207 familia,
2422 5129 2729 5195 miseriae
2770 5129 2884 5194 do-
2934 5131 2935 5144 ¹

954 5208 1733 5381 ffifflffifflffi'
1778 5231 1989 5361 ⁶33⁰.
2022 5212 2678 5376 ἯἭῬΤἭ
2697 5232 2886 5365 ffi

969 5571 1062 5632 ³5)
1096 5570 1141 5622 si
1173 5580 1301 5634 opus
1334 5568 1437 5632 est]
1468 5568 1614 5622 Edttt.
1654 5570 1698 5619 1.
1735 5571 1782 5622 3.
1817 5567 1861 5622 si
1893 5567 2050 5621 habet
2080 5579 2207 5632 opus

2184 719 2403 787 Pffll..
2446 719 2653 792 MEL.
2690 721 3063 791 SCRIPTA
3091 719 3640 792 DOGMATICA.

2912 3346 2913 3359 ¹
2963 3335 3068 3414 12,
3114 3335 3225 3416 1.].
3310 3334 3786 3439 Admoneatff‘i)
3830 3336 4026 3421 igitur
4066 3337 4213 3420 pios
4247 3355 4290 3400 a

4781 724 4914 793 ⁷³2

2955 906 3135 974 aliud
3177 908 3418 975 donum
3459 903 3679 973 habet.
3749 907 3933 972 Haec
3955 908 4304 974 adinonitio
4340 926 4609 992 semper
4643 910 4713 972 in
4749 928 4908 976 cun-

2955 1005 3190 1077 spectu
3229 990 3536 1058 habenda
3577 1001 3704 1075 est,
3745 1003 3812 1056 et
3851 990 4034 1059 multi
4073 990 4407 1070 coelibes,
4470 992 4734 1057 etiamsi
4773 1013 4908 1062 nun

2956 1087 3112 1144 sunt
3132 1079 3575 1143 contaminata
3602 1095 3910 1161 corpora,
3953 1089 4178 1142 tamen
4200 1076 4450 1142 habent
4487 1077 4756 1143 animos
4793 1099 4909 1145 oo·

2957 1175 3234 1247 cupatos
3299 1155 3544 1226 illicitis
3606 1159 3923 1236 flammis3
3985 1159 4173 1228 Multi
4215 1164 4366 1227 item
4406 1162 4620 1248 magis
4667 1175 4910 1230 excru-

2957 1245 3212 1312 ciantur
3274 1245 3560 1311 sordidis
3621 1246 3798 1312 curis
3840 1246 4359 1330 quaerendorum
4399 1246 4908 1329 praesidiorum,

2953 1328 3767 1478 honorum2tisplendoris,
3836 1350 4030 1415 quam
4071 1329 4367 1418 plerique
4407 1331 4500 1415 pii
4545 1341 4609 1398 et
4649 1332 4905 1397 medio·

2956 1433 3108 1480 cres
3151 1435 3312 1479 man
3367 1458 3384 1475 .

3846 1567 4041 1648 [Ἧι]

3563 1683 3689 1751 DE
3749 1683 4285 1751 EVANGELIO.

3126 1802 3279 1868 Non
3344 1803 3608 1869 dubium
3671 1815 3777 1869 est
3820 1800 4186 1890 Apostolos
4252 1801 4575 1892 singulari
4623 1802 4906 1870 consilio

2954 1884 3462 1973 appellationem
3516 1899 3648 1953 tam
3691 1886 3951 1954 dulcem
3995 1900 4060 1953 et
4103 1884 4409 1954 blandam
4453 1908 4619 1954 suae
4661 1888 4910 1954 doctri-

2953 1990 3079 2036 nae
3122 1973 3469 2051 tribuisse,
3509 1982 3585 2038 ιιι
3625 1974 3947 2057 insignius
3992 1985 4178 2037 esset
4223 1973 4572 2038 discrimen
4622 1972 4798 2058 legis
4843 1983 4907 2037 et

2907 2082 2909 2092 ·
2951 2057 3410 2141 promissionis
3476 2056 3560 2122 de
3615 2054 4175 2124 reconciliatione.
4263 2055 4452 2122 Sicut
4497 2069 4564 2122 et
4608 2053 4908 2160 prophe-

2953 2153 3062 2205 tae
3104 2159 3312 2224 saepe
3354 2141 3421 2202 in
3462 2138 3594 2204 hoc
3638 2161 3715 2204 ar
3806 2153 4026 2205 mento
4069 2140 4176 2205 usi
4218 2151 4372 2204 sunt
4411 2139 4732 2224 peculiari
4763 2159 4908 2206 ver·

2954 2224 3042 2287 bo
3067 2221 3283 2286 Basar
3328 2224 3553 2313 [wivab
3599 2243 3730 2308 quo
3820 2222 4150 2309 significat
4192 2243 4302 2289 res
4345 2243 4559 2290 novas
4599 2237 4669 2291 et
4689 2225 4908 2289 bonas

2954 2321 4279 2404 nuntiareEstautemedayyamvetusw)
4292 2322 4718 2404 vocabulum,
4773 2329 4905 2392 uod

2954 2408 3082 2473 etsi
3126 2406 3299 2491 apud
3346 2405 3704 2473 Homerum
3756 2406 4086 2493 siguificat
4120 2428 4358 2474 munus
4406 2410 4698 2475 dandum
4805 2421 4904 2474 eta

2955 2492 3311 2571 nuntianti,
3362 2501 3580 2558 tamen
3622 2489 3867 2577 alioqui
3905 2493 3974 2557 in
4018 2490 4244 2579 lingua
4267 2492 4532 2558 Graeca
4571 2493 4906 2578 significat

2955 2595 3364 2654 sermonem,
3428 2597 3539 2642 res
3593 2578 3806 2643 bonas
3861 2587 3927 2642 et
3967 2575 4181 2643 laetas
4222 2576 4668 2656 nuntiantem,
4731 2578 4905 2646 sicut

2956 2682 3039 2727 ea
3078 2680 3248 2726 voce
3281 2657 3590 2744 Apostoli
3630 2661 3736 2727 usi
3778 2670 3967 2739 sunt,
4032 2672 4103 2725 ut
4144 2659 4498 2727 manifesta
4528 2662 4906 2728 testimonia

2954 2743 3159 2810 multa
3221 2755 3377 2808 sunt
3394 2788 3417 2823 ,
3479 2754 3552 2809 ιιι
3592 2743 3990 2810 Plutarchus
4054 2747 4122 2809 in
4186 2746 4323 2810 vita
4364 2745 4768 2812 Artaxerxis
4813 2752 4904 2827 [c.

2959 2830 3093 2908 14.]
3152 2825 3332 2894 clare
3397 2828 3556 2894 dicit
3613 2828 3951 2910 εὐαγγελίου
3993 2829 4248 2910 μισθὸν,
4309 2830 4426 2894 ubi
4466 2827 4908 2916 Evangelium

2956 2910 3230 2997 intelligi
3273 2931 3644 2978 sermonem
3684 2911 3861 2978 laeta
3900 2915 4305 2980 nuntiantem
4345 2933 4630 2982 necesse
4665 2926 4796 2992 est,
4839 2929 4906 2978 et

2957 3008 3115 3064 sunt
3153 2999 3220 3061 in
3263 2998 3495 3062 eodem
3536 2993 3690 3062 loco
3777 2994 3925 3064 lura
3980 2999 4372 3064 testimonia.
4458 2998 4654 3065 Extat
4697 3010 4764 3064 et
4809 3010 4905 3064 te-

2959 3083 3334 3148 stimonium
3384 3083 3450 3144 in
3507 3081 3644 3146 vita
3699 3019 3990 3165 fflunpeii
4047 3088 4135 3163 [c.
4194 3084 4324 3164 41.]
4393 3084 4909 3168 γραμματορόφοι

2957 3166 3354 3253 προςῆλαονον
3395 3171 3461 3230 ἐκ
3503 3165 3734 3230 Πόντου
3781 3169 4112 3246 κομίζοντες
4153 3166 4470 3250 ειῖαγγέλοα.
4576 3166 4659 3230 Ει
4698 3187 4905 3249 pror·

2959 3269 3079 3318 sus
3120 3253 3222 3318 sic
3264 3248 3526 3316 locutus
3568 3261 3674 3317 est
3715 3248 3955 3317 Cicero
3994 3254 4081 3318 ad
4122 3253 4412 3319 Atticum
4451 3249 4566 3330 111,
4605 3248 4673 3329 3,
4719 3250 4781 3314 1.
4827 3262 4906 3318 et

4530 3334 4702 3400 ‘onis
4747 3355 4908 3400 sua-

2960 3420 3132 3487 vitas
3174 3421 3259 3485 de
3298 3439 3478 3485 novo
3521 3421 3860 3487 doctrinae
3903 3438 4149 3507 genere
4191 3433 4259 3485 et
4300 3422 4386 3487 de
4430 3417 4598 3508 legis
4642 3432 4713 3505 et
4750 3440 4905 3506 pro-

2958 3504 3291 3570 missionis
3333 3504 3724 3570 discrimine.
3814 3505 3958 3570 Nec
3998 3522 4160 3570 vero
4204 3505 4513 3591 finghnus
4555 3524 4772 3572 novas
4811 3504 4903 3569 di-

2960 3588 3347 3656 stinctiones
3409 3610 3477 3655 m
3570 3590 3586 3608 ⁰
3689 3600 3999 3675 argutas,
4067 3609 4263 3675 quam
4304 3589 4768 3668 necessarias,
4832 3600 4897 3652 ut

2961 3672 3346 3759 hypocritae
3406 3609 3630 3740 ιιιιιιὶῇιέ8
3656 3671 4067 3740 cavillantur.
4189 3673 4494 3740 loannes-
4538 3669 4900 3759 Apostolus

2961 3760 3140 3822 initio
3184 3758 3369 3822 Evan
3421 3755 3528 3821 elii
3569 3757 3670 3822 sui
3712 3755 4118 3826 luculentum
4162 3758 4514 3824 discrimen
4555 3758 4895 3843 proponit:

2961 3840 3106 3906 Lex
3167 3862 3287 3926 per
3402 3861 3611 3926 oysen
3675 3841 3827 3908 data
3891 3856 4030 3922 est,
4093 3846 4309 3930 gratia
4370 3854 4438 3909 et
4491 3842 4745 3910 veritas
4787 3860 4899 3925 per

2914 3942 2915 3953 ¹
2961 3925 3182 3992 lesum
3224 3923 3554 3992 Christum
3617 3923 3798 3993 facta
3859 3940 3963 3993 est
4031 3939 4154 3994 etc.
4242 3927 4540 3994 Necesse
4583 3938 4689 3992 est
4733 3927 4895 3990 enim

2962 4011 3246 4076 discerni
3287 4025 3643 4096 praecepta
3677 4022 3743 4077 et
3782 4014 4234 4080 remissionem
4274 4023 4728 4096 peccatorum,
4769 4011 4892 4074 dis·

2925 4134 2927 4154 2
2965 4095 3146 4161 cerni
3191 4106 3547 4180 praecepta
3602 4106 3669 4162 et
3724 4098 4239 4179 promissionem
4324 4098 4476 4162 item
4518 4094 4894 4180 promissio·

2962 4198 3115 4244 nem
3179 4180 3524 4266 gratuitam
3585 4201 3630 4247 a
3687 4182 4272 4263 promissionibus,
4377 4201 4506 4246 uae
4569 4200 4708 4246 non
4749 4191 4892 4244 sunt

2965 4266 3307 4351 gratuitae.
3360 4262 3482 4331 Est
3523 4273 3740 4327 autem
3772 4262 3936 4346 Lex,
3980 4276 4053 4331 ut
4093 4285 4131 4329 s
4380 4264 4580 4332 ‘ctum
4615 4277 4744 4343 est,
4785 4264 4896 4328 do-

2966 4349 3173 4413 ctrina
3214 4348 3556 4432 requirens
3598 4343 3959 4431 perfectam
4001 4350 4434 4416 obedientiam
4476 4369 4642 4435 erga
4659 4347 4897 4423 Deum,

2966 4452 3097 4497 non
3138 4437 3227 4509 ⁸⁷)
3270 4431 3534 4497 remittit
3575 4432 3783 4518 gratis
3824 4444 4100 4516 peccata
4115 4478 4138 4513 ,
4199 4454 4333 4500 non
4389 4434 4772 4517 pronuntiat
4809 4432 4898 4498 iu·

2965 4529 3149 4594 etos,
3212 4516 3281 4582 id
3323 4527 3460 4595 est,
3729 4525 3834 4579 tos
3876 4515 4065 4596 Deo,
4120 4519 4246 4584 nisi
4287 4517 4452 4604 Legi
4485 4515 4898 4584 satisfactum

3555 4685 3570 4704 ο
3603 4686 3621 4703 ο
3787 4601 3911 4706 bet·
3939 4604 4452 4706 promissiones,
4515 4613 4738 4668 tamen
4778 4598 4900 4666 hae

2966 4683 4227 4858 fflfflffifflzmfflfflfflssffiffifmffe
4262 4685 4901 4857 ξᾙῑωαῗᾚῖ

2967 4944 3062 5008 ⁸⁶)
3096 4942 3398 4996 vocabulum
3432 4974 3448 4989 .
3487 4976 3499 4990 .
3539 4977 3551 4990 .
3587 4940 3894 5007 Admoneat]
3943 4943 4087 4997 editt.
4141 4946 4188 4998 ι.
4246 4946 4296 4997 8.
4350 4946 4669 4998 vocabulum.
4761 4945 4902 5008 Apud

3103 5011 3376 5063 Homerum
3410 5006 3660 5072 significat
3689 5011 3972 5076 praemium
3987 5049 4002 5075 ‚
4037 5009 4174 5076 quod
4208 5010 4359 5063 datur
4391 5021 4500 5064 rem
4535 5015 4738 5076 gratnm
4773 5023 4901 5068 nun·

3104 5076 3265 5131 danti.
3332 5075 3391 5130 Et
3434 5077 3625 5140 passim
3669 5077 3858 5142 iegitur
3901 5077 4039 5143 apud
4073 5079 4261 5132 multos
4296 5079 4577 5143 scriptores
4611 5075 4906 5143 evi-trram

3104 5137 3281 5205 θύειν,
3305 5157 3397 5208 pro
3432 5146 3691 5210 σιω-ωας»,
3724 5145 3859 5213 quod
3891 5146 4078 5208 nebat,
4129 5157 4246 5200 cum
4291 5152 4469 5208 gntae
4517 5157 4606 5199 res
4639 5148 4904 5202 mune

3104 5216 3297 5267 esseut.
3365 5213 3506 5277 Apud
3540 5215 3861 5268 Plutarchum
3920 5216 4070 5267 ettam
4106 5212 4358 5277 significat
4389 5214 4554 5277 ipsum
4589 5225 4906 5268 sermonem.

3105 5291 3205 5345 quo
3255 5285 3433 5344 gratae
3485 5294 3570 5335 res
3626 5283 3953 5346 nuntiantun
4022 5282 4153 5335 sieut
4202 5294 4266 5334 ea
4316 5293 4441 5333 voce
4475 5285 4530 5334 et
4560 5281 4790 5344 Apostoli
4826 5281 4906 5356 usi

3105 5351 3242 5402 sunt·
3311 5350 3395 5403 Sic
3436 5351 3847 5415 enimseriptum
3889 5349 4192 5403 estiuvita
4226 5349 4465 5427 Pompeii,
4765 5360 4904 5412 οφ·-

3105 5429 3231 5538 gat
3246 5411 3599 5484 προς-ἤλαυνον
3648 5413 3708 5468 ἐκ
3748 5411 3947 5467 πόντου
3999 5414 4303 5482 κομίζοντες
4335 5414 4542 5480 narrt
4633 5450 4645 5463 .
4719 5414 4904 5468 Admo-

2973 5567 3068 5631 87)
3099 5566 3224 5634 uon]
3261 5569 3347 5623 Ed.
3379 5571 3463 5624 22.
3498 5571 3554 5622 et
