5859 6734
529 603 594 670 ³³³
1092 649 1095 654 ·
1159 621 1270 691 etun.
1291 621 1395 690 ιιιιι.
1417 621 1603 692 scatent
1624 625 1898 695 nonnanes
2465 629 2532 698 aaa

535 799 727 894 sentientes,
738 823 848 879 tamen
865 813 899 876 in
917 809 1110 895 explicando
1124 813 1219 896 quasi
1236 813 1288 877 sui
1305 810 1537 879 obbascmzu
1548 815 1710 893 societati,
1727 812 1892 900 planeque
1908 813 2144 883 transformant
2161 819 2356 906 religionem
2373 826 2407 888 in
2422 849 2526 912 quan-

533 914 599 978 tur,
620 921 683 965 nec
706 902 787 964 satis
805 898 978 961 commode
999 897 1111 961 dicunt
1133 898 1221 981 quod
1239 895 1369 962 volunt·
1394 898 1504 983 Saepe
1523 911 1527 1012 j
1548 902 1623 964 darn
1648 898 1840 964 horribilem
1869 904 2061 967 barbariem.
2106 905 2165 968 llis
2194 911 2295 972 tantis
2323 905 2418 975 malis
2447 933 2525 997 pro·

535 988 656 1051 cedmrt
677 986 780 1061 oneri,
801 1003 863 1047 nec
881 994 1032 1065 possunt,
1045 984 1132 1067 quod
1153 984 1308 1061 sentiunt,
1326 1003 1502 1069 exponere.
1523 1019 1526 1062 t
1547 983 1638 1049 lecto
1662 985 1793 1062 decet⁰)
1824 988 1931 1050 bonos
1961 1001 1994 1051 et
2016 991 2185 1071 sapientes
2208 990 2381 1078 Principes
2403 999 2526 1065 idonea

535 1070 614 1134 lnde
641 1091 714 1132 curn
738 1079 856 1151 postea
877 1069 1015 1151 imperiti
1037 1068 1207 1150 opiniones
1251 1089 1343 1132 arum
1361 1069 1525 1140 commo-i
1547 1072 1691 1135 remedia
1713 1090 1884 1154 quaerere.
1925 1071 2010 1144 Quid
2033 1076 2121 1156 quod
2144 1078 2241 1140 etiam
2263 1083 2407 1161 posteris
2429 1106 2523 1165 prae-

535 1157 597 1220 das
623 1153 794 1232 hauriunt,
821 1149 994 1236 plurimum
1017 1155 1120 1215 oritur
1136 1090 1369 1218 scandalorum
1386 1157 1419 1219 in
1440 1155 1503 1220 Ec·
1547 1167 1636 1220 stare
1664 1155 1849 1221 Ecclesiam
1878 1157 2022 1221 debent?
2056 1180 2141 1242 quae
2169 1163 2316 1244 quidem,
2349 1168 2411 1229 nisi
2438 1171 2523 1233 ratio

534 1240 647 1307 alesia.
693 1238 784 1303 llaec
803 1240 910 1304 sciunt
926 1257 978 1302 nte
1000 1258 1066 1302 non
1087 1236 1211 1304 frustra
1229 1241 1333 1324 queri,
1355 1244 1411 1325 qui
1429 1243 1504 1306 curn
1547 1243 1693 1322 ineatur,
1721 1256 1758 1307 ut
1779 1245 1833 1325 pia
1858 1256 1891 1308 et
1913 1255 2006 1308 certa
2027 1245 2199 1308 doctrinae
2220 1245 2326 1312 sonna
2348 1252 2391 1314 ad
2411 1265 2523 1333 poste·

533 1327 653 1391 iudicio
677 1336 809 1389 veteres
828 1328 1006 1411 scriptores
1029 1325 1162 1474 legunt,
1181 1346 1319 1409 quorum
1342 1329 1397 1391 vix
1414 1325 1503 1391 ullus
1547 1349 1605 1393 ros
1626 1350 1709 1412 prop
1756 1340 1849 1406 etur,
1880 1328 2013 1392 infinitis
2039 1330 2145 1393 modis
2169 1329 2410 1399 dilacerabitur.
2455 1337 2521 1402 Ex·

535 1411 640 1476 estin
687 1430 729 1474 uo
752 1430 819 1474 non
843 1412 1004 1476 interdum
1030 1432 1072 1477 ve
1137 1412 1332 1496 erspicuitas
1356 1411 1412 1476 vel
1434 1407 1504 1476 dili·
1547 1424 1594 1478 tat
1615 1414 1703 1496 apud
1757 1413 2021 1560 enophontenflp
2042 1414 2154 1477 brevis
2177 1418 2336 1500 quaedam
2360 1442 2400 1484 ac
2421 1420 2522 1505 plena

534 1493 647 1582 gentla
664 1432 883 1561 desideretur.
928 1497 1034 1569 Quam
1056 1519 1089 1560 m
1125 1497 1345 1560 tioce'urrdnt
1361 1494 1439 1576 loci,
1462 1498 1504 1561 de
1547 1497 1717 1582 grauitatis
1746 1509 1845 1583 atque
1874 1499 1972 1563 animi
2021 1500 2150 1563 aconici
2179 1504 2294 1566 concio
2317 1503 2520 1585 Archidami,

535 1584 746 1667 quibuscum
768 1583 849 1664 ipsis
878 1583 1060 1659 autoribus
1082 1583 1111 1644 si
1127 1579 1258 1660 liceret,
1280 1580 1426 1667 colloqui
1444 1603 1502 1646 cu·
1548 1584 1602 1667 qui
1625 1580 1806 1665 collapsam
1827 1605 1867 1648 ac
1891 1604 1977 1667 pene
1999 1581 2203 1666 deploratam
2225 1586 2377 1668 Spartam
2398 1594 2520 1656 virtute

533 1685 698 1749 peremus,
721 1677 754 1729 et
776 1686 888 1731 coram
900 1668 1022 1731 diserte
1039 1667 1213 1745 sciscitari,
1228 1667 1309 1752 quid
1325 1668 1503 1744 senserint,
1547 1670 1783 1734 suareetimit.
1828 1666 1891 1732 llic
1913 1680 1989 1731 ante
2018 1670 2052 1731 id
2075 1668 2253 1751 praelium,
2286 1695 2352 1756 quo
2379 1677 2519 1740 maxime

533 1772 617 1836 quos
649 1749 823 1817 habuerint
852 1765 998 1818 autores.
1052 1750 1253 1815 Praesertim
1285 1767 1341 1818 aut
1375 1754 1408 1816 in
1435 1750 1502 1816 hoc
1547 1755 1666 1818 iterum
1690 1754 1796 1817 erexit
1811 1754 1969 1836 patriam,
1998 1773 2072 1816 cum
2099 1755 2260 1819 instructa
2286 1761 2370 1837 acie,
2391 1762 2452 1824 iam
2475 1761 2520 1822 si·

532 1839 645 1924 scripti
666 1857 790 1922 genere
811 1839 844 1901 in
865 1836 1156 2006 methodisguquam
1176 1835 1278 1900 multa
1299 1859 1364 1901 non
1382 1840 1503 1901 obscu·
1547 1859 1613 1923 gna
1642 1858 1764 1903 canere
1788 1839 1933 1915 iuberet,
1961 1836 2014 1900 his
2043 1839 2155 1902 verbis
2178 1838 2372 1906 adhortatur
2395 1846 2520 1907 exerci-

532 1933 767 1991 retexuntur.
813 1922 950 1995 Quoties
984 1924 1016 1986 iu
1078 1934 1151 1985 atur
1173 1921 1335 2005 Origenes
1363 1923 1396 1986 in
1416 1919 1502 1986 libro
1545 1925 1663 2001 tumflt,
1684 1921 1802 2004 ’Ἄνδρες
1819 1926 1952 2001 πολῖται,
1974 1923 2023 1984 νῖν
2044 1919 2157 2000 ἀγαθοὶ
2178 1923 2326 2003 γινόμενοι
2347 1925 2520 2010 ἀναβλέψαι-

532 2016 603 2097 napi
621 2009 732 2092 ἀρχῶν.
776 2008 1000 2093 Longobardo
1022 2027 1065 2072 ne
1099 2007 1229 2090 quidem
1251 2007 1354 2092 ipsius
1382 2003 1504 2070 alumni
1544 2032 1603 2089 per,
1627 2005 1731 2091 ὀρθοῖς
1761 2007 1902 2086 ὄμμασιν·
1925 2005 2085 2085 ἀποδῶμεν
2116 2015 2177 2080 τοῖς
2208 2013 2436 2088 ἐπιγιγνομένοις
2467 2013 2520 2089 τὴν

557 2103 761 2178 epercerunt.
826 2093 868 2156 Et
911 2091 1073 2176 quaedam
1105 2095 1176 2154 iure
1207 2089 1500 2174 reprehenduntur.
1544 2091 1685 2178 πατρίδα.
1716 2089 2093 2177 Ogenerosam'vocem,
2115 2105 2147 2154 et
2164 2093 2295 2178 dignam
2306 2092 2400 2179 Rege
2418 2097 2521 2178 Spar·

533 2119 647 2262 ltaque
677 2198 750 2242 cum
778 2189 902 2242 tantum
931 2186 964 2239 et
992 2172 1194 2240 difficultatis
1221 2187 1254 2238 et
1280 2175 1418 2261 periculi
1446 2177 1501 2253 sit,
1544 2190 1635 2256 tanc,
1656 2187 1690 2240 et
1767 2173 1859 2239 csilai
1880 2174 1964 2252 filio,
1987 2195 2054 2258 qua
2076 2185 2212 2239 testatur
2233 2198 2371 2262 magnos
2396 2193 2429 2244 et
2451 2180 2520 2245 sor·

527 2281 732 2346 componere
751 2261 1073 2344 methodumsaepe
1094 2259 1171 2324 mihi
1191 2263 1330 2334 venitin
1346 2269 1500 2337 mentem,
1545 2275 1596 2328 tes
1627 2263 1717 2325 viros
1767 2262 1866 2326 ebere
1897 2262 2056 2324 maximas
2082 2259 2306 2326 dimicationes
2334 2268 2520 2349 suscipere,

531 2349 566 2414 id
587 2367 654 2412 non
675 2348 772 2416 utrius
793 2346 933 2412 homin'm
956 2366 1040 2428 opus
1065 2365 1144 2414 esse
1164 2345 1298 2424 dehere,
1319 2345 1382 2410 sed
1403 2365 1502 2429 syno-
1544 2358 1581 2411 ut
1612 2345 1754 2430 posteris
1784 2342 1913 2428 saluam
1939 2341 2175 2427 rempublicam
2206 2357 2361 2431 tauquam
2395 2359 2522 2432 certam

524 2434 579 2510 di,
600 2434 635 2497 in
656 2451 722 2516 qna
744 2432 926 2496 doctissimi
946 2441 980 2494 et
1001 2431 1114 2514 optimi
1133 2431 1206 2508 viri,
1223 2451 1246 2510 ³r
1289 2432 1503 2496 communiter
1544 2432 1658 2496 sedem
1675 2427 1870 2513 relinquant.
1914 2427 2045 2501 Quanto
2067 2429 2172 2514 magis
2195 2431 2291 2496 decet
2308 2432 2358 2495 sic
2379 2431 2520 2498 affectos

534 2514 725 2594 deliberata,
740 2516 790 2580 -de
812 2517 961 2582 omnibus
982 2515 1024 2578 iis
1045 2512 1206 2592 articulis,
1228 2450 1405 2598 dquuibus
1428 2533 1501 2577 sae-
1547 2534 1635 2582 esse.
1651 2513 1857 2580 Christianos
1891 2524 1924 2579 et
1945 2511 2117 2596 Principes
2139 2524 2172 2578 et
2193 2514 2366 2594 doctores,
2393 2528 2430 2582 ut
2462 2539 2520 2582 cu·

533 2622 576 2687 pe
598 2601 746 2666 oriuntur
768 2600 1030 2677 controversiae,
1053 2608 1087 2662 et
1108 2599 1270 2683 quaedam
1290 2601 1324 2662 in
1341 2600 1423 2682 ipsis
1445 2617 1502 2662 ve·
1544 2603 1636 2684 piant
1646 2600 1791 2683 posteris
1807 2596 1890 2664 relin
1913 2617 1992 2662 uere
2002 2593 2189 2664 Ecclesiam
2205 2610 2299 2664 recte
2310 2604 2521 2666 constitutam

534 2687 658 2756 taribus
686 2681 918 2750 dissimilitudo.
942 2693 1012 2760 cst,
1041 2682 1214 2767 diligenter
1236 2684 1434 2760 iudicarent,
1469 2691 1502 2745 et
1545 2706 1586 2749 ac
1608 2680 1828 2768 tranquillane
1905 2703 1945 2746 ec
1965 2701 2047 2748 vero
2069 2679 2168 2746 ullius
2189 2684 2238 2770 rei
2255 2703 2335 2750 orna
2355 2686 2462 2770 potior
2484 2697 2521 2752 et

532 2772 694 2854 integram
717 2769 899 2833 doctrinam
920 2765 1088 2852 religionis
1111 2769 1254 2832 ederent.
1288 2766 1385 2840 Quod
1405 2765 1502 2830 Plato
1545 2768 1710 2853 antiquior
1738 2787 1851 2848 esser
1920 2769 1970 2832 nis
2002 2768 2082 2831 viris
2111 2768 2225 2848 dehet,
2257 2772 2450 2853 praesertin
2477 2771 2518 2836 iia

479 2930 482 2934 ‚
533 2857 652 3004 inspuit,
681 2850 851 2936 Principes
879 2873 990 2918 rerum
1014 2850 1220 2937 publicarum
1239 2853 1416 2936 praecipue
1435 2851 1502 2916 hoc
1546 2853 1603 3000 qui
1633 2853 1750 2916 sedent
1782 2850 1825 2916 ad
1853 2871 1898 2935 gu
1919 2849 2093 2930 emacula,
2126 2853 2182 2936 qui
2208 2854 2331 2920 atinam
2358 2855 2391 2920 in
2417 2855 2519 2924 tantis

535 2959 554 3003 e
592 2956 671 3003 cere
698 2938 839 3016 debere,
864 2948 901 3001 ut
923 2939 1013 3002 cives
1036 2949 1069 3002 et
1091 2938 1177 3002 beati
1198 2937 1264 3001 sint
1292 2948 1324 3001 et
1353 2937 1438 3000 inter
1463 2952 1502 2998 se
1577 2935 1721 3014 eclesiae
1749 2933 1988 3004 calamitatibus
2011 2933 2187 3019 aliquando
2211 2937 2276 3002 sihi
2302 2936 2389 3003 hauc
2415 2936 2518 3004 hone·

533 3024 641 3102 aurici,
664 3022 708 3086 ad
728 3021 816 3090 hunc
838 3023 994 3106 optimum
1004 3020 1179 3088 Ecclesiae
1196 3030 1317 3092 statum
1337 3019 1431 3085 nulle
1446 3036 1501 3082 res
1545 3019 2518 3108 stissimamvocemsubiiciant,dvatlitqoprro’paotqb'ppaw,

534 3107 666 3176 afferret
687 3105 765 3192 plus
785 3107 958 3187 momenti,
985 3127 1083 3190 quam
1104 3107 1135 3170 si
1155 3103 1230 3170 talis
1252 3103 1365 3190 aliqua
1384 3105 1440 3189 pia
1461 3125 1503 3168 ac
1546 3105 1705 3186 ἀποδῶμεν
1726 3112 1787 3178 τοῖς
1819 3110 2049 3187 ἐπιγιγνομένοις
2080 3104 2131 3184 τὴν
2162 3109 2326 3184 aramma
2371 3105 2409 3170 ld
2436 3128 2517 3176 veto

522 3189 673 3276 simplex
702 3203 829 3258 extaret
855 3187 962 3256 forma
989 3192 1174 3269 doctrinae,
1207 3191 1303 3277 gravi
1327 3189 1503 3254 autoritate
1545 3210 1613 3256 non
1629 3201 1740 3274 potest
1762 3185 1861 3269 effici,
1881 3189 1944 3253 nisi
1966 3190 2027 3264 rite
2049 3188 2212 3275 explicata
2233 3189 2394 3256 doctrina.
2433 3191 2519 3258 Naro

534 3279 669 3361 scripta.
712 3277 806 3342 llaec
835 3278 920 3340 enim
940 3288 975 3352 et
995 3275 1200 3361 ambigentes
1216 3277 1349 3340 animos
1372 3293 1503 3350 sanare,
1545 3273 1695 3344 violenta
1724 3272 1863 3340 consilia
1894 3293 1957 3338 nec
1989 3286 2108 3339 sanant
2140 3275 2346 3362 ambigentes
2379 3275 2518 3356 anhnos,

534 3372 569 3426 et
602 3362 813 3434 concordiam
845 3381 886 3426 ac
917 3353 1379 3444 tranquillitatem-Ecclesiae
1410 3361 1503 3424 resti·
1545 3379 1610 3425 neo
1629 3369 1769 3446 prosunt
1790 3359 1832 3424 ad
1854 3359 2115 3428 constituendam
2136 3356 2319 3424 durabilem
2339 3357 2520 3464 tranquilli·

525 3449 938 3529 ·tuerc,etin.postcru1n
958 3444 1084 3510 munire
1107 3455 1237 3530 posset.
1280 3442 1386 3508 lluius
1415 3463 1503 3506 sum·
1546 3455 1656 3510 tatem.
1695 3441 1738 3518 Et
1760 3463 1947 3528 quanquam
1969 3442 2179 3509 cohercenda
2200 3454 2253 3508 est
2267 3441 2463 3529 petulantia,
2484 3457 2519 3510 et

533 3531 579 3596 mi
599 3533 684 3594 inter
705 3529 854 3596 homines
876 3528 1028 3595 beneficii
1047 3540 1180 3594 autores
1203 3549 1270 3595 non
1298 3526 1407 3594 solum
1427 3526 1503 3612 Epi-
1546 3531 1671 3594 severis
1703 3548 1798 3592 exem
1821 3526 1863 3591 lis
1894 3527 2050 3612 puniendi
2081 3539 2175 3606 sunt,
2213 3530 2270 3612 qui
2309 3540 2424 3594 senmt
2460 3543 2519 3594 aut

525 3634 681 3699 scopos,
711 3614 771 3680 sed
795 3615 890 3678 etiam
912 3634 1057 3680 summos
1077 3613 1250 3698 Principes
1283 3632 1361 3690 esse
1393 3614 1502 3688 dccet,
1545 3625 1656 3680 amant
1670 3611 1773 3697 'impia
1795 3550 1964 3698 dogmata,
1997 3623 2055 3677 aut
2075 3614 2256 3677 seditiones
2278 3616 2437 3693 excitant,
2468 3626 2519 3678 ta·

534 3709 627 3766 utet
670 3695 787 3766 loriam
795 3697 859 3762 Dei
881 3709 998 3764 ornent
1020 3710 1053 3763 et
1074 3700 1216 3764 omnium
1238 3700 1383 3783 gentium
1405 3693 1503 3761 saluti
1545 3697 1619 3762 inen
1641 3697 1817 3763 videndum
1840 3707 1904 3774 est,
1923 3716 1966 3760 ne
1981 3701 2106 3780 pariter
2127 3700 2199 3762 sine
2220 3698 2407 3764 discrimine
2424 3715 2518 3764 exer·

536 3722 722 3864 considat,
754 3786 948 3867 praesertim
980 3804 1054 3848 cunr
1086 3785 1157 3848 stne
1187 3802 1249 3866 ope
1279 3784 1426 3864 ipsorum
1446 3798 1502 3844 res
1546 3793 1659 3848 ceatur
1679 3782 1818 3844 saevitia
1837 3781 1872 3843 in
1893 3784 2002 3845 bonos
2024 3793 2058 3845 et
2081 3780 2197 3847 malos.
2307 3799 2309 3804 ·
2405 3785 2407 3792 ’

535 3881 627 3935 tanta
653 3867 768 3952 perlici
800 3877 952 3950 nequeat.
996 3867 1069 3932 Nec
1098 3886 1178 3930 vero
1207 3866 1331 3943 dubito,
1363 3866 1442 3949 quin
1466 3875 1502 3926 ut
1575 3865 1671 3930 'Sed'
1689 3875 1725 3928 ut
1758 3863 1891 3928 redeam
1916 3866 2005 3929 unde
2038 3867 2210 3953 digressus
2239 3887 2330 3944 sum,
2357 3865 2519 3950 Equidem

532 3956 674 4040 ,quisque
717 3952 877 4035 Princeps
912 3951 1185 4034 prudentissbnus
1229 3959 1330 4096 atque
1361 3950 1501 4032 optimus
1545 3951 1684 4014 maxime
1698 3959 1804 4030 opto,
1832 3957 1868 4012 ut
1892 3949 1934 4014 tle
1955 3947 2065 4033 aliqua
2086 3953 2215 4036 integra
2234 3951 2388 4016 methodo
2417 3969 2520 4036 syno-

535 4051 599 4118 est,
631 4041 676 4104 ita
706 4035 991 4114 vehementissime
1019 4033 1182 4100 afficiatur
1201 4032 1271 4100 Eco
1286 4034 1375 4097 asiae
1402 4030 1502 4098 cladi·
1545 4035 1607 4099 dus
1630 4032 1804 4117 aliquando
1829 4031 2006 4098 deliberet*
2031 4037 2094 4100 sed
2116 4056 2190 4099 cum
2210 4035 2277 4100 boc
2298 4045 2447 4118 tempore
2469 4037 2520 4100 vl·

535 4125 609 4188 bus.
642 4140 753 4207 neque
768 4122 864 4192 enim,
879 4131 957 4184 sunt
977 4132 1034 4185 aut
1055 4122 1231 4198 obscurae,
1252 4129 1309 4182 aut
1328 4119 1376 4182 ita
1395 4114 1501 4195 leves,
1545 4121 1657 4184 derem
1674 4118 1707 4182 in
1729 4127 1819 4184 tanta
1839 4119 1998 4184 varidate
2019 4121 2273 4204 disputationum
2294 4130 2392 4204 atque
2413 4121 2520 4204 opini-
2578 4121 2583 4130 “

535 4220 572 4274 ut
596 4209 669 4274 sine
698 4226 825 4271 summa
852 4205 1032 4284 acerbitate
1054 4203 1179 4270 doloris
1201 4203 1404 4268 considerari
1448 4221 1502 4268 os·
1546 4224 1663 4280 onum,
1695 4204 1738 4266 im
1762 4203 1851 4267 eritis
1879 4205 1975 4287 quasi
2003 4207 2157 4290 regiones
2175 4206 2406 4270 monstrandas
2440 4223 2521 4269 esse

537 4295 616 4360 sint
657 4291 808 4358 Veteres.
826 4290 956 4374 quidam
982 4291 1088 4355 morbi
1105 4288 1250 4364 ¹haerent
1284 4289 1317 4352 in
1348 4224 1503 4352 Eccldsia
1546 4289 1715 4353 doctrinae
1736 4224 1960 4366 dhasomae,
1994 4309 2119 4374 eosque
2140 4290 2416 4373 praemuniendos
2439 4307 2521 4354 esse

536 4399 605 4444 non
627 4374 863 4442 dissimulandi.
908 4372 1046 4438 Constat
1067 4374 1153 4438 enim
1174 4373 1334 4459 quosdam
1353 4373 1502 4457 insignes
1547 4383 1662 4438 contra
1692 4373 1897 4455 perniciosas
1926 4384 2025 4458 atque
2052 4375 2168 4457 impias
2196 4375 2384 4459 opiniones,
2419 4375 2520 4460 coegi

536 4460 697 4528 articulos
719 4462 887 4527 doctrinae
899 4457 1103 4523 Christianae
1124 4459 1180 4524 diu
1199 4460 1342 4523 iacuisse
1365 4459 1502 4522 obrutos
1544 4457 1609 4522 hos
1632 4456 1727 4522 locos
1747 4458 1782 4520 in
1804 4457 2041 4539 compendium,
2062 4461 2152 4523 bono
2174 4458 2293 4537 studio,
2315 4469 2520 4543 etquantum

537 4548 736 4612 densissima
758 4543 907 4629 caligine.
939 4542 991 4606 Ex
1013 4563 1079 4627 qua
1098 4553 1274 4627 postquam
1295 4539 1404 4607 evolvi
1427 4562 1502 4608 coe·
1546 4545 1637 4627 potui
1667 4543 1741 4606 dedi
1763 4561 1914 4624 operam,
1942 4554 1978 4606 ut
2000 4544 2147 4607 ordinem
2169 4555 2202 4608 et
2223 4543 2308 4608 viam
2330 4544 2374 4609 ad
2395 4545 2519 4608 docen-

536 4643 656 4715 perunt
677 4649 780 4713 opera
801 4630 1006 4713 quorundam
1028 4629 1200 4692 doctorum
1221 4638 1254 4691 et
1275 4628 1436 4692 bonorum
1456 4627 1503 4691 vi-
1548 4630 1623 4693 dum
1640 4628 1922 4691 accommodatam
1942 4626 2141 4706 adhiberem,
2164 4649 2279 4713 meque
2300 4629 2333 4691 in
2355 4629 2428 4713 ipsa
2448 4639 2520 4691 rne-

536 4734 659 4792 rorum,
681 4716 789 4778 statim
802 4724 962 4797 suscepta
977 4722 1030 4776 est
1052 4715 1176 4795 passim
1192 4713 1346 4777 inusitata
1356 4712 1503 4778 saevicia
1545 4712 1636 4776 thodi
1659 4723 1753 4794 septa
1774 4710 1950 4795 diligenter
1970 4710 2104 4790 inclusi,
2132 4715 2219 4816 quod
2237 4726 2273 4777 ut
2293 4709 2430 4792 faciam,
2452 4715 2521 4776 etsi

536 4808 569 4860 et
597 4799 733 4883 indigna
759 4795 892 4862 lenitate
915 4795 1166 4864 Ecclesiastica.
1230 4797 1346 4881 Neque
1377 4807 1503 4862 tantum
1547 4800 1644 4862 etiam
1666 4797 1787 4882 ingenii
1808 4794 1978 4860 infirmitas
2000 4818 2053 4861 me
2074 4818 2115 4863 co
2140 4810 2174 4876 rt,
2196 4809 2304 4862 tamen
2324 4797 2435 4862 babeo
2457 4795 2520 4861 ali·

536 4882 743 4947 trucidantur
754 4883 833 4947 boni
855 4894 888 4946 et
910 4884 999 4948 docti
1020 4884 1092 4960 viri,
1112 4881 1346 4946 confirmantur
1366 4883 1503 4958 abusus,
1546 4904 1645 4967 quam
1666 4878 1794 4946 consilii
1815 4882 1878 4944 mei
1899 4883 2070 4946 rationem.
2114 4820 2309 4967 duanquam
2331 4883 2416 4947 enirn
2438 4895 2521 4945 sunt

537 4966 600 5032 sed
621 4968 754 5032 omnino
776 4969 864 5032 extin
913 4977 1010 5031 untur
1030 4968 1139 5030 studia
1155 4968 1325 5031 doctrinae
1346 4963 1504 5030 Christia-
1546 4964 1695 5031 nonnulli
1716 4962 1953 5029 excellentibus
1980 4969 2120 5054 ingeniis
2146 4969 2303 5049 praediti,
2332 4968 2404 5051 qui,
2426 4963 2521 5032 velut

535 5069 609 5114 nae.
653 5049 738 5115 Hinc
768 5065 841 5117 orta
892 5053 1051 5129 isscnsio,
1080 5072 1155 5115 cum
1184 5048 1249 5114 alia
1274 5049 1399 5114 infinita
1418 5050 1504 5133 parit
1545 5051 1680 5116 Phidias
1699 5051 1809 5114 tribuit
1827 5053 1942 5114 statuis
1965 5073 2033 5116 non
2055 5050 2161 5116 solum
2180 5063 2289 5134 aptam
2311 5051 2520 5116 harmoniam

535 5135 761 5213 incommoda,
800 5147 868 5200 tam
905 5134 971 5200 hoc
1004 5136 1232 5218 praecipuum,
1265 5136 1354 5218 quod
1395 5139 1504 5199 locum

534 5221 681 5302 praebet,
703 5228 740 5280 ut
761 5218 809 5298 lit,
829 5217 951 5285 alicubi
970 5220 1131 5296 indoctis,
1153 5220 1318 5283 seditiosis
1336 5229 1368 5281 et
1389 5216 1505 5283 lanati-

536 5304 585 5366 cis
607 5302 808 5381 hominibus,
836 5307 889 5386 qui
916 5315 950 5368 et
980 5297 1124 5367 nefarias
1152 5311 1322 5384 θεομαχίας
1343 5314 1504 5389 spargunt
1564 5288 1593 5354 θ)
1619 5286 1702 5352 Μ]
1723 5287 1795 5340 Εω
1812 5290 1835 5342 ⁸·
1856 5289 1895 5341 ¹¹·
1911 5290 1993 5342 ¹³⁸¹02
2011 5289 2093 5342 ‘¹⁰⁰²‘-

535 5387 568 5450 in
578 5385 743 5465 Ecclesia,
766 5399 799 5449 et
820 5389 861 5451 de
883 5391 981 5452 rebus
1005 5385 1155 5452 civilibus
1177 5385 1281 5451 falsas
1300 5400 1413 5451 serunt
1434 5389 1503 5470 opi·
1563 5390 1592 5454 7)
1616 5390 1728 5452 hemth-
1745 5391 1842 5443 neuen
1858 5392 1907 5453 Vll,
1928 5393 1950 5453 ¹,
1968 5393 2009 5444 ²0·
2027 5391 2067 5442 ed·
2086 5391 2196 5441 mnne.

534 5473 672 5550 niones,
700 5484 733 5537 et
760 5473 966 5557 perniciosas
989 5471 1139 5556 religioni
1165 5485 1206 5537 ao
1229 5469 1316 5536 civili
1336 5472 1525 5537 hominum*
1563 5491 1593 5554 a)
1618 5491 1766 5556 exercitum]
1787 5492 1829 5543 bu.
1852 5489 2346 5553 11.erroretyponeue=ererattum

1551 5204 1751 5216 ..ιι-
