5859 6734
466 709 547 772 root
1085 715 1198 780 PlllL.
1220 716 1324 780 MEL.
1347 715 1532 784 SCRIPTA
1552 717 1827 784 DOGMA'MCA.
2393 713 2469 782 m

463 897 595 980 spondit
628 895 790 980 Origenes
824 895 1044 962 Christianam
1082 899 1226 964 militiam
1259 921 1338 966 esse
1368 922 1430 986 pro
1474 903 1545 967 Etsi
1553 917 1787 988 grassatorem,
1797 915 1834 967 ut
1842 899 2015 982 latronem,
2027 903 2123 968 etiam
2131 900 2465 988 vetrrataelegesca·

464 979 606 1062 imperiis
629 977 738 1044 Deum
765 983 904 1062 precari.
948 981 1020 1046 Etsi
1053 985 1094 1047 de
1121 995 1215 1068 parte
1247 983 1432 1050 officiorum
1495 987 1563 1053 itali
1595 983 1754 1071 supplicio
1777 985 1974 1066 afficiebant,
2003 997 2035 1050 et
2065 985 2131 1052 hac
2164 988 2309 1052 ratione
2335 987 2462 1072 quidam

463 1076 652 1128 nostrorum
672 1074 761 1129 recte
772 1065 934 1151 Origenes
958 1070 1138 1150 respondit,
1160 1081 1266 1133 tamen
1289 1091 1356 1134 non
1378 1091 1431 1134 su·
1474 1010 1540 1157 legi
1573 1073 1718 1136 usitatae
1739 1092 1805 1135 non
1828 1072 2048 1154 imprudenter
2068 1072 2355 1154 patrocinantur,
2391 1073 2459 1158 qaia

464 1152 506 1212 tis
528 1150 618 1213 (Ιὶιίι.
662 1149 844 1234 Utrumque
867 1162 936 1215 erat
964 1150 1261 1236 complectendum,
1290 1166 1321 1218 et
1343 1156 1432 1219 dimi·
1475 1158 1507 1219 in
1541 1155 1592 1220 his
1627 1158 1809 1220 barbaricis
1841 1157 1995 1240 gentibus
2029 1151 2119 1220 fures
2152 1153 2366 1244 plerumque
2388 1173 2458 1222 sunt

464 1245 518 1298 cat
539 1236 571 1297 in
593 1236 665 1298 acie
687 1233 892 1300 Christianus
919 1237 1009 1300 iusta
1031 1240 1255 1316 vocationem,
1288 1250 1320 1303 et
1341 1260 1432 1302 arara
1475 1251 1686 1323 grassatores
1708 1254 1742 1304 et
1762 1240 1837 1304 telis
1862 1250 1894 1303 et
1914 1237 2083 1306 voluntate
2103 1242 2250 1306 nocendi
2269 1244 2404 1320 armati,
2424 1257 2456 1307 ut

463 1321 674 1384 invocatione
696 1319 758 1382 Dei
791 1321 940 1398 adiuvat,
972 1333 1007 1385 ιιι
1029 1322 1138 1386 Darid
1171 1325 1344 1387 inuasurus
1367 1322 1432 1386 Go·
1474 1324 1639 1398 latrones3
1672 1336 1779 1389 tamen
1801 1327 1899 1390 iudex
1921 1321 2130 1390 Christianus
2151 1338 2185 1391 et
2208 1325 2280 1392 hoc
2309 1327 2454 1392 conside

464 1402 544 1468 liuth
567 1405 696 1468 instruit
718 1424 756 1466 se
777 1407 932 1486 precibus
955 1405 1110 1471 etfunda.
1145 1406 1345 1471 Antecelliti
1370 1409 1433 1471 itur
1476 1422 1538 1486 ret,
1571 1409 1653 1473 satis
1686 1429 1774 1487 esse,
1808 1411 1837 1474 si
1859 1406 1913 1474 lex
1935 1429 1999 1474 con
2113 1410 2157 1474 ad
2177 1409 2275 1476 hanc
2299 1409 2451 1496 regulam

465 1487 670 1553 Christianus
703 1488 798 1551 aniles
829 1488 980 1572 profano.
1024 1491 1202 1555 Praeterea
1230 1491 1314 1554 fines
1344 1429 1433 1556 diffe-
1476 1506 1512 1557 ut
1532 1507 1585 1559 tur
1609 1495 1640 1556 ia
1661 1488 1749 1558 sacta
1770 1495 1893 1577 puniat,
1913 1490 1998 1558 Dein
2023 1493 2188 1580 egrodus
2212 1497 2450 1577 pennittendos

466 1584 550 1637 runt.
593 1572 701 1637 David
723 1571 917 1656 proeliatur,
939 1587 975 1638 ut
997 1574 1152 1640 defendat
1174 1575 1354 1641 coelestem
1376 1578 1433 1640 do·
1477 1598 1552 1643 esse
1584 1515 1693 1662 legum
1716 1579 1958 1657 conditoribus,
1990 1579 2142 1644 severius
2186 1581 2362 1646 uniendos
2382 1599 2451 1645 csse

465 1660 612 1722 ctrinarn.
658 1657 757 1723 lulius
779 1657 969 1741 proeliatur,
993 1672 1028 1723 ut
1050 1679 1145 1724 suam
1167 1662 1357 1746 dignitatem
1374 1662 1433 1725 de·
1477 1662 1568 1726 fures
1607 1664 1639 1725 in
1671 1664 1711 1726 iis
1741 1661 1920 1741 Gentibus,
1962 1662 2017 1727 ubi
2048 1661 2152 1748 discip
2166 1683 2225 1728 rna
2253 1662 2369 1730 laxior
2396 1677 2450 1742 est,

465 1741 587 1807 tendat.
632 1743 688 1807 Sic
710 1741 877 1807 antecellit
898 1747 1098 1828 gubernator
1115 1745 1237 1809 {eseias
1261 1745 1433 1811 Ciceroni:
1477 1768 1574 1832 quam
1601 1745 1696 1826 aliti,
1719 1747 1773 1812 ubi
1799 1744 1930 1811 suerunt
1951 1744 2017 1810 alie
2037 1743 2139 1812 multa
2163 1747 2370 1832 disciplinae
2390 1751 2450 1814 via·

465 1828 582 1892 Cicero
616 1830 658 1892 ad
688 1829 959 1913 gubernationem
986 1841 1109 1894 tantum
1132 1850 1192 1893 sua
1214 1827 1351 1895 eorrsilia
1373 1851 1433 1895 seu
1478 1829 1564 1898 cula.
1608 1830 1678 1896 Nec
1704 1831 1799 1898 Deus
1831 1832 1993 1914 improbat
2015 1832 2248 1910 severitatem,
2282 1835 2368 1918 quia
2384 1855 2450 1917 pec·

465 1913 670 1997 prudentiam
691 1933 784 1975 suam
806 1925 840 1976 et
860 1912 1060 1997 diligentiam
1082 1913 1187 1993 affert,
1208 1914 1331 1979 lesaias
1353 1935 1432 1979 vero
1477 1927 1552 1980 cata
1584 1927 1699 1980 nostra
1731 1917 1803 1980 sine
1831 1915 1930 1979 dnbio
1959 1927 2125 1980 merentur
2157 1927 2305 1982 mortem
2341 1918 2450 1984 iudica

466 2010 498 2062 et
520 2016 636 2080 preces
658 2009 690 2060 et
734 1999 926 2074 audentiam,
948 2011 981 2062 et
1003 2018 1102 2082 saepe
1124 1997 1277 2078 clamitat,
1294 2012 1330 2063 ut
1351 2001 1432 2064 scri·
1476 2000 1548 2066 Dei.
1593 1999 1665 2065 Lex
1682 1997 1793 2086 Moysi
1824 1997 1926 2065 filiurn
1957 1997 2143 2066 helluonem
2166 2014 2200 2067 et
2226 2015 2449 2068 contumacem

467 2085 553 2146 bitur
573 2084 604 2145 ⁶2.
627 2082 693 2145 Par
728 2082 810 2144 Ab.
835 2088 898 2158 [vs.
923 2083 987 2162 la]
1011 2082 1093 2147 Cum
1114 2084 1322 2168 ignoramus,
1356 2085 1432 2169 quid
1477 2084 1546 2149 vult
1579 2086 1621 2148 ad
1653 2085 1777 2150 iudices
1810 2085 1929 2150 adduci
1960 2098 1993 2149 et
2026 2085 2286 2152 condemnatum
2307 2087 2450 2154 interfici.

467 2165 652 2232 iaciendum
670 2168 723 2243 sit,
746 2164 861 2231 oculos
882 2180 1016 2232 nostros
1038 2169 1080 2232 ad
1102 2181 1135 2230 te
1156 2167 1347 2232 attollimus.
1476 2170 1568 2234 Haec
1589 2165 1642 2232 lex
1663 2169 1898 2234 honestissima
1918 2189 2005 2236 nunc
2033 2171 2128 2234 nimis
2150 2172 2262 2235 tristis
2281 2172 2451 2249 diceretur,

553 2253 645 2316 llaec
679 2253 720 2315 de
747 2254 896 2317 secunda
922 2251 1037 2338 regula
1060 2254 1202 2317 breviter
1231 2255 1314 2330 dixi,
1350 2274 1434 2337 quae
1478 2275 1562 2339 quae
1595 2267 1703 2318 tamen
1726 2255 1867 2318 ostendit
1888 2251 1964 2320 Deo
1984 2251 2115 2338 placere
2137 2253 2347 2339 disciplinae
2368 2275 2449 2322 sere

467 2339 511 2421 pii
538 2336 684 2401 lectores
717 2335 890 2421 diligenter
912 2338 1106 2421 expendant,
1140 2351 1175 2401 ut
1198 2340 1326 2401 discant
1347 2341 1433 2402 vitae
1477 2341 1615 2403 ritatem.
1650 2337 1773 2403 Omitto
1795 2337 1849 2404 hic
1870 2335 1903 2402 lo
1952 2339 2053 2404 ‘orem
2075 2339 2357 2423 disputationem
2378 2341 2450 2406 Man

467 2419 617 2505 politicae
639 2423 826 2506 dignitatern
848 2421 1042 2508 intelligere,
1064 2435 1096 2486 et
1115 2424 1335 2501 considerent,
1357 2424 1434 2508 quid
1477 2423 1561 2488 haec
1584 2425 1737 2488 recensui
1764 2434 1888 2488 tantum
1913 2444 1932 2487 a
1977 2421 2335 2490 commonefaciendus
2354 2427 2450 2492 rudio-

468 2508 593 2571 intersit
614 2509 698 2569 inter
718 2505 886 2590 politicum
908 2509 1012 2572 virum
1034 2510 1121 2590 pium
1143 2521 1176 2570 et
1197 2505 1378 2591 profanum.
1478 2530 1545 2586 res,
1567 2529 1609 2571 ne
1630 2519 1824 2573 moveantur
1846 2504 2046 2572 clamoribus
2068 2505 2197 2572 illorum
2204 2555 2217 2585 ‚
2243 2511 2304 2613 qui
2327 2523 2450 2575 conten·

553 2591 661 2655 Tertia
689 2591 813 2674 regula.
857 2591 950 2655 Euan
977 2590 1073 2656 cliunr
1102 2612 1166 2654 non
1193 2592 1367 2675 praecipit,
1399 2605 1435 2656 ut
1479 2594 1560 2658 dunt
1592 2613 1707 2656 rursus
1739 2595 1773 2656 in
1800 2589 1907 2656 forum
1939 2590 1950 2654 l
1995 2612 2031 2656 es
2055 2592 2227 2658 Mosaicas
2254 2595 2451 2662 invehenda

469 2689 600 2740 nostrae
621 2675 754 2760 politiae
776 2689 930 2760 regantur
951 2613 1080 2760 legibus
1103 2673 1291 2741 forensibus
1314 2677 1433 2762 Moysi,
1480 2698 1556 2742 esse
1579 2679 1683 2741 etius
1700 2677 1882 2742 Romanum
1904 2677 1968 2742 abo
1983 2680 2100 2742 endum
2123 2698 2212 2743 esse.

470 2783 530 2825 nec
562 2782 682 2825 novam
703 2758 843 2844 aliquam
865 2759 1069 2845 corporalem
1090 2760 1234 2843 politiam
1256 2763 1435 2837 constituit,
1564 2762 1608 2825 Et
1639 2763 1680 2825 de
1711 2763 1832 2828 usitata
1852 2763 2120 2846 πολυπραγμοσύνη
2140 2763 2339 2830 iuvenilium
2369 2767 2451 2850 iugc·

469 2847 527 2910 sed
550 2848 638 2909 iubet
654 2865 715 2908 nos
738 2846 966 2928 praesentibus
988 2847 1231 2930 magistratibus
1254 2843 1434 2930 aclegibus
1480 2849 1625 2922 nicrum,
1664 2859 1777 2911 vetera
1808 2847 1955 2910 instituta
1986 2847 2164 2910 mediocria
2196 2848 2450 2933 reprehendere,

469 2932 710 3014 obtemperare,
736 2950 820 3013 quae
842 2943 950 2998 tarrren
973 2952 1039 2995 non
1061 2944 1209 3015 pugnant
1222 2953 1295 2994 cum
1305 2929 1435 3016 legibus
1480 2952 1584 2995 novas
1607 2928 1700 3015 leges
1722 2930 1829 3007 ferre,
1863 2931 2097 3012 expeditiorem
2120 2933 2277 2998 ordinem
2299 2933 2450 3022 cognitio·

469 3027 622 3094 naturae,
656 3027 687 3077 ct
719 3016 892 3097 praecipit,
926 3028 961 3080 ut
989 3026 1180 3099 praesentes
1202 3013 1330 3098 politias
1353 3017 1436 3081 tueri
1479 3038 1556 3080 num
1579 3016 1611 3076 in
1634 3015 1759 3078 iudiciis
1780 3016 2017 3098 praescribere,
2038 3035 2153 3100 regere
2171 3015 2285 3083 sorum
2302 3031 2451 3104 tanquan

470 3113 502 3163 et
523 3121 642 3163 narrare
665 3100 866 3163 studeamus.
911 3101 967 3164 Sic
991 3101 1075 3163 enirn
1097 3103 1199 3183 inquit
1218 3102 1341 3164 diserte
1350 3100 1436 3163 Pau·
1480 3099 1630 3164 aedilitiis
1648 3101 1774 3176 edictis,
1796 3112 1940 3163 statuere
1961 3121 2070 3164 rerum
2090 3098 2261 3166 venalium
2283 3105 2399 3188 pretia,
2420 3115 2450 3166 ut

469 3183 520 3249 lus
554 3183 660 3261 {Rorn-
687 3183 736 3266 13,
762 3185 821 3262 ld:
867 3187 982 3248 Cauris
1012 3186 1120 3248 animo
1152 3187 1317 3269 potestati,
1351 3205 1435 3268 quae
1479 3187 1608 3249 memini
1632 3181 1805 3249 Mustelam
1833 3181 1927 3247 aulus
1949 3184 2071 3249 docere
2093 3186 2135 3250 de
2155 3187 2275 3252 ordine
2297 3189 2450 3270 cognitio·

469 3282 611 3352 praeest,
631 3267 696 3332 hoc
719 3282 781 3346 est,
804 3272 968 3351 praesenti
992 3271 1143 3353 potestati
1165 3272 1306 3334 obediat.
1340 3270 1436 3333 llanc
1481 3291 1566 3334 num.
1609 3270 1681 3333 Nec
1710 3290 1773 3353 ego
1796 3289 1883 3332 nunc
1906 3265 2103 3355 diligentiam
2125 3272 2306 3354 sapientum
2328 3272 2448 3355 guber·

469 3352 617 3439 regulam
639 3354 712 3416 ideo
735 3357 902 3430 recensui,
926 3357 1001 3438 quia
1022 3355 1151 3417 rnenrini
1172 3352 1304 3432 arultoS,
1323 3353 1436 3417 Mone-
1481 3367 1630 3418 iratorum
1652 3353 1867 3438 reprehendo,
1889 3354 1949 3416 sed
1971 3352 2145 3418 iuvenilem
2156 3353 2446 3442 πολυπραγμοσύνῃ,

468 3441 602 3515 tarium,
635 3437 813 3502 Struthium
831 3451 862 3502 et
885 3439 981 3512 alius,
1004 3441 1058 3522 qui
1081 3440 1322 3503 contendebant
1344 3438 1436 3502 Chri·
1481 3461 1578 3522 quum
1600 3437 1729 3503 frenare
1750 3435 1830 3502 utile
1852 3449 1903 3502 est
1924 3441 2116 3520 praesertim
2137 3440 2171 3502 in
2195 3441 2253 3518 iis,
2288 3440 2340 3524 qni
2358 3440 2446 3502 mini·

470 3525 595 3586 stianos
617 3535 770 3605 oportere
793 3525 1038 3588 controversias
1056 3521 1208 3587 forenses
1231 3524 1374 3587 iudicare
1396 3545 1436 3588 ex
1481 3526 1582 3587 sterio
1602 3522 1772 3606 Evangelii
1793 3521 1984 3607 funguntur.
2006 3521 2047 3585 lli
2063 3536 2252 3605 proponant
2275 3523 2447 3590 doctrinam

470 3607 598 3692 legibus
620 3608 776 3672 Mosaicis
798 3620 831 3672 et
854 3606 1050 3672 abolendum
1073 3619 1149 3671 csse
1170 3610 1221 3671 ius
1242 3607 1436 3685 Romanum,
1483 3610 1523 3672 de
1556 3628 1635 3671 vera
1656 3607 1718 3671 Dei
1750 3608 2011 3690 invocationem)
2046 3618 2079 3671 et
2112 3609 2153 3672 de
2184 3610 2309 3674 ceteris
2338 3605 2448 3674 officiis

471 3716 534 3777 quo
568 3714 654 3758 nunc
687 3695 719 3757 in
751 3692 824 3757 foro
857 3695 990 3758 utimurr
1034 3693 1107 3756 lloc
1139 3695 1215 3777 quid
1245 3706 1315 3756 erat
1336 3691 1436 3770 aliud,
1481 3694 1620 3777 pictatis.
1666 3691 1858 3756 iudiciorum
1892 3703 2001 3755 eutem
2033 3703 2065 3754 et
2097 3689 2159 3755 sori
2181 3695 2448 3776 gubernationem

471 3800 568 3862 quam
586 3781 758 3842 restituere
775 3777 919 3860 politiam
940 3779 1137 3857 Mosaiuam,
1171 3798 1266 3860 quarn
1287 3788 1324 3841 ut
1343 3776 1436 3841 Dens
1482 3780 1588 3842 sciant
1611 3775 1682 3840 aliis
1706 3775 1885 3840 artificibus
1908 3776 2166 3840 commendatam
2189 3797 2284 3856 esse,
2311 3792 2345 3843 et
2365 3798 2448 3862 prae·

471 3863 658 3927 ostenderet
675 3884 741 3927 non
764 3875 918 3946 oportere
940 3873 1130 3946 perpetuam
1153 3881 1239 3938 esse,
1249 3860 1394 3926 funditus
1405 3875 1437 3925 et
1484 3864 1569 3945 cepti
1590 3862 1700 3926 usitati
1722 3860 1935 3937 meminerint,
1963 3871 1999 3924 ut
2021 3881 2114 3941 suam
2136 3862 2283 3947 quisque
2306 3863 2448 3948 Spartan

470 3944 617 4011 horribili
640 3946 788 4031 exemplo
810 3945 958 4012 delerit‘l
1484 3958 1588 4010 ornet.
1632 3944 1676 4008 Ut
1707 3945 1794 4028 apud
1817 3943 2070 4026 Aristophanem
2093 3942 2198 4009 Cleon
2235 3948 2360 4014 dicitur
2379 3944 2447 4012 alte·

556 4031 664 4114 Saepe
697 4034 760 4095 ianr
794 4034 913 4095 dietum
942 4043 994 4095 est
1015 4028 1230 4115 Evangelium
1252 4032 1438 4094 concionari
1483 4053 1554 4095 rum
1576 4029 1692 4113 pedem
1712 4031 1745 4092 in
1768 4031 1875 4107 cruia,
1897 4026 2034 4093 alterurn
2055 4031 2087 4092 in
2110 4032 2231 4094 castris
2254 4031 2393 4111 habere,
2412 4034 2448 4096 ita

472 4118 513 4180 de
545 4118 667 4180 iustitia
700 4114 861 4199 spirituali
883 4128 914 4180 et
936 4129 1087 4190 aeterna,
1119 4129 1154 4179 ut
1176 4113 1298 4178 Paulus
1321 4117 1437 4198 inquit:
1483 4116 1537 4178 isti
1560 4115 1746 4197 inquieti⁷⁷)
1770 4111 1908 4179 alterurn
1930 4113 2046 4195 pedem
2069 4115 2101 4176 in
2125 4117 2236 4193 curia,
2259 4114 2447 4182 alternatio

472 4200 686 4287 Evangelium
708 4213 759 4266 est
781 4202 993 4265 ministerium
1014 4202 1159 4283 spiritus,
1188 4219 1249 4262 nec
1273 4201 1438 4264 constituit
1482 4196 1634 4263 Ecclesia
1655 4198 1789 4274 habent,
1812 4210 1844 4262 et
1868 4200 2026 4262 haterdum
2048 4199 2183 4278 perinde
2205 4202 2362 4266 condunt
2381 4201 2447 4266 ciri-

473 4299 595 4351 certain
618 4284 821 4370 corporalem
842 4284 998 4370 politium,
1021 4285 1081 4349 sed
1105 4287 1181 4348 sinit
1202 4305 1265 4348 nus
1286 4285 1438 4348 utidissi·
1482 4297 1593 4362 tatem,
1611 4297 1646 4348 ut
1667 4286 1760 4346 simia
1782 4284 1813 4345 in
1831 4280 2180 4367 fabulallermogenis,
2203 4305 2296 4368 quae
2315 4285 2447 4370 aliqum

472 4371 600 4439 milibus
622 4371 743 4455 politiis
754 4372 905 4437 Gentium
927 4384 962 4436 ut
983 4370 1196 4435 dissimilibus
1219 4372 1342 4435 dier-run
1363 4389 1438 4452 spa·
1483 4369 1524 4432 do
1549 4382 1645 4454 capta
1663 4370 1708 4436 ,ab
1730 4365 1916 4430 hominibus
1939 4368 2065 4430 viderat
2086 4369 2198 4446 urbes,
2211 4369 2447 4448 domoshoad·

472 4460 536 4534 tiis,
564 4460 661 4522 modo
684 4471 720 4522 ut
741 4455 832 4542 leges
855 4478 920 4521 non
941 4468 1087 4540 pugnent
1109 4478 1184 4520 cunr
1206 4457 1276 4519 iurc
1287 4467 1436 4532 naturae,
1481 4474 1557 4517 num
1580 4471 1796 4536 congressus,
1817 4450 1955 4528 theatra,
1977 4450 2178 4533 spectacula,
2201 4449 2320 4519 ludos.
2364 4453 2449 4520 Redit

473 4545 531 4610 sed
552 4545 734 4628 approbent
755 4543 896 4607 honesta
917 4541 1004 4605 fucta
1021 4557 1052 4605 et
1066 4543 1199 4622 pruriant
1210 4541 1326 4622 turpia.
1354 4538 1438 4602 Nam
1482 4539 1580 4622 igitur
1600 4539 1643 4601 ad
1663 4538 1775 4600 simias
1796 4556 1837 4599 ao
1858 4548 1980 4612 narrat,
2004 4537 2226 4620 quidviderit,
2245 4537 2449 4616 toramen

472 4627 559 4692 hanc
581 4625 727 4713 regulam
748 4630 845 4693 iudex
867 4627 1073 4691 Christianus
1096 4627 1187 4708 sequi
1211 4625 1319 4701 debet,
1342 4643 1438 4707 quam
1482 4623 1647 4687 hominurn
1669 4622 1844 4686 haitatione
1868 4623 2009 4685 condant
2033 4622 2167 4698 domos,
2194 4624 2321 4706 quibus
2346 4639 2448 4710 tegata

474 4727 507 4775 et
527 4710 648 4777 Paulus
670 4714 785 4777 recitat
806 4712 899 4776 Rom.
925 4709 974 4774 13.
997 4715 1080 4790 [sss.
1098 4711 1118 4772 2
1137 4713 1202 4792 sap]
1224 4707 1439 4794 Magistratus
1483 4721 1535 4772 tur
1556 4717 1669 4771 contra
1691 4716 1923 4788 tempestateS,
1945 4719 1978 4770 et
1997 4707 2120 4770 addant
2141 4708 2273 4771 moenia
2289 4709 2448 4774 adversat

475 4799 594 4862 tribuat
614 4797 771 4861 honorem
794 4810 883 4861 recte
906 4796 1003 4860 sectis
1026 4807 1057 4859 et
1070 4795 1182 4878 puniat
1195 4795 1311 4877 turpia.
1346 4793 1439 4864 Quae
1484 4789 1609 4871 leones,
1641 4788 1749 4874 lupos,
1771 4789 1930 4854 homines.
1974 4790 2044 4855 Nec
2077 4803 2202 4855 tanturn
2223 4789 2311 4856 haec
2335 4789 2448 4857 utilia·

475 4903 554 4945 vero
575 4883 641 4946 siat
661 4883 810 4959 honesta,
832 4902 915 4966 quae
937 4882 1044 4962 turpia
1066 4882 1097 4943 iu
1111 4879 1267 4957 moribus,
1290 4876 1440 4942 diiudicat
1485 4878 1693 4960 proponitur,
1715 4877 1775 4939 sed
1797 4888 2091 4940 commemorantur
2115 4876 2245 4940 theatra
2268 4888 2300 4940 et
2325 4887 2448 4962 specte

476 4966 526 5031 lex
550 4979 696 5032 naturae.
902 5001 908 5006 -
1485 4959 1568 5024 cula.
1611 4960 1735 5024 Morum
1764 4960 1895 5024 inritatio
1928 4980 2066 5043 magnas
2096 4958 2285 5044 voluptates
2308 4962 2449 5042 paritura

548 5051 677 5116 Deinde
685 5049 763 5114 nihil
774 5048 1085 5116 interestEcclesiae
1098 5049 1129 5110 in
1141 5045 1295 5131 hisquae
1307 5057 1382 5110 sunt
1393 5048 1440 5110 iu·
1460 5059 1464 5106 t
1485 5046 1662 5110 videbatur.
1718 5041 1835 5111 Placet
1865 5045 1962 5128 igitur
1991 5042 2170 5108 consilium·
2214 5043 2257 5108 Et
2291 5046 2450 5109 dimittunt

474 5141 519 5201 ris
537 5136 678 5219 positivi,
690 5133 877 5220 quodleges
887 5133 1034 5200 Gallicae
1045 5135 1076 5196 in
1085 5134 1199 5215 poenis
1211 5143 1268 5196 aut
1276 5131 1439 5196 divisioni·
1460 5111 1465 5224 Ι
1485 5125 1614 5191 vetulae
1657 5128 1771 5192 simiae
1802 5129 1945 5193 iuniores
1976 5128 2020 5191 ad
2051 5132 2217 5194 materiam
2252 5129 2449 5194 caedendam
2474 5167 2478 5172 -

474 5223 537 5285 bus
555 5221 792 5286 haereditatum
809 5232 864 5284 aut
883 5220 1152 5284 successionibus
1169 5215 1344 5280 dissimiles
1363 5226 1439 5279 sunt
1486 5224 1542 5276 aut
1563 5231 1646 5277 saxu
1668 5213 1892 5278 convehenda.
1937 5212 2004 5277 Sed
2027 5211 2079 5276 hic
2102 5211 2355 5296 deprehendunt
2377 5207 2450 5277 stul·

476 5305 692 5371 Gemranieis
732 5303 849 5369 Utatur
866 5300 1070 5368 Christianus
1087 5304 1120 5364 in
1138 5303 1292 5365 Arrueuia
1312 5299 1440 5385 legibus

497 5383 1441 5470 oliticiseiusGentis‚atincivituteVenetautaturlegibus

508 5478 623 5542 enetis.
663 5475 811 5552 Memini,
835 5473 890 5619 dni
909 5468 1066 5536 nolebant
1090 5468 1179 5534 ullos
1199 5467 1290 5536 sures
1312 5466 1442 5554 capitali
1487 5467 1532 5530 ⁷⁶)
1550 5469 1717 5534 irroratione]
1734 5470 1808 5524 rttu.
1826 5474 1847 5518 1·
1866 5469 1890 5518 ³·
1908 5470 2035 5530 &¹⁰⁰²
2054 5475 2080 5522 et
2097 5469 2253 5522 memnone

475 5560 612 5648 supplici
619 5557 739 5639 afficio,
754 5560 831 5643 quia
856 5578 897 5621 ex
904 5555 1013 5642 Moysi
1024 5557 1114 5638 punit
1131 5552 1235 5620 furem
1247 5550 1441 5638 quadruplo·
1488 5570 1533 5632 rr)
1550 5571 1728 5636 aquierere]
1747 5572 1821 5625 adiu
1839 5574 1862 5619 1.
1881 5571 1905 5620 a.
1924 5571 2015 5623 mrrou
2093 5581 2096 5588 ·
