5859 6734
460 623 528 720 339„
802 655 809 666 ²
986 651 989 656 ·
1096 669 1207 739 aun,
1228 669 1333 740 amu.
1354 667 1542 738 scarras
1561 663 1836 734 oocnanoa.
2401 681 2470 752 aso

467 865 543 913 nun
570 844 717 921 somnia,
748 845 840 907 miris
872 841 1019 908 artificiis
1046 843 1239 925 incendant,
1271 845 1443 931 plurimam
1492 869 1546 916 nie
1566 855 1774 936 interficiunt,
1796 867 1829 924 et
1847 858 2038 938 docuinam,
2055 863 2088 924 in
2106 882 2171 946 qua
2188 865 2260 927 veri
2282 864 2390 933 cultu
2402 870 2470 935 Dei

470 949 546 998 mea
562 927 688 995 referre
702 929 827 1010 putavi,
848 939 884 991 ut
899 928 958 993 tibi
970 948 1087 1016 regum
1096 931 1238 996 omnium
1250 932 1441 998 doctissimo
1493 947 1732 1017 monstrantur,
1759 940 1880 1008 delent.
1923 942 2037 1028 ltaque
2060 963 2127 1009 non
2150 945 2258 1012 solum
2281 953 2468 1020 moderatio

471 1015 664 1082 exhiberem
690 1011 758 1078 hoc
787 1011 961 1095 scriptum,
992 1026 1030 1079 ut
1056 1011 1217 1078 Maiestas
1248 1027 1306 1080 tua
1332 1020 1442 1101 potius
1494 1032 1568 1099 tua,
1601 1035 1634 1088 et
1655 1022 1829 1090 clementia
1849 1028 1921 1110 ipsa
1942 1026 2106 1092 laudanda
2128 1043 2196 1109 est,
2229 1034 2290 1096 sed
2311 1036 2469 1102 iudicium

472 1119 516 1164 ex
534 1097 602 1163 hoc
623 1098 765 1180 scripto,
820 1117 896 1161 uam
917 1117 959 1160 as
980 1096 1119 1162 aliorum
1141 1097 1332 1180 calumniis,
1361 1105 1442 1168 iudi·
1493 1107 1603 1191 potius
1620 1129 1661 1173 ac
1678 1110 1850 1193 sapientia,
1872 1113 1960 1195 quod
1977 1111 2134 1177 Maiestas
2151 1115 2189 1178 Τ.
2209 1118 2255 1180 ita
2276 1129 2384 1184 tuetur
2401 1122 2468 1187 Eo·

473 1183 559 1270 cium
569 1183 612 1248 de
621 1192 715 1246 meet
723 1117 866 1246 totohoc
874 1183 1302 1269 doctrinaegenere,inquo
1312 1206 1443 1268 versor,
1494 1189 1617 1256 clesiae
1638 1192 1920 1277 tranquillitatem,
1944 1206 1980 1260 ut
2002 1207 2108 1261 tamen
2131 1196 2242 1264 faveat
2259 1204 2374 1268 studiis
2395 1208 2467 1290 pie·

472 1264 609 1350 iaceret.
652 1265 843 1351 Accipimus
866 1277 900 1330 te
925 1287 999 1332 eum
1026 1267 1061 1331 in
1086 1269 1192 1334 sacris
1217 1268 1321 1334 literis
1348 1292 1443 1355 prae-
1494 1277 1589 1354 tatis,
1627 1289 1661 1342 et
1692 1276 1854 1364 intelligat
1890 1280 2050 1364 quosdam
2083 1283 2207 1348 abusos
2235 1289 2467 1356 emendatione

473 1349 566 1418 clare
588 1351 722 1418 doctum
739 1364 833 1428 esse,
854 1361 935 1498 meh
943 1350 977 1414 in
991 1350 1126 1456 ‚reliqua
1146 1351 1373 1459 philosophia,
1402 1379 1443 1462 ao
1495 1379 1578 1445 opus
1600 1359 1734 1427 habere.
1768 1361 1850 1466 Cum
1867 1365 2017 1467 igituret
2039 1366 2189 1468 doctrina
2210 1368 2376 1474 excellere
2392 1373 2466 1440 Ma·

471 1433 921 1620 natatiles..
936 1451 1203 1588 aetates.
1224 1438 1443 1605 titis,
1492 1445 2466 1617 satiata.e¹.tn..⁰t‚¹”slr¹.mt⁰.a⁸ls

473 1621 540 1689 qua
561 1617 594 1668 et
638 1615 756 1706 ropter·
772 1604 962 1690 dignitatem
983 1625 1110 1685 rerum,
1131 1619 1165 1672 et
1184 1619 1322 1692 propter
1342 1612 1443 1675 maxi·
1494 1615 1659 1695 ditionem,
1680 1617 1712 1680 in
1732 1614 1784 1680 his
1806 1618 2067 1683 dissensionibus
2088 1621 2369 1704 stipatissimus
2390 1627 2464 1693 Ma·

471 1709 545 1776 ruas
565 1707 589 1754 ιι
603 1690 611 1706 “
626 1689 724 1752 itates
746 1708 781 1753 m
807 1691 909 1754 rebus
931 1691 1086 1774 gerendis
1128 1711 1274 1758 summos
1294 1715 1336 1760 ιο
1356 1715 1396 1760 sa
1417 1697 1443 1760 i·
1493 1700 1601 1765 iestati
1616 1711 1694 1766 tuae
1711 1701 1788 1766 duxi
1804 1703 1995 1766 mittendum
2013 1704 2172 1769 essehoc
2189 1708 2354 1791 seriptum,
2371 1711 2465 1794 quod

472 1769 662 1876 entissimos
682 1771 794 1876 Reges
823 1774 974 1839 omnibus
998 1786 1099 1877 aetatu
1120 1795 1162 1840 us
1188 1779 1327 1844 maxime
1353 1715 1442 1844 dele
1494 1786 1557 1849 etsi
1578 1795 1681 1850 totum
1701 1787 1852 1870 permitto
1872 1786 1991 1850 iudicio
2013 1785 2197 1852 Maiestatis
2222 1801 2314 1870 tuae,
2342 1803 2465 1874 tamem

473 1867 580 1926 otatos
613 1875 691 1922 asse
716 1855 873 1944 legimus,
905 1878 1067 1925 acernmo
1093 1862 1218 1941 studio,
1250 1875 1284 1927 et
1316 1883 1443 1929 summa
1491 1881 1529 1934 ιιι
1544 1888 1654 1953 spero,
1676 1871 1827 1935 ostendet
1845 1871 1964 1936 iniuste
1981 1883 2097 1936 contra
2113 1891 2176 1938 nos
2193 1877 2329 1941 accendi
2346 1897 2465 1962 regmu

473 1959 549 2008 curn
562 1939 744 2044 ’prudentia
763 1943 902 2008 versari.
945 1942 1119 2009 Accedunt
1140 1947 1183 2011 ad
1203 1957 1327 2012 tantam
1347 1968 1442 2034 prae·
1492 1954 1703 2020 iracundiam.
1752 1955 1829 2018 Non
1861 1955 1974 2020 dubito
2028 1957 2084 2019 uin
2113 1955 2272 2022 Maiestas
2298 1960 2336 2023 Τ.
2365 1961 2465 2027 simul

471 2031 748 2092 slauussuaarum
768 2029 887 2092 artiutn
907 2029 1107 2108 doctrinam,
1134 2042 1168 2095 et
1189 2043 1322 2098 ceterae
1341 2035 1442 2100 virtu·
1493 2050 1526 2104 et
1548 2036 1672 2125 gloriae
1695 2037 1828 2118 Christi,
1849 2049 1883 2102 et
1898 2042 1973 2122 paci
1993 1977 2164 2105 Mcclesiae
2188 2045 2308 2124 optime
2329 2045 2465 2112 consul·

463 2123 524 2192 ‚tes
541 2111 663 2198 th‘gnae
677 2131 798 2196 magno
815 2113 973 2196 principe,
990 2111 1116 2178 lustitia
1131 2117 1164 2178 in
1181 2117 1329 2199 imperio,
1349 2119 1442 2203 pacis
1493 2133 1562 2188 turn
1591 2123 1717 2208 cupiat,
1749 2143 1790 2187 ac
1818 2123 1859 2186 de
1890 2125 2042 2188 remediis
2074 2123 2168 2189 huius
2201 2127 2328 2191 dissidii
2360 2147 2466 2214 saepo

472 2195 615 2260 tuendae
636 2215 727 2273 cura,
748 2197 939 2282 magnitudo
961 2199 1071 2277 anhni,
1113 2199 1210 2280 ietas,
1231 2201 1375 2268 studium
1394 2202 1443 2266 iu·
1492 2205 1693 2291 multumque
1715 2204 1890 2286 deliberet,
1923 2229 2022 2292 qaam
2047 2209 2089 2274 ad
2115 2227 2185 2272 rem
2213 2229 2296 2274 sane
2324 2214 2467 2295 prodest

471 2281 602 2346 vandae
623 2291 656 2344 et
677 2281 846 2345 ornandae
866 2279 1036 2368 religionis
1058 2221 1280 2365 Chnstimme,
1301 2285 1443 2352 clemen·
1493 2313 1560 2358 uon
1582 2301 1706 2356 tantum
1721 2290 1853 2356 illorum
1869 2293 1984 2357 videre
2006 2295 2139 2378 scripta,
2160 2295 2216 2378 qui
2233 2313 2387 2361 caussam
2402 2319 2466 2363 no-

471 2363 519 2430 tia
540 2385 581 2428 ac
601 2365 733 2429 bonitas
761 2366 889 2430 exintia.
945 2386 1009 2432 uae
1037 2389 1112 2434 cum
1139 2371 1173 2434 in
1198 2369 1273 2436 aliis
1302 2373 1443 2458 negotiis
1494 2389 1596 2442 suam
1617 2377 1839 2441 iniustissimis
1861 2375 2031 2441 cdmnniis
2054 2373 2251 2456 deformant,
2300 2383 2368 2445 uod
2393 2401 2466 2447 uon

473 2450 631 2528 canitur,
663 2459 732 2512 tum
758 2451 856 2554 etiarn
870 2387 1010 2555 ,ἰιιῖιιιο
1030 2473 1068 2517 re
1088 2451 1192 2534 lucet,
1220 2458 1311 2540 quod
1330 2459 1364 2521 in
1386 2468 1442 2522 tuo
1493 2460 1602 2528 solum
1623 2461 1828 2544 impudentes
1850 2463 1991 2546 quidam,
2014 2473 2048 2526 et
2069 2461 2169 2526 iniimi
2191 2401 2338 2528 mbsehn
2358 2464 2465 2530 honri-

471 2553 576 2620 regno
597 2530 690 2598 nulla
711 2537 849 2600 saevitia
869 2557 903 2600 m
924 2535 1073 2602 homines
1095 2541 1219 2619 bonos,
1240 2543 1443 2621 moderatos,
1493 2565 1554 2612 nes
1581 2541 1721 2625 iacimrt,
1753 2547 1813 2610 sed
1845 2547 1941 2610 etiam
1973 2543 2120 2609 nonnulli
2152 2545 2225 2626 ulii,
2257 2551 2369 2633 quiin
2394 2549 2466 2616 hoe

472 2629 506 2684 ιι
526 2619 696 2684 studiosos
716 2620 859 2701 purioris
881 2621 1052 2688 doctrinae
1071 2620 1330 2691 Ecclesiasticus
1351 2647 1443 2692 exer·
1493 2631 1656 2696 theatrmu
1682 2630 1846 2712 prodeunt
1877 2641 2018 2714 ιιιιιιιιιιΙΙ
2039 2628 2199 2714 singulari
2228 2634 2396 2718 gravitatis
2413 2647 2466 2699 et

471 2703 542 2772 ceri
563 2705 693 2782 dicitur,
716 2723 790 2768 curn
811 2705 845 2769 in
867 2703 940 2770 aliis
962 2708 1059 2772 terris
1075 2711 1257 2794 principum
1273 2713 1444 2777 iracrmdia
1493 2715 1675 2800 sapientiae
1696 2733 1855 2798 persona,
1883 2735 1967 2799 quos
1995 2715 2103 2780 decuit
2129 2717 2333 2782 autoritatem
2354 2737 2465 2798 stram,

471 2792 545 2857 sine
566 2791 665 2855 modo
691 2791 870 2870 exarserit,
891 2792 933 2856 de
955 2813 1093 2876 quorum
1117 2791 1256 2859 consilio
1276 2794 1357 2859 nihil
1377 2795 1443 2860 hcc
1493 2820 1560 2864 non
1589 2801 1631 2864 ad
1659 2800 1821 2864 honorum
1847 2802 2038 2882 perniciem,
2071 2809 2104 2864 et
2130 2801 2174 2864 ad
2200 2799 2465 2868 infflmmandam

471 2874 549 2942 ioco
576 2875 764 2960 disputabo.
810 2874 951 2942 Tantum
982 2875 1065 2943 illud
1090 2878 1215 2958 dicam,
1247 2881 1335 2965 quod
1365 2879 1443 2945 mihi
1494 2883 1720 2950 cmdelitatem
1740 2885 1978 2968 inperitorum,
2005 2885 2066 2948 sed
2087 2885 2196 2965 potius
2217 2885 2261 2948 ad
2281 2887 2464 2952 ornandus

470 2961 618 3041 videtur,
652 2959 769 3046 Neque
789 2962 885 3028 decet
904 2960 1090 3028 Ecclesiam
1110 2966 1232 3030 iniusta
1254 2963 1443 3043 crudelitas,
1493 2969 1617 3036 Christi
1638 2967 1794 3055 glorian,
1818 2969 1863 3032 ad
1882 2971 2017 3034 morbos
2037 2966 2211 3033 Ecclesiae
2231 2981 2322 3034 recte
2343 2991 2464 3036 oman-

469 3043 1215 3215 ”stittitttnst‘tltttma
1228 3047 1444 3200 §tilii
1494 3057 1571 3204 ‘31⁰⁸'
1599 3050 2347 3222 'Ma‘iidhilafih‘ih'lilali'li‘ii
2372 3057 2465 3204 {M

470 3177 643 3302 Principe,
674 3214 764 3282 haud
792 3216 891 3283 dubie
912 3217 986 3282 Deo
1015 3153 1112 3306 grgrha
1133 3229 1194 3283 est.
1236 3218 1283 3284 Ut
1304 3155 1390 3285 erim
1409 3220 1444 3284 vi
1493 3159 1622 3310 mffls
1649 3222 1729 3289 viris
1757 3181 1974 3288 {mundone
1990 3221 2159 3326 grammis
2180 3219 2464 3306 Sycophanticm

472 3327 605 3396 quoque
624 3299 796 3370 coherceri
812 3301 977 3369 fanaticos
994 3315 1029 3369 et
1042 3306 1161 3389 impios
1179 3303 1329 3369 homines
1350 3303 1443 3369 Deus
1494 3327 1662 3385 exercere,
1683 3308 1772 3392 quod
1792 3304 1926 3385 iaciunt,
1953 3327 2020 3391 qur,
2046 3315 2151 3372 astute
2177 3306 2385 3372 dissimulant
2411 3327 2465 3372 re·

470 3391 644 3480 praecipit,
665 3391 711 3453 ita
726 3387 852 3456 nullum
862 3387 1028 3455 crudelius
1046 3401 1100 3454 est
1109 3389 1328 3474 parricidimn,
1345 3409 1443 3474 quam
1494 3406 1610 3479 captos
1633 3395 1774 3470 abusus,
1807 3402 1840 3456 et
1866 3403 1938 3456 arte
1960 3394 2143 3475 depravant
2163 3409 2218 3468 ea,
2250 3410 2336 3475 quae
2357 3393 2465 3456 nocui

473 3475 571 3544 simul
591 3477 683 3559 pios,
710 3494 750 3539 ac
771 3476 919 3540 membra
939 3473 1063 3540 Christi
1083 3474 1266 3553 trucidare,
1293 3473 1444 3539 lacerare
1493 3482 1547 3565 pie
1568 3488 1667 3562 atque
1681 3475 1806 3543 utiliter
1825 3487 2030 3540 monuerunt.
2073 3473 2146 3560 Ego
2169 3493 2211 3538 ex
2233 3477 2341 3546 auimo
2361 3495 2463 3542 vene-

471 3583 585 3630 veram
604 3557 809 3639 Ecclesiam,
831 3572 865 3625 et
885 3558 998 3625 delere
1018 3579 1073 3625 res
1095 3562 1203 3625 bonas
1223 3571 1324 3644 atque
1344 3555 1444 3625 utiles
1493 3585 1551 3628 ror
1570 3561 1756 3627 Ecclesiam
1783 3558 1905 3625 Christi
1933 3558 2141 3638 catholicam,
2166 3561 2302 3644 eiusque
2329 3572 2464 3624 senten·

471 3646 658 3714 Ecclesiae.
706 3647 739 3709 N
781 3664 824 3710 ue
849 3645 935 3709 enim
962 3646 1079 3731 negari
1105 3655 1218 3728 potest
1244 3665 1264 3708 a
1286 3644 1384 3709 bonis
1411 3656 1444 3707 ct
1493 3651 1572 3714 tiam
1592 3648 1680 3712 onrni
1701 3646 1811 3710 studio
1833 3641 2022 3727 amplector.
2066 3643 2138 3707 Nec
2158 3643 2256 3708 velim
2278 3665 2420 3729 mquam
2441 3665 2464 3709 a

473 3733 583 3798 doctis
605 3733 686 3796 viris
712 3753 745 3796 rn
782 3741 817 3794 ta
837 3731 880 3793 ad
923 3732 1055 3795 ietatem
1076 3727 1182 3806 utilia,
1214 3731 1331 3794 iterum
1353 3739 1443 3812 pate·
1493 3732 1620 3797 iudiciis
1649 3733 1809 3796 bonorum
1839 3742 1872 3794 et
1899 3731 2069 3794 doctorum
2096 3730 2130 3792 in
2156 3727 2309 3793 Ecclesia
2336 3730 2463 3792 dissen-

472 3815 562 3882 iacta
583 3835 670 3880 esse.
713 3813 881 3898 Propheta
901 3751 1037 3893 Esaias,
1059 3833 1132 3878 cum
1153 3815 1350 3878 vaticinatur
1369 3813 1444 3895 pios
1494 3818 1566 3881 tire.
1609 3815 1753 3879 Proinde
1778 3812 1867 3878 hunc
1892 3834 2000 3878 meum
2029 3815 2293 3878 commentarium
2320 3812 2462 3878 exhibeo

547 3921 596 3978 es,
613 3898 788 3963 Ecclesiae
797 3899 977 3977 Nutricios,
997 3908 1032 3962 ut
1048 3907 1182 3975 vocant,
1199 3894 1281 3976 iore,
1297 3894 1446 3980 postulat
1494 3901 1659 3967 Maiestati
1681 3899 1720 3962 Τ.
1743 3917 1810 3961 non
1835 3909 1872 3962 ut
1897 3911 2071 3982 patronum
2096 3896 2191 3975 mihi,
2223 3900 2251 3963 si
2273 3898 2351 3982 qtdd
2373 3917 2463 3977 erro,

472 3901 643 4138 {ipa
664 3984 873 4132 ‘iiiiii
898 3984 1060 4048 3333333
1087 3983 1241 4132 litt?
1261 3982 1444 4138 tilii
1495 3985 1556 4048 ⁸⁰⁴¹
1576 3982 2464 4145 ”Mtttttssdtttttittttffi

533 4089 593 4135 rec
606 4091 659 4134 aru
709 4087 750 4132 oc
835 4089 868 4133 m
919 4087 958 4132 ro
1495 4089 1564 4132 ram

475 4175 561 4244 qnae
582 4154 743 4238 trophaea
766 4153 873 4238 magis
896 4090 1001 4238 Ιοιιιιιιι
1070 4163 1147 4216 sunt
1174 4151 1301 4238 magnis
1330 4161 1364 4214 et
1391 4111 1444 4213 sa3
1494 4113 1620 4238 pter'10)
1648 4151 1811 4238 fastigium
1832 4087 1960 4238 Belgiah)
1978 4150 2173 4229 Maiestatis,
2193 4149 2332 4215 libanum
2353 4086 2463 4215 etpae·

473 4241 639 4394 itit
651 4236 1444 4406 stititiffi.tltt⁰l⁸l.tttt.tl“i¹.
1494 4233 2463 4407 instabilitatis‘astitistis

475 4411 599 4478 clasiae
616 4408 739 4475 Christi
755 4345 1064 4492 ΝοιήοίἰΤΡΜιςιιιῖ
1080 4416 1159 4471 sunt
1175 4417 1207 4470 et
1225 4404 1324 4488 piena
1340 4405 1443 4490 digni·
1494 4409 1573 4490 piat,
1594 4407 1628 4470 in
1645 4427 1722 4490 quo,
1742 4416 1779 4470 ιιι
1796 4425 1906 4488 spero,
1923 4406 2045 4469 videbit
2060 4425 2112 4470 me
2129 4417 2162 4469 et
2177 4423 2232 4468 res
2249 4407 2292 4468 ad
2308 4406 2464 4486 pietatem

473 4497 552 4564 tatis
573 4495 767 4580 praeconia,
793 4493 858 4556 dici
878 4489 1087 4571 Africanum,
1113 4490 1379 4567 Macedonicum,
1410 4500 1444 4552 et
1493 4488 1589 4557 utiles
1613 4489 1817 4573 complexum
1840 4509 1928 4568 esse,
1950 4501 1983 4554 ιι
2003 4492 2095 4572 pacis
2118 4491 2294 4554 concordia
2336 4507 2378 4552 ue
2398 4485 2463 4551 Ec-

473 4581 540 4646 hoc
563 4601 669 4668 genus
691 4578 766 4644 alia.
812 4577 880 4642 Sed
900 4576 1003 4642 multo
1027 4575 1204 4662 gloriosius
1227 4586 1280 4639 est
1301 4576 1365 4638 dici
1385 4593 1443 4657 pa·
1495 4572 1702 4640 clesiasticae
1729 4574 1971 4656 cupidissimum
1999 4595 2087 4638 esse.
2131 4573 2282 4638 Christus
2345 4574 2463 4636 aiesta·

474 4669 557 4732 triae
582 4677 718 4749 patrem.
767 4663 858 4727 Vera
886 4674 994 4728 autern
1020 4663 1118 4727 nobis
1146 4672 1179 4725 et
1209 4672 1365 4743 perpetua
1392 4670 1444 4722 est
1493 4672 1559 4724 tem
1580 4659 1617 4722 Τ.
1641 4669 1751 4724 servet
1773 4656 1965 4724 incolumem
1983 4679 2023 4722 ac
2041 4659 2224 4738 iiorentem,
2247 4670 2280 4723 et
2302 4658 2464 4744 gubernet

474 4750 598 4834 patria,
627 4749 751 4813 Christi
771 4745 934 4812 Ecclesia.
979 4746 1083 4811 Huius
1110 4765 1212 4810 verae
1234 4747 1360 4828 patriae
1385 4763 1443 4825 pa·
1493 4747 1536 4809 ad
1569 4743 1692 4808 Christi
1704 4748 1745 4816 ¹⁷)
1779 4740 1914 4829 gloriam
1948 4745 2143 4823 ornandam,
2184 4754 2216 4807 et
2247 4745 2291 4809 ad
2323 4739 2464 4806 salutern

475 4847 577 4912 ιιιιιι,
603 4846 637 4897 et
657 4846 694 4897 ut
715 4832 895 4917 prophetae
917 4833 1021 4896 verbo
1041 4842 1133 4909 utar,
1161 4831 1333 4895 nutricium
1355 4846 1442 4904 esse,
1493 4827 1674 4893 Ecclesiae.
1718 4827 1816 4892 Anno
1838 4827 2063 4895 M.D.XXXV.
2080 4835 2120 4906 ¹⁸)

474 4920 560 4985 haec
588 4939 668 4983 vero
697 4930 749 4981 est
775 4919 806 4980 in
831 4938 890 4981 ens
937 4914 1037 4994 laria,
1084 4917 1237 4999 raccipue
1259 4912 1443 4996 expetenda

475 5003 633 5090 Regibus.
677 5003 770 5066 Haec
792 5022 813 5065 o
840 5003 903 5067 'cia
954 5022 1035 5086 ages
1086 5021 1125 5065 eo
1151 4996 1337 5074 conciliant,
1357 4995 1442 5059 haec

477 5087 585 5154 officia
607 5100 682 5151 sunt
703 5087 832 5150 hostiae
852 5085 928 5150 Deo
946 5087 1160 5170 gratissimae.
1192 5085 1266 5146 Non
1289 5092 1366 5145 sunt
1386 5100 1442 5144 au-

476 5186 542 5238 tam
563 5169 734 5236 Ecclesiae
756 5171 897 5246 nutricii,
920 5173 973 5253 qui
991 5171 1139 5254 quamvis
1160 5165 1343 5232 crudelitati
1362 5184 1442 5228 suae
1496 5152 1540 5212 ¹⁶)
1566 5149 1677 5214 3333333]
1697 5151 1742 5202 33·
1762 5153 1785 5202 ⁸·
1804 5155 1830 5202 ⁰⁸
1846 5155 1948 5214 propter

390 5289 395 5296 ·
476 5268 672 5342 praetexunt
692 5253 864 5319 Ecclesiae
888 5273 1017 5332 nomen,
1039 5266 1147 5319 tamen
1172 5273 1250 5318 vera
1270 5248 1443 5314 Ecclesiae
1497 5251 1541 5312 17)
1567 5250 1667 5315 curisti}
1687 5251 1729 5304 Εὖ-
1747 5255 1770 5304 5-
1790 5254 1829 5304 ⁵⁰¹

476 5345 631 5420 membra,
653 5339 719 5404 hoc
741 5349 803 5418 est,
823 5339 974 5404 homines
993 5342 1066 5422 pios
1084 5350 1118 5403 et
1135 5339 1251 5403 doctos
1274 5335 1444 5398 iniustissi-
1499 5353 1542 5415 ιι)
1569 5353 1729 5418 nauus]
1750 5352 1792 5404 Ed.
1812 5356 1835 5404 ι.
1854 5357 1901 5404 ete.
