5859 6734
1092 661 1202 729 PlllL.
1224 660 1328 726 MEL.
1351 655 1537 725 SCRIPTA
1559 649 1835 720 Dochmius.
1865 675 1867 680 ·
1952 713 1954 718 ,
1987 711 1991 720 ,
2397 655 2464 722 352

822 852 899 918 DE
938 850 970 913 D
993 849 1021 913 E
1043 849 1084 911 0.
1481 861 1543 905 vos
1561 836 1673 902 facere
1691 837 1876 899 credentes.
1921 834 2014 898 lubet
2043 834 2127 897 enim
2150 854 2216 895 non
2240 839 2382 902 scrutari
2403 860 2464 904 m.

1481 938 1605 1000 turam,
1640 923 1702 986 sed
1733 937 1920 1005 agnoscere
1940 916 2143 982 voluntatem
2169 920 2202 982 in
2226 917 2464 1072 (1111111111-

552 1029 583 1090 A
606 1029 765 1090 tissimum
789 1021 865 1085 huic
886 1020 962 1085 loeo
981 1016 1152 1081 exordium
1172 1013 1309 1095 praebet
1325 1012 1436 1074 admo·
1480 1010 1641 1091 positam,
1672 1026 1739 1089 qua
1767 1004 1896 1089 agnita,
1930 1013 1998 1066 tum
2020 1021 2101 1066 vero
2120 1014 2153 1066 et
2175 1007 2365 1084 praesentia
2420 1011 2464 1088 ei,

468 1115 545 1179 nitio
568 1050 701 1186 Cphristi,
721 1112 753 1172 in
776 1128 851 1191 qua,
874 1126 947 1169 cum
969 1099 1140 1183 Philippus
1162 1099 1284 1161 interro
1309 1114 1371 1158 111
1394 1093 1436 1158 de
1481 1095 1612 1157 bonitas
1635 1111 1675 1153 ac
1698 1087 1846 1154 efficacia
1868 1087 1901 1149 in
1923 1088 2019 1188 nobis
2043 1088 2198 1151 cernitur.
2242 1087 2354 1173 Atque
2376 1090 2463 1160 haee

491 1197 661 1262 uaestione
684 1195 825 1256 omnium
842 1190 983 1252 maxima
1006 1195 1036 1248 et
1055 1183 1270 1269 gravissima,
1286 1117 1353 1243 111
1372 1189 1436 1255 111,
1481 1179 1596 1241 notitia
1616 1194 1684 1239 non
1706 1176 1803 1237 debet
1824 1189 1903 1234 esse
1930 1183 2037 1234 otrosa
2065 1170 2267 1253 speculatio,
2295 1175 2356 1238 sed
2385 1197 2462 1244 curn

469 1219 1303 1354 1111111111ὓεί,11111111[1111.14,8.],1111111111,
1327 1275 1437 1350 osten·
1481 1257 1737 1346 perterrefactus
1766 1266 1894 1320 mentes
1921 1266 2109 1341 agnoscunt
2136 1268 2291 1338 1111111,
2327 1279 2369 1322 ac
2398 1264 2462 1326 eri·

470 1364 512 1427 de
534 1364 628 1425 nobis
649 1373 794 1445 patrem,
823 1357 974 1420 Christus
1003 1362 1141 1417 revocat
1169 1370 1243 1414 eum
1269 1351 1311 1412 ah
1334 1348 1437 1430 inqui·
1482 1357 1603 1494 guntur
1635 1345 1748 1407 iterum
1782 1359 1866 1442 voce
1898 1336 2081 1441 Epangelii,
2116 1351 2150 1402 et
2182 1343 2331 1406 reiicirurt
2358 1364 2399 1408 se
2426 1349 2461 1410 in

471 1448 588 1510 sitione
609 1464 752 1508 arcanae
779 1453 933 1518 naturae,
956 1448 989 1502 11
1017 1447 1129 1501 monet
1150 1434 1314 1519 quomodo
1336 1450 1437 1516 quae·
1511 1428 1660 1506 hristum,
1683 1438 1717 1490 et
1737 1423 1992 1490 misencordram
2014 1422 2282 1506 apprehendunt,
2303 1429 2360 1506 ibi,
2382 1449 2460 1496 earm

469 1529 591 1592 rendus
621 1540 653 1590 et
681 1526 914 1612 agnoscendus
940 1525 983 1585 sit
1009 1520 1114 1586 Deus.
1162 1519 1219 1583 Ait
1242 1520 1327 1582 enim
1354 1513 1435 1592 11111,
1482 1510 1742 1577 consolationem
1759 1509 1960 1591 concipiunt,
1976 1510 2120 1572 cernitur
2130 1508 2194 1573 Dei
2212 1514 2399 1592 praesentia
2415 1534 2460 1580 ae

471 1612 523 1689 14,
544 1613 566 1675 9
587 1617 666 1695 sq·]‚
689 1613 752 1684 Qui
774 1611 863 1674 videt
883 1628 946 1685 me,
968 1606 1058 1670 videt
1074 1616 1107 1670 et
1123 1615 1260 1689 patrem.
1292 1601 1347 1664 An
1369 1619 1436 1663 non
1481 1599 1623 1663 bonitas.
1662 1596 1752 1660 11111
1775 1591 1950 1657 methodus
1974 1613 2041 1656 non
2064 1593 2274 1676 progreditur
2296 1597 2457 1679 apriore,

470 1697 589 1773 credis,
611 1697 701 1779 quod
722 1716 786 1780 ego
809 1697 841 1758 in
863 1705 955 1775 patre
977 1709 1061 1768 sum,
1083 1701 1116 1751 et
1135 1699 1230 1771 pater
1248 1688 1346 1749 inme
1363 1683 1436 1746 esti
1481 1684 1547 1747 hoc
1558 1694 1621 1760 est,
1638 1683 1680 1747 ab
1691 1699 1814 1744 arcana
1824 1677 1889 1742 Dei
1900 1689 2030 1753 natura,
2047 1678 2091 1741 ad
2106 1680 2325 1761 cognitionem
2338 1681 2456 1748 volun·

469 1777 611 1846 Macros
641 1779 800 1844 tumultus
829 1781 863 1842 in
883 1775 1000 1840 animis
1022 1773 1189 1837 homimun
1212 1774 1298 1836 cient
1319 1787 1437 1851 specu·
1482 1769 1569 1845 tatis,
1587 1767 1646 1829 sed
1666 1786 1686 1828 a
1705 1765 1892 1848 cognitione
1911 1760 2034 1826 Christi
2050 1774 2083 1826 et
2099 1764 2343 1830 misericordiae
2360 1786 2458 1832 reve·

466 1833 609 1931 latidnes
643 1865 684 1927 de
706 1862 800 1939 Deo,
831 1882 906 1926 cunr
932 1861 1005 1922 sine
1025 1859 1129 1922 verbo
1150 1855 1213 1920 Dei
1235 1867 1268 1919 et
1289 1853 1437 1937 signisa
1480 1851 1568 1916 latae
1589 1853 1623 1914 in
1640 1846 1822 1934 Evangelio
1846 1848 1890 1912 ad
1913 1847 2134 1931 cognitionem
2155 1851 2361 1930 praesentiae
2378 1850 2456 1918 Dei.

468 1950 543 2015 Deo
575 1949 754 2034 propositis
779 1949 946 2029 disputant
971 1943 1012 2005 de
1044 1951 1163 2004 natura
1201 1950 1234 2004 et
1268 1935 1437 2003 voluntate
1482 1936 1575 2000 Hanc
1591 1937 1738 1999 notitiam
1750 1952 1907 1998 exercere
1924 1944 1958 1996 et
1970 1931 2167 1996 confirmare
2181 1935 2212 1998 in
2225 1936 2311 2000 omni
2323 1937 2400 2014 vita,
2420 1939 2459 2002 in

469 2033 546 2101 Dei.
592 2034 666 2099 Etsi
689 2035 773 2095 enim
802 2041 880 2093 sunt
903 2027 1044 2111 vestigia
1070 2024 1231 2108 quaedam
1260 2022 1437 2088 divinitatis
1482 2022 1633 2086 omnihus
1654 2017 1822 2104 puieulis,
1847 2018 1879 2080 in
1905 2018 2055 2083 omnibus
2076 2019 2228 2103 negotiis,
2250 2031 2283 2084 et
2308 2022 2458 2088 excitare

470 2123 631 2206 impressa
653 2137 760 2180 rerum
777 2125 929 2189 naturae,
951 2121 1059 2172 tamen
1082 2119 1173 2171 tantu
1195 2119 1246 2170 est
1267 2107 1437 2171 infirmitas
1482 2108 1623 2170 animum
1640 2106 1683 2169 ad
1704 2106 1864 2180 timorem,
1887 2101 1996 2179 fidem,
2018 2104 2259 2168 invocationem
2280 2103 2381 2170 multo
2403 2127 2458 2174 re,-

470 2206 683 2270 hrmranarurn
703 2201 877 2273 mentium,
903 2205 940 2257 ut
967 2213 1034 2258 non
1063 2195 1144 2255 satis
1167 2188 1352 2256 afficiantur
1372 2185 1437 2254 illis
1484 2193 1568 2255 etius
1589 2199 1624 2252 et
1644 2186 1760 2252 melius
1779 2199 1841 2266 est,
1885 2208 1960 2252 uam
1981 2193 2106 2253 otiosas
2125 2187 2369 2271 speculationes
2387 2190 2460 2276 agi-

471 2290 637 2374 vestigiis‚
670 2301 809 2368 cumque
837 2281 949 2344 rident
971 2278 1067 2343 bonis
1089 2274 1174 2340 male
1197 2295 1289 2354 esse,
1317 2283 1350 2338 et
1370 2295 1437 2338 ma·
1482 2286 1570 2351 tare,
1593 2287 1626 2338 et
1647 2276 1745 2337 rixari
1767 2274 1810 2338 de
1829 2208 2040 2337 scholasticis
2062 2277 2216 2360 argutiis,
2239 2296 2325 2359 quaa
2346 2289 2459 2342 tanum

472 2373 513 2437 lis
540 2374 624 2436 bene
645 2389 740 2445 esse,
764 2367 928 2440 dubitant,
950 2383 993 2426 an
1013 2360 1109 2425 Deus
1132 2371 1226 2424 curet
1247 2381 1303 2425 res
1325 2359 1437 2422 huma·
1481 2380 1549 2425 non
1567 2357 1732 2443 explicant
1747 2377 1901 2422 arcanam
1918 2371 2066 2422 naturam
2076 2358 2150 2423 Dei.
2179 2359 2221 2424 Et
2236 2363 2312 2443 quia
2328 2360 2458 2445 plerae-

472 2475 549 2534 nas,
571 2475 614 2519 an
635 2473 716 2518 vero
736 2452 846 2514 omnia
867 2467 950 2514 casu
977 2446 1139 2510 eveniant.
1182 2445 1363 2511 Praeterea
1380 2441 1438 2507 illa
1482 2465 1547 2530 que
1568 2455 1646 2509 sunt
1665 2439 1924 2520 inextricabiles,
1952 2445 2160 2508 hauddubie
2180 2441 2353 2510 multorum
2374 2467 2457 2514 corr·

471 2538 624 2604 voluntas
642 2536 717 2613 Dei,
740 2536 833 2597 cuius
856 2532 1000 2616 cognitio
1019 2531 1062 2593 ad
1084 2529 1224 2594 salutem
1246 2530 1437 2595 necessaria
1482 2531 1636 2594 scientias
1655 2539 1853 2606 1111111111,
1875 2546 1942 2592 non
1958 2530 2156 2594 erudierunt.
2195 2529 2306 2602 Quare
2322 2533 2457 2598 moduur

472 2633 540 2700 est,
562 2618 654 2685 nullo
682 2620 781 2683 modo
806 2626 919 2699 potest
945 2618 1071 2678 ratione
1094 2613 1303 2698 deprehendi,
1325 2610 1437 2678 videli-
1481 2634 1558 2679 1111
1579 2611 1694 2678 harum
1712 2614 1964 2696 disputationum
1985 2633 2188 2698 magnopere
2208 2618 2352 2697 prodest.
2445 2659 2447 2666 .

473 2717 538 2784 cet,
560 2705 649 2790 quod
670 2704 763 2767 Deus
784 2698 864 2764 velit
881 2700 1045 2762 remittere
1065 2711 1214 2781 peccata.
1237 2698 1330 2762 Haec
1353 2699 1438 2760 enim
1568 2699 1610 2762 Et
1631 2712 1740 2763 tamen
1761 2708 1798 2761 ut
1817 2699 1887 2761 veri
1905 2696 2014 2762 cultus
2025 2698 2088 2762 Dei
2109 2701 2319 2778 retineantur,
2336 2719 2457 2764 neces-

472 2788 649 2864 sententia,
676 2786 760 2850 haec
786 2783 941 2848 voluntas
969 2793 1093 2846 tantum
1116 2784 1224 2846 divina
1244 2802 1330 2846 voce
1346 2801 1439 2846 reve
1484 2802 1522 2847 se
1542 2793 1595 2847 est
1615 2796 1729 2846 tenere
1751 2784 1931 2845 sententias
1953 2782 2107 2847 divinitus
2128 2783 2293 2848 revelatas
2319 2786 2360 2848 de
2382 2787 2457 2849 uni·

472 2873 540 2939 lata
562 2884 614 2936 est
635 2873 667 2934 in
683 2869 954 2954 promissionibus
978 2879 1010 2929 et
1031 2865 1225 2951 Evangelio.
1482 2879 1550 2932 tate
1572 2868 1700 2931 divinae
1721 2868 1895 2944 essentiae,
1918 2867 1959 2930 de
1982 2865 2241 2950 omnipotentia,
2268 2871 2310 2933 de
2330 2867 2457 2934 0111111

556 2956 670 3039 ltaque
692 2966 731 3017 ut
754 2964 879 3016 mentes
900 2950 1061 3016 humanae
1082 2963 1221 3034 possent
1241 2948 1351 3034 aliquo
1372 2971 1440 3014 mo·
1482 2955 1620 3030 naturis,
1642 2953 1684 3014 de
1706 2950 1828 3034 Spiritu
1849 2963 1977 3015 sancto.
2026 2953 2077 3016 Ac
2098 2952 2213 3016 dehis
2235 2956 2364 3036 quidem
2384 2973 2455 3020 non

472 3041 515 3104 do
548 3039 653 3102 Deum
685 3036 948 3121 apprehendere,
991 3047 1024 3098 et
1051 3033 1252 3100 voluntatem
1291 3055 1439 3113 cernere,
1482 3039 1648 3100 instituam
1669 3034 1788 3122 longas
1807 3037 2058 3117 disputationes,
2085 3039 2146 3101 sed
2167 3039 2315 3102 recitabo
2336 3038 2457 3106 Eccle-

471 3121 563 3188 Deus
585 3141 716 3205 semper
738 3121 909 3204 proposuit
930 3115 1064 3203 aliquod
1088 3122 1222 3184 verbum
1245 3131 1277 3183 et
1305 3117 1438 3204 aliquod
1483 3124 1553 3186 siae
1586 3119 1792 3185 Christianae
1824 3122 2028 3184 sententiam.
2081 3121 2123 3184 Et
2153 3133 2190 3185 ut
2229 3126 2457 3190 conscientiae

472 3208 611 3290 signum,
629 3207 671 3269 ad
688 3226 773 3289 quae
790 3202 951 3268 referrent
963 3223 1001 3266 se
1012 3215 1138 3267 mentes
1149 3203 1322 3281 humanae,
1335 3217 1368 3268 et
1379 3223 1438 3286 per
1481 3209 1610 3290 piorum
1632 3204 1774 3270 habeant
1795 3206 1828 3268 in
1868 3217 1999 3291 romptu
2015 3207 2209 3284 testimonia,
2231 3205 2386 3294 colligam
2404 3208 2458 3275 lo·

471 3291 823 3374 verbumacsignuma
845 3287 1210 3373 prehenderentDeum.
1228 3289 1320 3352 111111
1331 3291 1435 3372 primo
1482 3310 1542 3354 eos
1571 3301 1668 3374 aptos
1696 3309 1738 3353 ex
1758 3225 1965 3372 Propheticis
1989 3300 2022 3355 et
2042 3287 2244 3374 Apostolicis
2266 3294 2457 3376 scripturis,

470 3386 647 3457 praecepto
660 3375 811 3453 [Exodi
835 3373 916 3452 ,2.l,
931 3371 1005 3456 Ego
1015 3393 1089 3437 sum
1099 3372 1206 3450 Dens,
1244 3374 1385 3438 uieduxi
1400 3385 1436 3437 te
1503 3377 1536 3439 ui
1557 3373 1653 3440 simul
1671 3386 1703 3438 et
1725 3374 2457 3453 11111111111111111111111111111111111111111

470 3458 512 3521 de
534 3469 621 3521 terra
631 3459 786 3562 Aegypti,
806 3478 927 3521 novum
950 3470 983 3520 et
999 3455 1211 3523 memorabile
1263 3469 1436 3541 1111111111-
1480 3461 1704 3542 iapractiea
1732 3462 1855 3544 notitia.
1900 3459 2037 3542 Semper
2063 3462 2147 3524 enim
2172 3463 2352 3526 meminerit
2377 3465 2454 3548 pius

492 3545 571 3620 onit,
591 3554 627 3606 ut
649 3555 765 3620 serant,
809 3563 883 3606 uem
895 3542 1001 3605 Deum
1022 3544 1180 3608 invocare
1201 3555 1235 3607 et
1253 3539 1365 3606 colere
1380 3544 1435 3606 de·
1479 3543 1584 3608 lector
1612 3563 1680 3608 non
1708 3563 1786 3606 esse
1811 3545 2029 3609 resistendum
2056 3546 2088 3608 in
2118 3546 2233 3609 otiosis
2256 3544 2453 3630 speculatio·

469 3566 578 3703 beant,
598 3624 767 3704 videlicet,
820 3647 885 3690 unc
906 3628 960 3709 qui
982 3625 1147 3690 lsraelitas
1175 3628 1287 3691 eduxit
1309 3646 1348 3689 ex
1371 3627 1435 3690 Ae-
1479 3629 1588 3706 nibus,
1611 3647 1652 3691 ac
1673 3649 1716 3694 ne
1733 3630 1871 3711 prodest
1892 3631 2021 3711 quidem
2031 3631 2064 3692 in
2083 3631 2130 3692 eis
2146 3631 2348 3695 commorari.
2381 3629 2452 3696 Sed

538 3723 572 3774 to
601 3722 634 3773 et
660 3710 725 3773 hoc
752 3713 888 3775 verbum
915 3711 963 3772 eis
991 3711 1134 3774 tradidit.
1178 3709 1230 3774 Ao
1257 3707 1347 3774 iacta
1368 3711 1436 3792 qui·
1481 3714 1589 3776 statim
1617 3710 1790 3775 reserenda
1818 3733 1911 3776 mens
1940 3725 1993 3777 est
2015 3714 2057 3778 ud
2079 3711 2257 3793 Christum,
2279 3727 2311 3778 et
2330 3716 2373 3780 ad
2395 3735 2452 3780 co·

491 3815 543 3859 em
560 3797 669 3857 omnia
690 3807 723 3858 et
744 3798 841 3881 signa
863 3796 981 3870 omnia,
1003 3796 1187 3857 testimonia
1204 3806 1272 3857 act
1318 3797 1437 3857 ierant
1481 3799 1658 3882 gnitionem
1690 3798 1951 3875 misericordiae,
1984 3811 2018 3862 ut
2052 3817 2264 3864 exerceamus
2297 3799 2392 3863 iidem
2416 3812 2451 3864 et

469 3880 598 3943 venturi
619 3877 752 3942 Christi.
796 3879 900 3942 Nobis
923 3879 1022 3961 igitur
1040 3878 1104 3940 iam
1124 3877 1179 3939 hic
1196 3878 1268 3959 ipse
1311 3875 1435 3941 hristus
1480 3881 1729 3946 invocationem.
1774 3880 1820 3942 lbi
1850 3879 1971 3945 clarius
1999 3887 2186 3946 innotescet
2207 3883 2309 3960 Deus,
2339 3903 2451 3968 qucrn-

468 3974 583 4039 natus,
612 3981 751 4044 passus,
785 3961 977 4036 cmciiixus‚
1008 3971 1174 4037 mortuus,
1207 3965 1435 4038 resuscitatus,
1480 3963 1653 4028 admodum
1675 3966 1764 4027 iubet
1778 3962 1942 4042 Christus,
1966 3980 2000 4032 ut
2023 3987 2061 4030 11
2081 3969 2275 4044 intueamur,
2297 3987 2368 4030 11111
2391 3987 2449 4050 pa·

468 4047 671 4130 proponitur.
714 4045 752 4107 ln
777 4043 865 4110 hunc
887 4044 1056 4109 Christum
1083 4056 1117 4108 et
1137 4047 1275 4109 verbum
1296 4048 1367 4111 eius
1389 4047 1436 4108 in·
1479 4061 1562 4112 trem
1585 4049 1781 4130 quaerimus.
1826 4051 1882 4112 Ait
1904 4053 1988 4114 enim
2012 4051 2092 4129 [ioh.
2118 4053 2169 4130 14,
2185 4051 2240 4130 11],
2273 4051 2335 4124 Qut
2356 4053 2451 4116 videt

469 4131 553 4194 tueri
575 4129 640 4193 lide
661 4131 835 4206 debemus,
865 4130 993 4214 quoties
1015 4129 1111 4191 animi
1133 4129 1197 4193 inci
1220 4131 1288 4193 iunt
1310 4129 1435 4194 dubita·
1478 4152 1543 4210 me,
1566 4133 1655 4195 videt
1674 4144 1811 4216 patrem.
1856 4134 2451 4216 11.111[1111.14,1“1],Ν1111111111

468 4233 573 4278 1111
602 4216 786 4297 disputare,
818 4234 901 4297 quae
923 4213 966 4276 sit
988 4209 1041 4276 vel
1062 4224 1180 4277 natura
1234 4215 1279 4291 11,
1301 4211 1434 4280 velvo·
1478 4220 1521 4282 ad
1547 4227 1689 4299 patrem,
1722 4219 1785 4282 nisi
1812 4239 1872 4302 per
1893 4240 1955 4284 me.
2000 4221 2041 4283 Et
2063 4219 2178 4284 Matth.
2204 4221 2254 4284 ll.
2277 4224 2339 4299 [vs.
2357 4222 2449 4300 111]

466 4295 588 4366 luntas.
611 4298 696 4362 Nam
723 4299 752 4360 si
773 4308 899 4362 mentes
921 4295 1087 4361 hominum
1109 4298 1227 4362 abduci
1245 4319 1284 4362 sc
1305 4300 1347 4363 ab
1368 4298 1433 4362 hoc
1478 4303 1583 4365 Nemo
1612 4305 1704 4366 novit
1731 4302 1831 4366 filiunt
1859 4305 1921 4366 nisi
1942 4305 2052 4381 Pater,
2080 4325 2122 4368 ne
2146 4325 2188 4370 ue
2208 4305 2339 4371 Patrem
2360 4308 2451 4390 quis·

469 4405 573 4468 scopo
596 4385 714 4459 sinent,
739 4393 771 4445 11
794 4385 999 4445 conabuntur
1026 4383 1099 4444 sine
1121 4385 1224 4445 verbo
1249 4383 1323 4460 Dei,
1346 4385 1433 4468 cogi-
1478 4405 1575 4470 quarn
1608 4389 1699 4451 novit
1731 4389 1794 4452 nisi
1822 4385 1925 4465 iilius,
1960 4402 1991 4452 et
2014 4391 2065 4452 cui
2087 4327 2227 4454 voluerit
2247 4388 2333 4456 filius
2354 4409 2450 4456 rere·

467 4469 644 4534 tationibus
665 4466 815 4532 humanis
836 4467 942 4530 metiri
959 4477 991 4530 et
1002 4464 1282 4549 comprehendere
1293 4469 1433 4533 divinum
1476 4470 1556 4534 lare.

467 4564 627 4628 naturam,
655 4552 798 4614 incident
827 4552 861 4612 in
887 4550 1072 4614 horrendas
1093 4553 1258 4616 tenebras.
1302 4552 1432 4617 Deinde

468 4637 509 4701 de
530 4633 700 4700 voluntate
720 4633 784 4698 Dei
806 4653 861 4697 res
883 4633 1026 4718 loquitur
1046 4637 1137 4717 ipsa,
1163 4656 1229 4699 non
1250 4656 1352 4718 posse
1372 4637 1430 4699 ho·
1712 4651 1837 4726 QUOD
1860 4653 1979 4724 UNUS
1996 4655 2064 4720 sps
2081 4657 2209 4723 DEUg

468 4722 570 4783 mines
599 4720 671 4780 sine
690 4716 888 4803 Evangelio,
916 4730 1039 4782 tantum
1067 4720 1183 4783 iudicio
1216 4722 1349 4785 rationis
1377 4742 1431 4785 co·

514 4822 632 4867 oscere
648 4803 903 4867 misericordiam
914 4803 988 4880 Dei,
1006 4802 1070 4867 hoo
1088 4815 1151 4882 est,
1169 4815 1324 4883 statuere,
1343 4806 1432 4890 quod
1560 4805 1810 4889 Descriptiones
1836 4806 1900 4871 Dei
1926 4812 2051 4891 passim
2073 4823 2184 4874 extant
2205 4813 2237 4874 in
2262 4812 2448 4894 seripturis,

500 4907 559 4950 eus
588 4885 666 4952 velit
697 4887 879 4971 ignoscere.
933 4889 1045 4972 ltaque
1072 4887 1160 4953 hunc
1187 4889 1309 4952 aditum
1335 4892 1431 4954 nobis
1476 4910 1560 4974 quae
1581 4888 1740 4954 collectae
1762 4890 1979 4957 definitionem
2002 4892 2156 4959 efficiunt.
2183 4895 2338 4960 Testatur
2360 4897 2447 4958 enim

465 4971 511 5034 ad
530 4971 761 5056 agnitionem)
783 4971 846 5038 Dei
866 4976 1020 5057 proponit
1040 4972 1274 5056 Evangelium,
1303 4975 1343 5038 de
1367 4996 1432 5059 quo
1476 4977 1656 5056 scriptura,
1682 4973 1787 5038 Deum
1810 4998 1887 5041 esse
1910 4981 2125 5043 substantiam
2154 4977 2364 5062 spiritualem.
2390 4979 2448 5044 Sic

465 5051 609 5138 loquitur
630 5053 763 5133 Paulus,
786 5077 859 5121 cum
882 5060 926 5121 ait
946 5057 989 5135 [l.
1005 5055 1082 5120 Cor.
1102 5059 1131 5135 l,
1142 5059 1222 5138 21.],
1245 5057 1327 5122 Cum
1343 5080 1433 5124 mun·
1477 5058 1629 5122 Christus
1661 5061 1764 5142 inquit
1797 5060 1879 5140 [loh.
1912 5065 1945 5140 4,
1979 5065 2058 5142 21],
2091 5064 2184 5128 Deus
2218 5079 2270 5128 est
2298 5065 2446 5147 spiritus.

466 5137 528 5202 dus
549 5137 657 5204 Deum
683 5140 715 5200 in
742 5143 903 5223 sapientia
923 5163 989 5206 non
1010 5156 1209 5228 agnosceret
1230 5164 1289 5225 per
1306 5146 1433 5227 sapien·
1476 5142 1600 5206 Trihuit
1622 5145 1651 5206 ei
1672 5147 1910 5225 aeternitatem,
1937 5148 2093 5212 infinitam
2115 5151 2310 5231 potentiam,
2339 5148 2446 5212 inlini·

465 5221 560 5300 tiam,
585 5221 706 5305 placuit
722 5223 795 5289 Deo
824 5247 885 5309 per
913 5225 1046 5291 stultam
1073 5229 1347 5311 praedicationem
1368 5227 1433 5292 sal·
1475 5238 1542 5291 tam
1564 5228 1765 5310 sapientiam,
1787 5231 1942 5295 infinitam
1965 5234 2156 5312 bonitatem,
2178 5233 2333 5297 infinitam
2355 5235 2446 5299 iusti·

1476 5313 1563 5390 tiam,
1586 5313 1742 5377 infinitam
1759 5316 2022 5380 misericordiam.
2066 5316 2172 5382 Porro
2195 5319 2380 5382 substantia
2398 5319 2445 5380 in-

635 5375 646 5410 '
1476 5393 1640 5480 telligatur
1661 5397 1715 5461 hic
1736 5419 1802 5463 non
1825 5401 1901 5482 quia
1920 5413 2084 5465 sustentat
2105 5404 2299 5478 accidentia,
2316 5423 2393 5465 nam
2411 5403 2445 5464 in

465 5486 774 5557 1)1111111111]111.;
793 5499 969 5559 cognitionem.
1475 5479 1548 5544 Deo
1577 5480 1656 5546 nihil
1685 5495 1737 5549 est
1765 5485 1933 5549 caducum.
1979 5483 2169 5552 Substantia
2198 5485 2362 5572 significat
2389 5485 2444 5552 hic
