5859 6734
473 708 537 774 359
1096 705 1207 770 PlllL.
1229 705 1331 769 hlEL.
1354 702 1540 770 SCRIPTA
1560 699 1833 766 DOGMATICA.
2396 703 2463 767 360

474 906 550 956 sunt
562 891 710 955 collectis
722 890 915 954 testimoniis
927 889 1117 954 deChristo.
1139 887 1442 970 Cumenimproba-
1462 894 1465 964 i
1487 906 1583 969 quem
1611 887 1719 948 omnia
1740 882 1829 948 sacta
1850 896 1945 960 sunt,
1978 885 2033 966 qui
2056 895 2088 947 et
2111 903 2243 964 semper
2265 886 2379 950 aderat
2401 886 2462 952 hu·

475 989 542 1042 tum
557 974 797 1040 estinChristo
808 975 950 1040 divinam
960 985 1109 1038 naturam
1121 991 1209 1048 esse,
1230 991 1370 1034 necesse
1382 972 1444 1034 erit
1463 978 1465 984 ’
1486 989 1582 1032 mano
1606 969 1736 1054 generi,
1765 966 1853 1032 hunc
1875 969 2064 1031 novissimis
2087 971 2308 1050 temporibus,
2342 990 2462 1036 secun-

474 1058 560 1124 illam
583 1073 731 1123 naturam
754 1072 785 1121 et
806 1077 999 1141 personam,
1033 1070 1065 1120 et
1085 1067 1204 1120 natura
1225 1054 1333 1118 Deum
1355 1073 1441 1118 esse.
1487 1055 1562 1116 dum
1579 1053 1783 1136 praefinitum
1806 1065 1933 1134 tempus
1960 1072 1981 1115 a
2002 1051 2116 1129 Patre,
2145 1054 2268 1116 unitum
2299 1074 2360 1118 suo
2390 1055 2462 1140 pla·

475 1143 646 1225 Scriptura
674 1154 813 1206 testatur
841 1143 926 1221 λόγον
951 1159 1129 1224 personam
1156 1157 1249 1217 esse,
1282 1140 1359 1222 quia
1385 1137 1443 1201 ali·
1486 1138 1593 1212 smati,
1614 1135 1807 1217 passibilem
1827 1136 1992 1200 hominem
2013 1134 2135 1200 lactum
2158 1138 2254 1199 misit.

475 1231 604 1312 quoties
623 1227 699 1290 dicit
741 1247 778 1289 er
788 1224 887 1289 filimn
906 1227 1014 1289 omnia
1031 1224 1164 1288 condita
1176 1242 1263 1287 esse.
1294 1223 1469 1286 Necesse‘
1571 1219 1724 1284 Affirmat
1764 1233 1797 1284 et
1831 1219 1994 1306 Origenes
2032 1227 2101 1304 περ)
2133 1218 2233 1303 ἀρχῶν
2247 1223 2294 1302 ³²)
2335 1224 2462 1288 diserte

474 1323 526 1374 est
547 1313 646 1396 igitur
666 1313 699 1372 in
717 1249 850 1373 lChristo
870 1308 1013 1392 aliquam
1031 1309 1172 1372 divinam
1189 1320 1338 1372 naturam
1355 1325 1444 1382 esse,
1488 1305 1572 1383 λόγον
1594 1325 1770 1386 personam
1792 1325 1880 1369 esse.
1925 1306 2029 1368 Nemo
2054 1315 2156 1388 putet,
2178 1307 2293 1387 inquit,
2316 1327 2378 1370 nos
2401 1307 2461 1372 ali-

473 1415 534 1478 per
560 1415 656 1479 quam
687 1397 794 1456 omnia
814 1395 879 1456 sint
902 1394 1043 1456 condita.
1088 1391 1226 1456 Constat
1248 1392 1332 1456 enim
1353 1410 1444 1454 mrm·
1488 1390 1565 1473 quid
1587 1389 1784 1452 circadarum
1809 1392 1936 1466 dicere,
1960 1411 2034 1453 cum
2055 1388 2117 1453 Dei
2139 1391 2332 1472 sapientiam
2356 1395 2461 1457 nomi-

475 1479 551 1542 dum
579 1499 644 1544 non
672 1497 749 1540 esse
774 1497 834 1558 per
854 1476 1029 1541 humanam
1050 1491 1200 1540 naturam
1222 1475 1345 1539 Christi
1368 1493 1444 1538 con·
1487 1493 1614 1536 namus.
1657 1473 1700 1535 Et
1721 1485 1852 1558 postea:
1886 1472 1921 1537 Si
1945 1493 2025 1559 ergo
2052 1471 2155 1536 semel
2177 1486 2269 1538 recte
2291 1489 2460 1560 receptum

476 1561 587 1626 ditum.
636 1561 791 1624 iohannis
815 1562 844 1622 l.
874 1569 939 1640 [rs.
965 1560 1031 1638 10.]
1080 1561 1117 1624 ln
1143 1562 1264 1625 mundo
1292 1571 1378 1634 erat,
1412 1569 1444 1621 et
1488 1569 1555 1635 est,
1589 1559 1791 1643 unigenitum
1823 1555 1923 1621 lilium
1950 1557 2014 1622 Dei
2047 1560 2242 1640 sapientiam
2276 1562 2346 1626 eius
2380 1581 2461 1625 esse

474 1646 614 1710 mundus
639 1666 699 1728 pcr
723 1647 829 1727 ipsum
849 1644 958 1708 sactus
981 1655 1041 1707 est.
1085 1643 1216 1708 Coloss.
1237 1645 1266 1706 l.
1292 1650 1356 1722 [vs.
1378 1641 1443 1720 16.)
1487 1639 1744 1706 substantialiter
1766 1643 2010 1706 subsistentem.
2055 1639 2143 1706 ldem
2165 1656 2283 1726 postea
2304 1643 2459 1724 affirmat,

475 1729 592 1792 (lmnia
619 1749 679 1813 per
698 1732 805 1813 ipsum
828 1742 859 1792 et
883 1732 916 1791 in
944 1731 1018 1812 ipso
1039 1731 1170 1794 condita
1191 1739 1286 1805 sunt,
1318 1739 1352 1792 et
1372 1729 1444 1809 ipse
1489 1746 1561 1790 curn
1584 1727 1727 1811 disputat
1749 1729 1790 1790 de
1811 1729 2046 1790 incarnatione.

474 1824 526 1876 est
556 1823 633 1876 ante
666 1815 791 1888 omnia,
825 1815 986 1890 omnia²⁸)
1022 1815 1207 1878 consistunt
1239 1832 1299 1896 per
1326 1812 1442 1894 ipsum.
1573 1811 1640 1874 Sed
1662 1812 1762 1874 redeo
1784 1812 1826 1874 ad
1849 1811 2037 1874 iohannem.
2083 1809 2166 1876 Cum
2189 1813 2292 1895 inquit
2320 1813 2365 1894 [1,
2385 1813 2459 1892 ll]:

474 1895 623 1961 Ebraeos
635 1897 664 1960 l.
687 1904 752 1976 [rs.
763 1899 809 1975 2.]
828 1896 894 1960 Per
910 1895 1021 1974 iilimn,
1040 1918 1136 1980 quem
1146 1900 1257 1982 posuit
1266 1896 1443 1960 haeredem
1487 1895 1600 1960 Verbo
1630 1893 1717 1959 Caro
1746 1894 1867 1960 facturn
1896 1907 1966 1968 est;
1999 1894 2140 1959 Primum
2163 1907 2302 1960 testatur
2326 1897 2460 1962 Patrem

474 1982 633 2058 omnium,
661 2002 722 2062 per
766 2001 841 2044 uem
865 1993 898 2046 et
919 1980 1034 2045 secula
1055 1980 1149 2057 fecit,
1178 1985 1234 2066 qui
1258 1992 1311 2044 est
1331 1978 1444 2064 fulgor
1487 1991 1520 2042 et
1553 1979 1700 2044 Verbmn
1733 2000 1800 2041 non
1837 1999 1914 2043 esse
1946 1979 2083 2043 eandem
2115 2001 2302 2062 personam.
2356 1979 2459 2046 Pater

474 2061 630 2128 claritatis
659 2079 691 2128 et
767 2067 838 2149 gies
860 2067 1064 2129 substantiae
1086 2069 1175 2142 eius,
1201 2064 1312 2130 serens
1335 2065 1444 2128 onmia
1487 2065 1570 2126 enim
1595 2084 1662 2127 non
1691 2065 1794 2127 induit
1819 2064 1992 2128 humanam
2020 2077 2179 2127 naturam.
2223 2065 2316 2130 Sicut
2342 2077 2459 2150 aperte

472 2149 576 2212 verbo
597 2152 765 2232 potentiae
792 2167 884 2212 suae.
918 2149 989 2212 llae
1011 2152 1193 2214 sententiae
1214 2149 1303 2214 clare
1321 2159 1443 2212 testan-
1486 2159 1648 2212 testantur
1677 2149 1858 2229 scripturae
1886 2147 1995 2214 multis
2024 2145 2117 2212 locis.
2169 2148 2268 2212 Pater
2295 2151 2381 2213 enim
2409 2153 2459 2214 ait

474 2243 526 2296 tur
547 2239 580 2296 in
601 2231 734 2296 Christo
757 2244 790 2295 et
812 2253 888 2297 esse
909 2244 942 2296 et
961 2254 1094 2298 manere
1115 2236 1279 2318 quandam
1302 2233 1443 2297 diuinam
1487 2235 1528 2296 de
1544 2229 1611 2295 iilic
1636 2232 1765 2310 [hlatth.
1778 2231 1810 2308 3,
1824 2233 1907 2310 li.]:
1930 2232 1992 2295 llic
2009 2245 2060 2295 est
2071 2231 2172 2296 Filius
2191 2253 2284 2297 meus
2304 2232 2456 2300 dilectus.

472 2327 637 2393 naturam,
660 2337 721 2400 per
742 2337 840 2399 quam
861 2317 969 2382 omnia
990 2319 1122 2382 condita
1143 2319 1288 2401 sint.‘²⁹).
1333 2316 1443 2388 Quare
1485 2315 1614 2379 Deinde
1636 2319 1711 2400 quia
1730 2318 1865 2380 verbum
1887 2316 1925 2380 fit
1950 2337 2045 2392 caro,
2067 2319 2109 2380 de
2130 2337 2275 2398 persona
2298 2316 2458 2401 loquitur,

472 2399 558 2480 λόγος
584 2420 650 2463 non
677 2399 841 2484 significat
869 2403 1091 2484 propositum,
1122 2421 1182 2466 seu
1211 2403 1443 2485 cogitationem
1486 2421 1551 2464 non
1569 2402 1610 2464 de
1626 2403 1825 2484 cogitatione
1840 2398 1894 2465 vel
1911 2421 1993 2466 voce
2010 2412 2210 2465 transermte.
2254 2401 2352 2466 Certe
2368 2404 2458 2466 eninr

472 2495 564 2548 extra
596 2485 812 2547 substantiam
844 2483 984 2562 Christi,
1024 2505 1087 2549 nec
1126 2483 1291 2570 significat
1326 2505 1442 2548 vocem
1486 2485 1658 2569 cogitatio,
1691 2505 1776 2568 quae
1798 2485 1898 2549 Pater
1919 2497 1971 2548 est
1998 2487 2086 2567 ipse,
2116 2497 2172 2549 aut
2200 2506 2266 2550 vox
2289 2488 2457 2552 transiens

471 2577 707 2645 transeuntem,
741 2569 801 2630 sed
834 2581 984 2632 naturam
1015 2582 1198 2634 manentem
1231 2571 1265 2633 in
1296 2567 1441 2646 Christo,
1484 2589 1551 2632 non
1572 2568 1609 2630 iit
1627 2587 1716 2632 caro.
1761 2569 1845 2634 Sunt
1869 2570 1967 2652 igitm·
1989 2571 2021 2631 in
2045 2567 2177 2633 Christo
2200 2571 2284 2634 duae
2304 2583 2458 2648 natmae,

471 2669 556 2733 quae
583 2671 639 2714 res
668 2651 812 2714 condidit
845 2665 877 2715 et
908 2666 1096 2716 conservat.
1139 2653 1201 2717 Est
1228 2654 1327 2736 igitur
1355 2653 1442 2730 λόγος
1484 2654 1569 2732 λόγος
1586 2663 1620 2715 et
1635 2651 1778 2716 humana
1794 2663 1927 2730 natura,
1950 2655 2000 2717 sic
2021 2655 2148 2731 ωιίλοο,
2178 2667 2213 2719 ut
2235 2653 2385 2718 Christus
2408 2657 2457 2718 sit

469 2753 624 2815 persona.
668 2733 759 2798 llaec
791 2737 977 2799 testimonia
1009 2734 1088 2799 nihil
1122 2737 1246 2801 habent
1279 2737 1365 2800 ambi
1391 2738 1441 2810 ui3
1483 2757 1548 2801 una
1575 2756 1730 2817 persona.
1779 2735 1922 2800 Utuntur
1949 2739 2151 2801 recentiores
2181 2741 2283 2804 verbo
2307 2741 2457 2803 uniendi.

470 2820 598 2880 tametsi
615 2839 684 2880 non
702 2821 831 2901 ignoro,
854 2822 1019 2902 quomodo
1042 2822 1141 2884 astuti
1159 2823 1290 2904 quidam
1308 2757 1441 2884 elurlant
1482 2821 1623 2884 Veteres
1663 2821 1758 2884 etiam
1797 2821 1957 2884 interdum
1997 2823 2109 2885 dicunt
2146 2825 2325 2906 pemrixtas
2363 2841 2455 2886 esse.

470 2921 526 2974 ea;
553 2902 613 2965 sed
635 2900 681 2965 illi
700 2923 774 2966 cum
789 2900 953 2988 allingunt
969 2923 1049 2967 suas
1066 2906 1364 2986 interpretationes,
1386 2924 1440 2968 ca·
1484 2903 1580 2975 Quod
1603 2906 1631 2968 si
1653 2916 1744 2968 recte
1766 2901 1983 2990 intelligatur,
2017 2904 2240 2989 significanter
2257 2909 2392 2982 dicitur,
2420 2919 2457 2970 et

468 2983 666 3048 lumniantar
688 2998 721 3049 et
743 3000 954 3070 corrumpunt
975 2987 1141 3070 simplices
1165 3000 1199 3051 et
1221 2987 1337 3071 planas
1359 2989 1440 3050 scri·
1483 2990 1525 3051 ad
1542 2987 1681 3052 sormam
1698 2988 1795 3052 huius
1818 2990 1975 3052 orationis
1997 3009 2063 3052 non
2086 2989 2171 3054 male
2193 2993 2346 3074 quadrat:
2369 2990 2456 3054 Ver-

468 3081 585 3152 pturae
609 3070 824 3153 Apostolicae
848 3073 1040 3136 sententias.
1091 3072 1201 3136 Debet
1224 3083 1334 3136 autem
1355 3071 1440 3134 haec
1484 3074 1559 3135 bum
1587 3092 1664 3136 caro
1692 3070 1814 3136 factmn
1836 3085 1898 3136 est.
1944 3072 2105 3158 Origenes
2127 3075 2190 3138 etsi
2211 3072 2456 3138 similitudinem

468 3173 570 3218 causa
586 3155 733 3232 iudicari,
758 3175 825 3218 non
844 3175 884 3219 ex
901 3153 1052 3220 hmnanis
1074 3158 1293 3240 opinionibus,
1314 3158 1375 3219 sed
1398 3176 1439 3219 ex
1481 3155 1579 3220 huius
1613 3157 1850 3221 coniunctionis
1906 3159 2048 3240 roprr'am
2077 3155 2184 3221 afferri
2207 3177 2309 3239 posse
2340 3169 2457 3242 negat,

468 3238 586 3302 divinis
604 3240 810 3304 testimoniis.
854 3239 986 3303 Addam
1001 3239 1067 3306 huc
1090 3243 1211 3306 dictum
1233 3239 1388 3305 lobannis
1405 3241 1439 3302 in
1482 3253 1588 3304 tamen
1608 3253 1777 3324 comparat
1795 3262 1867 3305 eam
1883 3178 1973 3304 lerro
1991 3241 2105 3326 ignito.
2139 3242 2231 3305 Sicut
2247 3244 2334 3326 ignis
2352 3263 2456 3325 pcne-

466 3320 617 3402 Epistola
634 3325 669 3401 [l.
692 3325 821 3402 l‚1.2.]
856 3323 953 3396 Quod
971 3337 1041 3388 erat
1058 3327 1099 3388 ub
1118 3327 1220 3402 imtio,
1243 3326 1330 3408 quod
1348 3325 1440 3388 audi·
1482 3337 1547 3388 trat
1578 3321 1701 3388 ferrrnn
1734 3338 1766 3389 et
1798 3325 1940 3408 undique
1968 3328 1997 3390 ei
2025 3327 2199 3404 miscetur,
2227 3329 2277 3390 sic
2304 3327 2454 3392 Verbum

466 3407 588 3483 rimus,
617 3410 706 3490 quod
725 3409 879 3484 vidimuS,
908 3409 997 3492 quod
1018 3429 1135 3474 manus
1153 3423 1288 3472 nostrae
1309 3421 1439 3473 contre·
1481 3429 1654 3474 assumens
1682 3408 1856 3473 hmnanam
1883 3421 2049 3486 naturam,
2082 3408 2171 3474 lucet
2184 3413 2230 3492 ³³)
2252 3413 2286 3474 in
2308 3431 2348 3474 ea
2369 3421 2452 3476 tota.

466 3497 660 3569 ctarunt,³⁰')
683 3492 831 3557 Verbum
848 3493 947 3569 vitae,
964 3494 999 3557 id
1022 3496 1295 3559 annuntiavimus.
1323 3492 1438 3558 Testa·
1480 3493 1522 3555 Et
1549 3505 1667 3557 natura
1693 3493 1836 3558 bumaria
1862 3493 1952 3557 velut
1983 3513 2127 3558 accensa
2157 3492 2278 3558 lumine
2309 3495 2452 3577 quodam

466 3572 590 3638 turbio
608 3597 738 3660 quoque
760 3579 792 3640 in
815 3577 889 3658 ipso
913 3575 1047 3640 Christo
1064 3597 1141 3642 esse
1157 3592 1190 3642 et
1211 3571 1343 3642 maner'e
1366 3597 1437 3641 ver·
1482 3578 1585 3641 verbo
1607 3579 1697 3641 unita
1720 3589 1781 3640 est.
1825 3576 1887 3641 Est
1910 3581 2019 3661 itaque
2044 3577 2196 3643 Christus
2218 3591 2334 3642 natura
2361 3575 2450 3642 iilius

466 3663 543 3729 burn
563 3659 656 3739 illud,
679 3662 767 3746 quod
790 3662 881 3724 initio
906 3657 977 3724 fuit.
1480 3659 1554 3724 Dei.
1598 3661 1705 3724 Porro
1727 3682 1800 3724 cum
1823 3663 2005 3725 tenebimus
2028 3661 2194 3726 Christum
2216 3675 2332 3726 natura
2350 3660 2452 3726 lilium

549 3747 708 3814 Servetus
744 3745 860 3810 lectori
898 3741 1008 3808 fucum
1042 3741 1139 3821 facit,
1180 3746 1275 3828 quasi
1308 3746 1437 3826 probati
1480 3742 1545 3807 Dei
1574 3764 1664 3821 esse,
1693 3742 1788 3808 facile
1816 3748 1936 3826 poterit
1964 3759 1996 3808 et
2023 3744 2089 3809 hoc
2117 3743 2266 3824 delendi,
2300 3747 2388 3829 quod
2417 3748 2451 3808 in

467 3835 648 3916 scriptores
681 3829 892 3895 vetustissimi
929 3828 1095 3890 senserint
1136 3827 1222 3906 λόγον
1259 3848 1326 3890 non
1361 3848 1437 3891 csse
1482 3827 1614 3891 Christo
1635 3829 1677 3890 sit
1698 3828 1858 3911 quaedam
1886 3830 1993 3892 divina
2022 3842 2158 3909 natura,
2187 3843 2219 3895 et
2247 3832 2334 3914 quod
2363 3829 2452 3908 λόγος

467 3937 660 4000 personam,
684 3925 860 3994 antequam
880 3911 984 3974 induit
1003 3909 1176 3975 humanam
1194 3924 1352 3975 natmarn.
1395 3911 1438 3974 Et
1481 3913 1523 3975 sit
1544 3931 1697 3994 persona.

468 4003 546 4066 citat
571 4001 743 4064 Irenaeum
773 4018 812 4058 ac
834 3991 1082 4070 Tertullianum
1114 3997 1176 4058 sed
1203 3998 1332 4080 utrique
1360 3993 1438 4059 lacit
1565 3995 1719 4060 lobannis
1740 3997 1793 4058 20.
1818 4003 1883 4076 [vs.
1906 3997 1973 4074 λδ.)
1997 3997 2139 4062 Thomas
2161 4008 2257 4062 vocat
2280 3995 2449 4060 Christum

466 4086 625 4148 inimiam.
656 4081 741 4145 Nam
751 4077 972 4144 Tertullianus
984 4081 1146 4144 adversus
1156 4079 1317 4145 Prarremn
1329 4078 1439 4164 palam
1480 4092 1594 4164 aperte
1610 4080 1716 4144 Deum
1734 4082 1899 4166 inquiens:
1916 4081 2079 4148 Dominus
2089 4103 2181 4148 meus
2195 4079 2328 4146 etDeus
2341 4099 2447 4142 meus.

467 4180 578 4232 movet
594 4167 682 4230 hunc
699 4166 938 4250 quaestionem:
962 4161 1016 4226 An
1035 4165 1119 4244 λόγος
1136 4165 1179 4228 sit
1196 4176 1314 4228 natura
1330 4165 1438 4228 subsi-
1564 4163 1679 4228 Roma
1702 4165 1732 4228 9.
1757 4173 1820 4244 [vs.
1845 4166 1875 4230 5.
1884 4173 1905 4244 t]
1941 4166 2003 4238 Qui
2028 4178 2079 4231 est
2103 4165 2333 4250 superomnia
2352 4163 2448 4228 Dens

467 4267 572 4330 stens,
593 4271 664 4328 seu,
687 4263 722 4313 ut
739 4271 826 4314 nunc
845 4249 992 4325 dicimus,
1009 4250 1173 4331 persona?
1199 4249 1242 4311 Et
1260 4250 1438 4333 respondet
1480 4250 1683 4314 benedictus.
1733 4249 1775 4315 Et
1806 4271 1848 4314 ne
1881 4253 1954 4333 quis
1985 4250 2173 4328 cavilletur,
2205 4249 2310 4332 accipi
2340 4248 2451 4312 Deum

467 4334 636 4400 affirmans
659 4355 736 4398 esse
761 4352 936 4418 personam
960 4353 1021 4398 seu
1041 4331 1212 4397 ὑπόστασιν.
1257 4332 1375 4416 Deque
1398 4353 1438 4397 ea
1480 4332 1713 4416 metaphorice,
1746 4335 1907 4399 addantur
1940 4338 2143 4413 testimonia,
2182 4353 2267 4418 quae
2302 4333 2449 4396 tribuunt

468 4441 504 4484 re
536 4419 646 4484 multis
668 4421 780 4482 verbis
802 4419 962 4501 disputat,
996 4417 1099 4480 etsie
1121 4420 1182 4480 ait:
1216 4417 1438 4500 Quaecunque
1481 4415 1613 4480 Christo
1647 4439 1701 4496 ea,
1744 4439 1829 4502 quae
1862 4431 1938 4482 sunt
1968 4421 2102 4502 propria
2139 4433 2274 4483 naturae
2307 4417 2449 4492 divinae,

467 4525 547 4588 ergo
565 4505 750 4568 substantia
766 4500 929 4565 semronis
950 4497 1020 4578 suit,
1049 4497 1138 4564 illam
1157 4502 1231 4564 dico
1249 4522 1437 4583 personam,
1479 4501 1624 4580 scilicet,
1646 4503 1756 4567 Vitam
1775 4505 1927 4581 reddere,
1945 4503 2166 4580 sanctificare,
2189 4504 2361 4578 exaudire,
2382 4497 2449 4564 sal·

466 4599 499 4651 et
515 4586 561 4652 illi
579 4607 696 4651 nomen
715 4586 773 4650 filii
791 4587 938 4660 vindico;
951 4589 997 4669 ³¹)
1020 4599 1138 4649 etcum
1155 4584 1257 4650 filimn
1274 4607 1436 4672 agnosco,
1479 4607 1559 4650 vare
1581 4599 1612 4652 et
1634 4585 1760 4652 similia.

466 4673 645 4737 semmdmn
667 4693 689 4734 a
709 4672 808 4734 Putre
829 4668 970 4734 defendo
993 4681 1057 4734 etc.

550 4755 705 4820 stemus
742 4757 838 4820 ellam
876 4766 990 4836 al'ffl'le
1028 4751 1170 4855 {lffifflat
1208 4755 1293 4835 λόγον
1331 4753 1436 4818 f¹¹l⁸⁸⁰
1478 4791 1653 4844 Ttsnnon'tn
1670 4803 1735 4854 quae
1753 4789 1865 4842 tribuunt
1884 4791 1981 4844 Christo
1999 4804 2044 4852 ea,
2068 4805 2133 4856 qnae
2150 4795 2210 4844 sunt
2228 4791 2327 4854 propria
2345 4787 2447 4838 dirime

488 4859 659 4916 emonam,
680 4851 855 4923 antequam
877 4850 1056 4923 assmnpsrt
1076 4837 1250 4902 humanam
1275 4850 1433 4902 araturam.
1878 4875 2039 4938 mmmm)

465 4863 524 4986 lSic
555 4925 640 4987 enim
672 4924 718 4988 ait
751 4945 824 5007 cap.
846 4923 899 4984 20.
929 4922 986 4988 lib.
1008 4923 1040 4986 3.
1075 4922 1219 4988 Ostenso
1252 4920 1435 5000 manifeste,

465 5009 552 5089 quod
580 5008 613 5070 in
638 5009 797 5091 principio
825 5008 911 5086 λόγος
932 5010 1076 5072 existens
1106 5009 1194 5091 apud
1218 5006 1342 5084 Demn,
1376 5027 1435 5088 per
1562 5006 1716 5070 iohannis
1738 5006 1769 5068 5.
1804 5011 1866 5084 [vs.
1892 5009 1978 5087 ihr]
2019 5008 2111 5073 Sicut
2146 5007 2245 5071 Pater
2282 5005 2448 5068 eraserat

1478 5102 1624 5154 mortuos
1647 5101 1679 5152 et
1701 5090 1855 5171 virificat,
1877 5095 1926 5157 sic
1944 5105 1976 5158 et
1994 5092 2080 5158 lilius
2099 5113 2182 5176 quos
2202 5089 2271 5158 vult
2288 5085 2445 5154 vivificat.

464 5229 511 5286 ²8)
535 5229 595 5279 ante
613 5227 706 5286 omnia,
724 5227 819 5290 omnia]
837 5227 881 5280 Ed.
901 5228 941 5274 11.
965 5229 991 5279 et
1009 5227 1086 5289 0pp.:
1105 5231 1164 5279 ante
1183 5227 1283 5287 omnia.
1308 5231 1334 5280 et
1350 5228 1434 5280 omnia

464 5329 511 5392 ²9)
536 5329 597 5392 sint]
615 5329 687 5390 0pp.:
705 5332 765 5379 sunt
1477 5329 1523 5388 3²)
1548 5319 1652 5391 α’ρχῶν]
1673 5327 1734 5390 opp.
1751 5331 1833 5380 male:
1851 5327 1937 5394 ἄρχον

464 5427 510 5490 30)
536 5429 735 5490 contrectarunt]
754 5429 828 5490 ⁰pp.:
847 5432 1034 5481 contractarum
1477 5429 1522 5490 ³3)
1549 5428 1627 5490 iuret]
1646 5428 1688 5480 Ed.
1710 5431 1746 5478 12.
1766 5432 1860 5492 typoth.
1879 5441 1977 5480 errore:
1997 5429 2056 5479 licet

466 5529 512 5590 st)
538 5529 646 5593 uindico]
667 5531 739 5592 0pp.:
767 5529 872 5580 vendico
1477 5531 1522 5592 34)
1548 5531 1616 5582 lianc
1633 5530 1820 5594 bromtonem
1837 5530 1935 5582 addant
1952 5528 1995 5581 Ed.
2015 5530 2053 5576 ll.
2073 5535 2099 5580 et
2117 5531 2175 5592 opp.
