5859 6734
526 675 591 740 247
1162 665 1274 732 Pina.
1291 663 1394 731 MEL.
1416 661 1605 731 SCRIPTA
1619 659 1896 727 poematica
2474 667 2536 738 248

529 861 660 939 gentiam
683 856 906 917 concedendam
928 873 1012 927 esse,
1036 855 1107 934 quia
1129 855 1209 913 enim
1230 859 1389 932 peccatum
1411 852 1531 931 proprie
1553 871 1572 910 a
1592 848 1747 910 voluntate
1769 847 1881 907 diaboli
1903 853 1935 908 et
1956 846 2087 906 bominis
2111 853 2209 907 ortum
2231 855 2292 918 est,
2316 867 2374 909 nec
2392 849 2463 912 Deo
2486 874 2535 934 ap

549 944 675 1003 robaate
703 949 756 1002 aut
784 947 912 1020 cogente
934 941 1107 1002 voluntates
1131 944 1251 999 nostras
1274 936 1384 997 factum
1407 943 1466 998 est.
1522 934 1595 994 ldeo
1618 954 1807 1012 nequaquam
1830 940 1880 993 est
1901 933 2075 992 necessario
2099 931 2209 991 iactum
2232 936 2421 996 necessitate
2442 938 2534 999 abso

529 961 622 1088 luta«
667 1025 708 1086 Et
736 1044 844 1086 versus
873 1027 975 1086 tinem:
1012 1025 1098 1085 „Neo
1119 1023 1290 1083 invehenda
1310 1026 1382 1080 sunt
1404 1022 1433 1080 in
1456 1019 1628 1080 Ecclesiam
1651 1018 1849 1080 deliramenta
1870 1018 1909 1077 de
1932 1016 2038 1077 Stoico
2061 1016 2132 1086 tato,
2146 1014 2208 1077 'aut
2229 1022 2299 1099 περὶ
2320 1020 2373 1095 τῆς
2394 1018 2533 1101 ἀνάγῃς

529 1110 616 1170 Nihil
648 1113 725 1170 enim
760 1109 873 1171 habent
905 1112 966 1169 veri
999 1117 1051 1169 aut
1073 1109 1166 1177 firmi,
1189 1108 1247 1167 sed
1269 1112 1341 1165 sunt
1363 1124 1464 1166 merae
1487 1106 1668 1186 praestigiae
1689 1125 1726 1164 ac
1747 1102 1935 1182 sophisticae
1957 1104 2211 1162 coacervationes.
2256 1100 2379 1164 Deinde
2401 1124 2461 1165 non
2484 1114 2535 1166 est

531 1195 709 1265 obscurum,
743 1202 886 1274 quantum
914 1195 990 1254 haee
1020 1194 1119 1271 opinio
1142 1199 1251 1251 noceat
1271 1191 1378 1270 pietati
1401 1197 1432 1250 et
1452 1190 1604 1259 moribus,
1639 1191 1667 1249 si
1695 1189 1741 1248 sic
1769 1189 1901 1248 sentiant
1927 1187 2084 1256 homines,
2113 1194 2147 1246 ut
2169 1185 2301 1246 Zenonis
2324 1189 2467 1250 servulus
2490 1191 2532 1250 di·

533 1278 637 1339 cebat:
681 1298 738 1338 noo
767 1279 881 1338 debere
903 1299 940 1338 se
962 1278 1053 1348 flecti,
1077 1279 1148 1356 quia
1170 1274 1276 1337 Stoico
1299 1274 1360 1335 lato
1385 1282 1509 1335 coactus
1532 1282 1620 1335 esset
1640 1294 1776 1354 peecare.
1843 1272 1893 1330 Ab
1916 1271 1964 1331 bis
1987 1272 2180 1349 opinionibus
2204 1271 2293 1332 decet
2314 1274 2385 1351 pios
2406 1275 2532 1335 amibus

530 1369 622 1439 atque
643 1364 751 1423 animis
773 1364 962 1423 abhorreres
1007 1361 1056 1421 Ne
1079 1362 1149 1440 quis
1171 1380 1210 1421 ex
1231 1360 1420 1420 indmationc
1442 1366 1648 1438 argumentum
1671 1360 1699 1417 in
1717 1358 1901 1417 contrarium
1923 1356 2062 1424 adducat,
2086 1355 2162 1414 baec
2184 1355 2284 1417 addit:
2307 1353 2396 1427 „Nec
2418 1359 2532 1437 figurae

530 1444 601 1506 illae
622 1447 780 1507 verborum
803 1449 832 1506 in
850 1447 1008 1524 scripturis
1031 1446 1203 1507 offendunt:
1225 1446 1388 1510 luderano
1409 1465 1465 1509 cor
1486 1447 1677 1513 Pboraom'a,
1700 1450 1732 1502 et
1753 1441 1879 1501 similes·
1938 1436 2062 1499 Certum
2085 1445 2136 1499 est
2158 1442 2253 1511 enirn,
2276 1439 2407 1502 Ebraica
2428 1442 2532 1522 phrasi

529 1529 699 1608 significare
721 1550 774 1590 eas
796 1533 1039 1609 permissionem,
1063 1552 1122 1590 non
1143 1530 1329 1591 doluntatem
1352 1529 1518 1599 efficacem,
1540 1536 1589 1589 ut:
1632 1547 1674 1591 ne
1694 1545 1754 1591 nos
1775 1528 1910 1590 deducas
1936 1530 1972 1588 in
1993 1530 2213 1596 mammeam,
2247 1525 2279 1585 id
2299 1527 2359 1597 est,
2382 1545 2423 1587 ne
2445 1527 2531 1589 sinas

528 1632 585 1675 nos
606 1614 716 1677 induci
1431 1647 1434 1652 ·

676 1732 710 1793 ln
738 1733 940 1812 subsequenti
963 1754 1085 1813 quoque
1111 1733 1179 1794 loco
1201 1735 1243 1797 de
1262 1734 1412 1797 hanania
1438 1730 1557 1796 moero
1577 1750 1603 1795 a.
1625 1731 1666 1794 de
1686 1730 1787 1793 ubero
1807 1730 1943 1793 arbitrio
1963 1725 2192 1790 Melanthonem
2214 1731 2343 1808 priorem
2364 1729 2531 1792 dowinam

527 1820 558 1879 in
579 1817 677 1882 Editt.
702 1819 815 1898 primae
844 1821 952 1879 aetatis
979 1819 1166 1898 propositam
1191 1823 1331 1878 mutasse
1350 1823 1479 1877 constat.
1534 1814 1565 1875 ln
1588 1814 1646 1874 lroc
1669 1814 1748 1873 enim
1771 1813 1895 1872 disserit
1918 1812 1957 1871 de
1979 1812 2075 1872 tribus
2097 1812 2136 1873 ad
2158 1815 2388 1876 conversionem
2408 1834 2531 1876 concur·

528 1903 665 1963 rentibus
687 1908 808 1968 causis:
837 1902 888 1962 „ln
911 1904 969 1963 hoc
991 1902 1131 1981 exemplo
1154 1903 1292 1963 videmus
1314 1903 1455 1979 coniungi
1477 1899 1534 1960 lras
1556 1919 1677 1970 musas,
1699 1897 1847 1969 Verbum,
1870 1896 2015 1976 Spiritum
2037 1906 2186 1970 sanctum,
2209 1906 2241 1961 et
2262 1899 2447 1970 voluntatem
2467 1919 2531 1972 ¹non

529 2006 584 2047 san
596 1988 754 2058 eotiosam,
778 1988 836 2047 sed
848 1996 1063 2066 repugnantem
1075 1987 1236 2048 infirmitati
1249 2006 1334 2048 suae.
1352 2021 1395 2033 -
1416 1984 1581 2046 Praeterea
1597 1986 1625 2045 si
1643 1984 1764 2053 detota
1783 1985 1844 2043 vita
1864 1984 1980 2061 piomm
2002 1982 2169 2061 loquamur,
2191 1983 2252 2068 etsi
2275 1991 2325 2045 est
2347 1984 2456 2066 ingens
2477 1985 2532 2046 im·

528 2070 697 2143 becillitas,
725 2078 825 2132 tamen
860 2080 909 2132 est
929 2072 1031 2150 aliqua
1062 2071 1187 2132 libertas
1216 2071 1399 2143 voluntatis,
1423 2091 1514 2149 quum
1537 2071 1659 2151 quidem
1681 2069 1740 2128 iam
1762 2068 1920 2129 adiuvetur
1942 2088 1960 2127 a
1981 2070 2090 2148 spiritu
2110 2076 2225 2138 sanato,
2249 2075 2281 2129 et
2301 2088 2395 2148 agere
2415 2070 2533 2150 aliquid

528 2166 634 2240 potest
655 2159 685 2218 in
709 2158 842 2217 externis
862 2156 1002 2236 lapsibus
1025 2157 1198 2218 cavendis«
1254 2155 1297 2218 Et
1317 2157 1378 2217 sub
1400 2157 1492 2216 huius
1513 2155 1573 2217 loci
1598 2156 1685 2215 finem
1707 2154 1796 2213 dicit:
1825 2152 1912 2213 „Non
1934 2154 2030 2233 probo
2052 2152 2248 2216 deliramenta
2268 2151 2533 2228 Manichaeorum,

529 2245 580 2323 qui
603 2261 726 2322 prorsus
749 2240 860 2301 nullam
882 2241 1028 2302 voluntati
1049 2243 1199 2303 actionem
1220 2242 1401 2313 tribuebant,
1424 2261 1463 2300 ne
1485 2240 1607 2321 quidem
1629 2240 1789 2301 adiuvante
1811 2237 1927 2318 Spiritu
1949 2244 2072 2312 sancto,
2095 2240 2182 2319 quasi
2203 2235 2278 2298 nibil
2299 2239 2469 2303 interesset
2489 2243 2534 2301 in-

527 2334 574 2388 ter
590 2333 722 2390 statuero
740 2333 774 2386 et
794 2325 1006 2388 voluntatem«

677 2442 711 2504 ln
733 2445 802 2505 loco
824 2448 866 2509 de
886 2448 1059 2526 Evangelio
1077 2443 1191 2523 legitur
1211 2443 1357 2514 delinitio,
1380 2444 1420 2503 de
1442 2462 1503 2521 qna
1523 2448 1634 2522 postea
1654 2460 1762 2520 magna
1784 2446 1848 2501 orta
1869 2448 1919 2502 est
1942 2443 2156 2511 controversia,
2179 2442 2268 2503 bisce
2289 2444 2411 2503 verbis:
2449 2441 2534 2505 „De-

528 2529 595 2592 ddit
612 2531 716 2608 itaque
738 2528 881 2590 caestus
903 2529 1103 2608 Evangelium
1117 2527 1222 2589 Lucae
1242 2528 1348 2589 ultimo
1370 2527 1461 2607 plane
1483 2534 1516 2587 ut
1537 2526 1653 2596 artifex,
1675 2546 1767 2605 qnam
1788 2528 1873 2587 iubet
1895 2526 2005 2587 docere
2025 2528 2241 2606 poenitentiam
2262 2534 2295 2588 et
2315 2529 2534 2590 remissionem

529 2622 720 2696 peccatomm
743 2616 772 2674 in
794 2616 912 2674 nomine
935 2635 1003 2674 suo.
1058 2612 1119 2674 Est
1142 2615 1231 2691 igitur
1250 2610 1450 2693 Evangelium
1473 2613 1655 2693 praedicatio
1678 2613 1882 2692 poenitentiae
1904 2617 1936 2672 et
1956 2612 2131 2691 promissio,
2155 2631 2245 2692 qaam
2265 2613 2339 2673 ratio
2361 2632 2420 2673 non
2442 2621 2534 2675 tenet

528 2691 708 2769 ridlnraliter,
731 2699 789 2758 sed
811 2698 943 2759 revelata
964 2698 1142 2758 divinitus.“
2273 2720 2275 2724 ·

676 2811 710 2873 ln
731 2814 801 2875 loco
833 2819 1002 2895 depretia
1022 2826 1058 2880 et
1076 2816 1299 2893 iustificatlmre
1330 2815 1572 2877 iustificationem
1595 2815 1643 2873 sic
1676 2814 1794 2874 delinit:
1841 2815 2000 2876 „remissio
2032 2822 2225 2895 peccatorum
2258 2824 2289 2878 et
2320 2815 2531 2879 reconciliatio

527 2919 587 2964 sau
606 2901 774 2979 acceptatio
798 2920 946 2979 personae
967 2900 1006 2961 ad
1027 2901 1118 2960 vitam
1140 2906 1299 2959 aeternam.
1343 2898 1421 2957 Nam
1442 2899 1592 2959 Hebraeis
1614 2899 1778 2958 iustificare
1801 2906 1850 2959 est
1868 2905 2004 2981 forme
2025 2903 2164 2984 verdoun,
2185 2908 2218 2962 ut
2239 2903 2268 2962 si
2289 2902 2403 2980 dicam:
2425 2899 2531 2983 Popu-

526 2982 584 3060 lus·
598 2982 756 3058 Romauus
784 2985 957 3046 iustificavit
978 2984 1151 3063 Scipionem
1181 2990 1358 3043 accusatum
1380 3002 1399 3041 a
1419 2984 1565 3052 tribunis,
1596 2984 1616 3040 i.
1646 3003 1674 3042 e·
1696 2981 1829 3043 absolvit
1850 3004 1909 3043 seu
1930 2985 2043 3046 iustum
2065 2987 2296 3066 pronuntiavit«
2341 2984 2463 3047 Deinde
2487 2988 2531 3047 di·

528 3068 584 3127 cit:
615 3063 719 3129 „lnest
745 3069 774 3127 in
802 3069 950 3130 vocabulo
980 3071 1092 3148 gratiae
1115 3063 1273 3128 exclusiva
1293 3066 1453 3147 particula,
1480 3067 1624 3127 videlicet
1656 3068 1737 3146 quod
1756 3073 1863 3147 pratis
1884 3069 2031 3129 donentur
2051 3073 2194 3131 remissio
2216 3078 2408 3150 peccatoram
2430 3077 2463 3132 et
2484 3093 2530 3133 re·

526 3149 707 3211 conciliatio.
743 3152 829 3212 Haec
851 3154 997 3232 particula
1018 3153 1177 3213 exclusiva
1198 3173 1257 3212 non
1280 3151 1414 3212 excludit
1436 3160 1567 3212 nostram
1590 3152 1803 3231 poenitentiam
1825 3160 1856 3213 et
1876 3153 1957 3213 bona
1978 3173 2085 3234 opera,
2108 3155 2167 3215 sed
2187 3162 2298 3216 tantum
2321 3153 2530 3219 conditionem

526 3232 687 3312 dignitatis·
703 3236 865 3298 excludit«

672 3352 789 3414 Locum
811 3358 852 3418 de
873 3354 964 3419 bonis
984 3357 1134 3437 operibus
1156 3356 1282 3434 copiose
1302 3360 1416 3424 tractat,
1438 3360 1473 3415 ut
1493 3351 1738 3428 demonstret'ea
1761 3355 1936 3417 necessaria
1958 3376 2050 3428 esse,
2074 3378 2150 3438 quae
2172 3360 2323 3420 sententia
2344 3381 2362 3418 a
2384 3359 2528 3439 pluribus

526 3443 667 3518 tanqrmm
687 3439 839 3519 papistica
861 3439 913 3499 illo
936 3447 1071 3520 tempore
1093 3447 1143 3501 est
1165 3441 1340 3519 improbata.
1387 3437 1450 3499 „Ut
1472 3440 1617 3509 sciamus,
1642 3441 1754 3519 inquit,
1777 3443 1904 3501 virtutes
1927 3450 1958 3503 et
1979 3444 2077 3503 bonas
2098 3445 2234 3504 actiones
2256 3442 2325 3504 Deo
2347 3445 2440 3506 valde
2462 3445 2528 3527 pla·

526 3533 604 3592 cere',
626 3517 711 3582 ornat
731 3541 786 3582 eas
808 3521 897 3583 Deus
920 3524 1092 3585 honorificis
1114 3523 1223 3586 titulis.
1257 3561 1299 3571 -
1342 3561 1384 3571 -
1429 3524 1510 3599 Quid
1532 3524 1614 3603 quod
1635 3527 1715 3586 bona
1735 3521 1827 3606 oplra
1847 3526 1937 3586 etiam
1960 3536 2146 3589 sacramenta
2166 3536 2248 3601 snnt,
2270 3529 2331 3589 lroc
2352 3537 2411 3601 est,
2436 3533 2528 3611 signe

524 3605 687 3667 volunmtis
709 3606 790 3667 Dei?
811 3645 905 3655 -—
927 3608 1092 3670 Sciendum
1114 3616 1164 3670 est
1185 3612 1276 3671 etiam
1297 3610 1431 3690 praemia
1450 3611 1608 3689 proposita
1628 3629 1703 3671 esse
1726 3612 1816 3672 bonis
1838 3613 1993 3691 operibus,
2017 3633 2075 3673 seu
2096 3616 2177 3675 bona
2197 3633 2289 3694 opera
2311 3617 2417 3675 mereri
2438 3635 2526 3696 prae-

523 3691 584 3750 nria
605 3692 770 3772 corporalia
791 3700 823 3754 et
843 3693 1039 3773 spiritualia«

548 3799 554 3816 ¹
590 3815 593 3820 '
672 3805 707 3870 ln
733 3809 804 3882 loco
831 3815 873 3876 de
899 3814 1119 3876 Sacramenta
1141 3809 1249 3870 refutat
1276 3817 1339 3871 tres
1371 3830 1506 3881 errores,
1535 3813 1661 3891 primum
1683 3810 1952 3884 scholasticorum,
1978 3817 2049 3895 „qui
2071 3817 2217 3879 finxerunt
2238 3818 2376 3881 bomines
2398 3826 2524 3882 utentes

524 3891 728 3955 Sacramentis
749 3893 790 3953 N.
814 3891 849 3953 Τ.
874 3915 912 3954 ex
935 3915 1024 3973 opere
1048 3900 1171 3973 operato
1194 3894 1293 3953 iustos
1317 3895 1398 3965 tieri3
1420 3892 1546 3953 alterum
1569 3915 1681 3966 eorum,
1704 3897 1756 3975 qui
1779 3895 1891 3969 dicunt,
1915 3898 2108 3963 Sacramenta
2130 3924 2188 3963 non
2212 3924 2286 3963 esse
2308 3906 2396 3983 signa
2417 3904 2523 3967 volun·

524 3979 595 4037 tatis
617 3976 678 4036 Dei
700 3996 771 4055 erga
793 3999 860 4049 nos,
883 3979 941 4038 sed
962 3986 1074 4038 tantum
1097 3984 1185 4037 notas
1208 3983 1328 4038 nostrae
1350 3978 1564 4058 professionis,
1588 3980 1659 4058 quia
1681 3988 1816 4060 oporteat
1837 3991 1938 4044 extare
1960 3993 2058 4057 notas,
2077 3988 2190 4067 quibus
2213 3987 2416 4049 discemamur
2437 4011 2457 4050 a
2478 4012 2524 4051 re-

523 4059 617 4142 liquis
656 4062 798 4142 gentilm
811 4062 855 4140 ');
887 4063 1006 4123 tertiam
1039 4063 1322 4143 Anabaptistarum‚
1356 4065 1407 4142 qui
1437 4071 1623 4125 sacramenta
1652 4084 1726 4126 esse
1748 4066 1910 4147 allegorias
1931 4077 2044 4131 tantam
2067 4073 2106 4132 de
2128 4073 2218 4133 bonis
2240 4075 2383 4153 operibus
2406 4075 2523 4137 dicunt.

521 4137 787 4225 Deinceps'siram
809 4150 989 4208 sententiam
1010 4150 1166 4227 proponit:
1192 4149 1292 4228 „quod
1314 4147 1509 4209 Sacramenta
1526 4148 1567 4209 N.
1590 4146 1626 4209 T.
1649 4152 1851 4231 principaliter
1872 4156 2009 4216 instituta
2031 4165 2112 4229 sunt,
2135 4166 2169 4218 nt
2191 4160 2253 4219 sint
2274 4161 2361 4238 signa
2382 4157 2525 4222 volrrnta·

523 4226 645 4289 tistei
665 4237 755 4309 ¹eiga·
781 4251 856 4302 nos,
885 4232 1063 4294 incurrentia
1089 4235 1118 4293 in
1141 4232 1264 4304 oculos,
1293 4239 1328 4293 ut
1349 4254 1406 4294 nos
1428 4235 1617 4306 admoneant,
1641 4242 1674 4296 ut
1696 4238 1854 4299 credamus
1876 4241 2072 4319 promissioni
2094 4243 2124 4302 in
2145 4241 2312 4322 Evangelio
2335 4248 2522 4325 propositae.

523 4312 566 4373 lta
595 4315 803 4393 coniungimus
826 4314 1049 4379 Sacramentum
1078 4326 1110 4379 et
1137 4320 1380 4399 promissionem.
1437 4317 1525 4379 Sicut
1545 4328 1644 4381 autem
1667 4323 1829 4400 promissio
1860 4325 1918 4384 fide
1940 4327 2115 4405 accipienda
2137 4334 2195 4399 est,
2219 4330 2259 4389 ita
2281 4330 2309 4387 in
2333 4350 2394 4389 usu
2415 4329 2523 4393 Sacra·

523 4404 687 4458 mentomm
710 4399 787 4461 tides
810 4402 956 4463 accedam
978 4403 1079 4473 debet,
1103 4423 1182 4482 quae
1205 4410 1318 4465 statuat
1338 4405 1428 4465 nobis
1452 4425 1489 4465 ea
1509 4424 1580 4464 vere
1603 4408 1785 4485 contingere,
1808 4428 1887 4487 quae
1909 4412 1938 4469 in
1961 4413 2164 4489 promissione
2186 4421 2418 4495 proponamus«

560 4523 575 4598 j
671 4517 949 4601 Interrogationem,
978 4527 1052 4600 quot
1073 4522 1136 4581 sint
1156 4519 1359 4594 Sacramenta,
1382 4525 1430 4583 sic
1451 4522 1609 4584 dissolvit:
1634 4523 1738 4584 „Nihil
1760 4545 1839 4605 opus
1862 4534 1911 4588 est
1932 4530 2019 4589 rixari
2043 4532 2081 4591 dc
2104 4530 2360 4598 sacramentorum
2383 4559 2520 4602 numero.

522 4599 601 4678 issam
623 4605 652 4672 si
664 4601 867 4674 'Sacramenta
886 4625 1031 4666 vocamus
1054 4627 1112 4667 non
1135 4606 1236 4668 solum
1259 4610 1444 4669 ceremonias
1468 4610 1497 4668 in
1515 4607 1683 4689 Evangelio
1706 4610 1871 4683 institutas,
1895 4614 1952 4675 sed
1976 4616 2065 4677 etiam
2086 4618 2164 4681 alias
2186 4640 2236 4681 res
2257 4628 2308 4682 aut
2331 4643 2431 4704 opera,
2456 4628 2520 4707 qni·

523 4687 583 4748 bas
596 4688 725 4750 additae
746 4697 819 4754 sunt
839 4692 1059 4770 promissiones
1082 4692 1211 4765 divinae,
1232 4692 1328 4754 multa
1349 4693 1543 4754 Sacramenta
1564 4696 1708 4754 numerari
1732 4701 1881 4774 potenmt,
1904 4705 1938 4759 ut
1958 4699 2063 4764 Oratio
2085 4706 2141 4765 erit
2162 4703 2397 4780 Sacramentum,
2410 4748 2453 4758 -
2476 4709 2519 4760 '—

523 4769 712 4856 afflictiones
735 4781 766 4833 et
787 4773 1003 4857 eleemosynae
1026 4815 1066 4824 —
1090 4814 1131 4823 -
1152 4775 1194 4838 Et
1215 4779 1337 4857 quidem
1359 4780 1522 4858 prodesset
1543 4778 1717 4840 huiusmodi
1740 4800 1831 4859 opera
1853 4786 1947 4843 omari
1969 4788 2057 4847 titulo
2080 4788 2349 4866 Sacramentorum,
2372 4802 2406 4855 ut
2427 4800 2520 4875 quasi

523 4855 554 4915 ln
574 4853 686 4917 illustri
707 4853 776 4917 loco
798 4861 899 4937 posita
920 4861 1016 4940 pluris
1040 4863 1153 4933 fierent,
1176 4871 1208 4924 et
1230 4863 1289 4923 boe
1311 4863 1398 4925 titulo
1418 4863 1556 4925 homiues
1579 4866 1722 4925 admoniti
1746 4867 1859 4928 scirent
1887 4873 2110 4950 promissiones
2133 4878 2328 4954 requirendas
2352 4886 2383 4941 et
2404 4884 2519 4961 magni·

523 4937 677 5000 iaciendas
701 4961 804 5002 essem
849 4944 908 5004 His
930 4947 1103 5007 adnumerat
1124 4950 1213 5009 etiam
1234 4948 1455 5009 Matrimonium
1478 4956 1508 5008 et
1530 4948 1685 5010 Ordinem.
1741 4948 1914 5013 Secundum
1943 4955 2066 5018 alteram
2089 4959 2347 5023 sacramentorum
2370 4966 2519 5027 delinitio-

523 5042 591 5082 nem
613 5026 669 5084 tria
690 5028 810 5088 statuit:
847 5026 968 5107 „ltaque
990 5034 1019 5091 si
1041 5030 1234 5093 Sacramenta
1255 5054 1399 5094 vocamus
1422 5036 1608 5095 ceremonias
1631 5056 1688 5094 seu
1711 5036 1787 5095 ritus
1810 5038 1839 5096 in
1861 5038 2029 5121 Evangelio
2053 5046 2209 5107 institutos
2233 5054 2263 5108 et
2284 5050 2403 5130 proprie
2425 5054 2517 5130 perti·

522 5113 630 5169 nantes
659 5108 699 5168 ad
724 5110 801 5171 lmnc
829 5115 1018 5193 praecipuam
1048 5120 1281 5196 promissionem
1309 5125 1340 5179 et
1360 5118 1518 5197 Evangelii
1541 5120 1698 5198 propriam,
1723 5120 1844 5183 scilicet
1864 5125 1904 5186 dc
1925 5130 2106 5189 remissione
2127 5140 2329 5211 peccatomm,
2353 5134 2444 5196 facile
2468 5143 2518 5197 est

522 5189 695 5265 diiudicare,
719 5214 797 5273 quae
818 5199 881 5260 sint
902 5197 1107 5273 Sacramenta,
1127 5202 1315 5285 Baptismus,
1339 5200 1444 5265 Coena
1465 5203 1587 5264 Domini
1610 5212 1641 5266 et
1661 5205 1855 5270 Absolutio.u

624 5477 650 5546 ')
674 5483 743 5536 llaec
759 5485 837 5537 verbs
855 5490 971 5547 spectare
989 5488 1022 5540 sd
1039 5488 1214 5555 zwinglianos,
1233 5494 1318 5546 elucet
1334 5506 1367 5546 er
1383 5494 1423 5558 tts,
1440 5506 1506 5558 quae
1524 5495 1550 5547 in
1567 5495 1624 5548 liei.
1643 5494 1826 5552 commentam
1842 5500 1868 5552 in
1886 5501 1958 5563 epist
1975 5501 2009 5554 ad
2026 5502 2097 5555 Rom.
2116 5504 2231 5559 Edtttone
2241 5508 2378 5571 witonem.
2396 5520 2421 5560 e.
2437 5510 2516 5563 1582.

675 5552 699 5602 8.
717 5551 762 5603 tol.
780 5553 834 5606 11⁵
853 5553 980 5616 teguntur.
1016 5557 1045 5609 In
1062 5557 1133 5610 Locis
1150 5560 1167 5610 L
1185 5559 1202 5612 ι
1218 5560 1265 5612 tros
1284 5557 1375 5613 bellos
1391 5558 1528 5614 tonum
1543 5563 1664 5628 appellat
