5859 6734
416 683 481 749 tto
861 674 1011 742 LLOCl
1032 671 1305 740 THEOLOGlGl:
1328 671 1366 740 C.
1390 672 1603 741 SECUNDA
1622 673 1780 743 EORUM
1801 674 1958 741 AETAS.
2183 687 2186 695 '
2308 738 2313 745 ,
2346 670 2412 737 tta
2511 698 2516 705 ·

568 865 661 926 Liber
682 867 750 944 ipse
773 863 933 942 epistolam
955 864 1199 942 nuncupatoriam
1221 862 1426 940 subsequens,
1448 862 1630 940 inscriptust
1652 865 1730 926 Loci
1748 881 1930 926 communes
1950 864 2124 942 theologici,
2147 864 2177 923 in
2201 864 2342 926 omnibns
2359 862 2413 927 hu·

420 957 470 1014 ius
498 954 611 1014 aetatis
633 949 727 1011 Editt.
764 949 876 1009 orditur
898 968 916 1007 a
937 949 1091 1027 prooemio
1114 948 1152 1006 de
1175 948 1358 1007 necessitate
1377 953 1408 1007 et
1429 944 1560 1014 utilitate
1582 945 1727 1018 methodi,
1750 946 1831 1025 qnod
1854 947 1958 1025 incipit
1985 967 2004 1006 a
2025 947 2140 1006 verbis:
2174 948 2266 1013 Sicut
2283 955 2318 1014 iu
2338 954 2413 1017 aiae

419 1039 544 1103 artibus
562 1038 704 1118 prodest,
728 1041 760 1094 at
781 1033 880 1093 finitur
902 1036 1019 1093 verbis:
1043 1035 1097 1096 Sic
1118 1033 1321 1095 manandum
1343 1039 1394 1094 est
1411 1033 1453 1094 ae
1474 1039 1591 1095 ceteris
1611 1035 1766 1112 muenia,
1788 1049 1867 1112 qnos
1887 1037 2053 1113 scriptura
2067 1036 2229 1114 proponit.

568 1154 647 1214 Huic
668 1153 822 1232 prooemio
844 1171 979 1212 annexus
1003 1158 1053 1211 est
1074 1150 1161 1211 lticce
1186 1151 1355 1229 (amicant
1374 1153 1538 1213 wentam:

461 1277 513 1339 ile
532 1275 609 1337 lieo.
1536 1268 1587 1329 lie
1607 1268 1773 1347 Baptistae
1794 1270 1976 1347 infantiam.

467 1359 557 1437 otiati
574 1362 621 1420 sii
636 1374 721 1421 arnis
742 1358 839 1419 Deras.
1536 1352 1588 1414 De
1611 1351 1717 1414 Contu
1738 1352 1876 1415 Domini.

466 1442 557 1520 ottod
574 1446 644 1504 sint
660 1448 729 1504 tres
748 1457 909 1521 personae
929 1439 1114 1501 dimicatis.
1504 1508 1507 1515 ¹
1535 1437 1586 1498 De
1605 1437 1772 1515 sacrificio.

413 1578 417 1587 ,
462 1531 512 1595 De
534 1531 705 1589 ereaaone.
1536 1522 1587 1584 De
1607 1521 1816 1583 Paenitentia.

462 1616 512 1677 De
532 1628 632 1672 caina
647 1614 782 1688 peccati.
1397 1630 1400 1638 ·
1535 1607 1586 1667 Dc
1601 1612 1735 1683 peccato
1756 1608 1791 1667 in
1812 1604 1967 1685 Spiritum
1989 1612 2142 1669 sanctam.

461 1700 512 1773 De
531 1697 670 1758 nomina
691 1694 811 1754 viritas
831 1711 870 1754 ac
891 1693 990 1755 iibere
1012 1692 1154 1754 arbitrio.
1535 1690 1586 1751 De
1606 1691 1809 1768 consessione
1824 1697 2037 1769 peccatoram.

461 1774 511 1845 ne
526 1784 662 1859 peccato
684 1784 718 1839 et
735 1777 776 1840 de
792 1780 1059 1857 poenapeccati.
1534 1774 1586 1836 lle
1606 1776 1837 1854 satisfactione.

461 1864 511 1929 ae
531 1867 609 1942 iege.
1534 1859 1586 1921 lle
1600 1864 1760 1937 potestate
1781 1858 2014 1938 Ecclesiastico,
2035 1875 2093 1920 sen
2113 1858 2155 1920 ae
2175 1858 2283 1920 clarii.
2350 1874 2353 1879 ·

414 1956 418 1965 '
460 1950 511 2013 Iis
532 1948 719 2010 minans
734 1950 983 2025 praeceptamm
1005 1952 1040 2007 et
1057 1946 1273 2007 αοααὶὶέαηαα.
1535 1943 1586 2005 De
1605 1943 1758 2005 Εααὶααὶα.

460 2036 511 2098 Ile
530 2030 802 2112 prmatssionibns.
1095 2056 1110 2068 ··
1534 2028 1585 2089 De
1604 2025 1830 2089 anditoniias
1848 2028 2005 2090 isinana.

460 2110 514 2182 De'
531 2110 702 2194 &nagelta
723 2120 759 2177 et
775 2114 937 2192 beneficiis
961 2113 1089 2177 Christi
1534 2112 1586 2174 lle
1606 2112 1767 2174 mandato.

460 2203 509 2265 De
531 2200 716 2263 mantne
736 2202 817 2278 tegis
838 2206 873 2262 et
890 2199 1063 2279 Evangelii.
1449 2274 1452 2285 Ι
1541 2196 1631 2270 Quoi
1649 2197 1794 2274 lisanam
1818 2194 1940 2259 Christi
1957 2199 2003 2257 sit
2020 2198 2195 2274 spiritale.

461 2287 511 2349 ile
533 2284 769 2362 indicatione,
790 2285 832 2346 de
849 2288 968 2362 mana,
990 2286 1031 2346 ae
1051 2284 1222 2346 donadone
1235 2281 1338 2362 Spiri-
1439 2305 1441 2309 ·
1533 2282 1584 2344 Ile
1604 2284 1842 2342 remrrecticne
1862 2285 2067 2342 maiaontm.

530 2374 583 2430 ties
602 2373 716 2447 sancti,
737 2375 771 2431 et
790 2373 873 2431 aitae
894 2376 1057 2431 asianae.
1202 2366 1211 2377 ‘
1534 2366 1584 2427 De
1605 2381 1702 2427 aiae
1721 2365 1899 2444 toleranda,
1920 2381 1979 2427 sen
2000 2364 2041 2426 tte
2061 2362 2303 2445 captionibus.
2373 2404 2376 2408 -

461 2455 510 2517 Ile
529 2454 602 2529 lide.
1533 2450 1585 2512 lle
1602 2453 1797 2528 precatione.

460 2537 622 2601 Deionis
642 2537 801 2615 operiim
822 2545 857 2599 et
874 2541 1000 2599 mertun
1020 2537 1174 2599 bononem
1195 2551 1336 2615 openan
1514 2535 1585 2597 *Dc
1604 2533 1845 2611 Magistratibas
1877 2533 2020 2597 anilibus
2052 2540 2086 2595 et
2113 2533 2270 2611 dignante
2301 2548 2413 2603 rertnn

441 2624 510 2686 -lle
530 2621 718 2682 dnertmne
736 2626 863 2711 peccati
881 2624 1016 2684 conniis
1036 2629 1071 2683 et
1087 2623 1240 2684 mortain.
1601 2621 1813 2696 politicam.

460 2706 510 2768 De
526 2707 832 2784 praedestinatione.
1646 2702 1712 2779 [Ad
1728 2700 1788 2760 ltos
1809 2701 1839 2761 in
1858 2700 1916 2760 fine
1938 2701 2074 2761 accessit
2089 2699 2178 2760 locus
2197 2700 2227 2759 in
2244 2697 2307 2759 hoc
2322 2692 2411 2761 csta

459 2792 509 2854 De
530 2791 717 2852 aisainine
738 2795 855 2866 veteris
876 2796 911 2853 et
928 2793 1001 2852 noni
1024 2790 1224 2853 Tasmenit
1645 2785 1717 2865 logo
1735 2787 1890 2845 omissus:

458 2872 509 2937 lie
529 2878 647 2953 spiritu
668 2881 702 2937 ei
719 2877 822 2937 ittera
1533 2871 1584 2934 De
1599 2874 1714 2951 politia
1733 2875 1969 2949 ecclesiastica]

459 2959 509 3021 De
529 2958 676 3020 mariale
699 2958 892 3023 Christiana.
1337 3004 1340 3012 .
1404 3002 1408 3010 ,
1644 2954 1703 3015 His
1725 2952 1803 3014 locis
1821 2956 1851 3015 in
1869 2952 1965 3015 Editt.
1986 2955 2099 3013 7-14,
2119 2951 2197 3011 etin
2215 2944 2413 3011 1000111116-

459 3043 509 3105 ite
529 3048 756 3123 sacramentis,
782 3051 817 3107 et
834 3044 875 3107 de
897 3059 1031 3106 attinere
1051 3047 1336 3106 sacramenimitm.
1646 3058 1684 3118 go
1703 3041 1781 3100 etin
1799 3041 1975 3101 monnone
1992 3039 2022 3097 in
2040 3036 2098 3097 tine
2109 3034 2230 3096 additus
2241 3032 2415 3123 estlocni't

458 3126 509 3191 De
528 3128 701 3208 Baptismo.
1534 3126 1586 3189 De
1607 3124 1746 3205 imeae
2405 3138 2407 3143 '

568 3242 657 3303 Hunc
675 3240 854 3323 Catalogum
876 3246 1011 3324 proxime
1034 3245 1173 3322 sequitur
1197 3244 1265 3323 ipsa
1287 3241 1394 3302 horum
1418 3242 1553 3303 locorum
1571 3244 1776 3323 pertractatio,
1804 3262 1842 3301 ex
1859 3261 1937 3320 qua,
1955 3214 2053 3320 aenne
2070 3262 2107 3303 ac
2123 3261 2216 3323 supra
2237 3266 2269 3326 p.
2287 3253 2327 3311 itt
2345 3218 2414 3331 sqq.

418 3325 554 3399 lecimus,
574 3327 728 3389 Strobelio
746 3330 834 3400 duce,
852 3329 972 3408 singula
988 3327 1195 3389 Melanthonis
1213 3328 1294 3389 dicta
1315 3347 1394 3388 nunc
1410 3328 1581 3387 afferemus.

569 3443 602 3505 ln
621 3448 670 3507 his
687 3445 782 3507 Edita
800 3446 977 3506 Melanthon
995 3454 1059 3507 tres
1076 3447 1194 3526 priores
1211 3445 1308 3517 locos,
1328 3463 1410 3524 quos
1428 3447 1457 3505 in
1476 3446 1590 3524 primae
1608 3444 1718 3503 aetatis
1735 3436 1830 3503 sitit.
1855 3441 1945 3521 plane
1962 3444 2079 3516 omisit,
2097 3449 2277 3525 praesertim
2292 3446 2362 3519 lilii
2380 3457 2413 3515 et

417 3529 550 3611 Spiritus
568 3530 601 3590 S.
626 3531 812 3590 divinitatem
836 3531 992 3609 copiosius
1011 3531 1149 3590 metavit
1165 3530 1300 3608 inprimis
1318 3536 1352 3589 ut
1369 3527 1524 3590 Serveti
1543 3546 1659 3588 errores
1671 3531 1704 3604 ¹⁵)
1729 3526 1882 3588 refutaret.
1927 3524 2031 3589 causa
2046 3529 2086 3590 da
2104 3530 2260 3594 divinitate
2277 3531 2346 3593 Filii
2364 3535 2412 3597 fir·

415 3618 554 3676 unissima
571 3621 621 3674 est
635 3612 884 3690 Melanthoni.**)
928 3609 991 3673 Cur
1009 3610 1152 3673 Christus
1171 3613 1258 3692 λόγος
1275 3614 1453 3684 nominetur,
1471 3616 1515 3677 ita
1531 3612 1680 3692 explicat:
1702 3610 1754 3671 „ln
1772 3608 2014 3673 Colossensibus
2032 3621 2156 3674 vocatur
2166 3615 2254 3678 εἰκῶν
2263 3620 2314 3679 roi
2328 3621 2412 3682 θεοῦ.

414 3699 496 3760 llinc
520 3701 599 3759 sumi
622 3703 726 3776 potest
744 3698 962 3775 interpretatio,
988 3718 1080 3775 quare
1098 3697 1178 3757 iilius
1195 3705 1320 3758 vocetur
1336 3699 1470 3758 verbum.
1514 3698 1606 3759 Pater
1623 3696 1797 3777 intelligens
1818 3716 1893 3756 sese
1909 3699 2005 3777 gignit
2022 3699 2234 3777 cogitationem
2253 3703 2411 3782 quendem,

414 3804 496 3865 quae
518 3790 568 3843 est
590 3784 688 3862 ipsius
707 3783 813 3860 imago.
858 3781 946 3842 Sicut
964 3789 995 3842 et
1012 3789 1134 3843 nostrae
1152 3783 1353 3865 cogitationes
1370 3790 1442 3844 sunt
1459 3803 1557 3843 rerum
1576 3783 1739 3861 imagines,
1764 3782 1822 3843 sed
1840 3802 1896 3842 nos
1914 3804 1972 3843 non
1990 3782 2227 3845 transfundimus
2246 3788 2411 3847 essentiam

414 3870 445 3929 in
464 3870 612 3949 imagines
632 3865 709 3926 illas.
753 3864 851 3941 Pater¹
863 3874 964 3926 autem
981 3863 1070 3927 Deus
1086 3866 1269 3928 transfundit
1286 3867 1451 3927 essentiam
1470 3886 1556 3927 suam
1574 3869 1604 3927 in
1622 3865 1704 3927 illem
1722 3866 1891 3946 imaginem.
1935 3866 2020 3927 llaec
2038 3868 2179 3946 cogitatio
2198 3876 2248 3930 ast
2264 3871 2362 3949 imago
2379 3877 2412 3939 et

416 3951 601 4034 ἀπαύγασμα
618 3952 724 4031 patris,
743 3958 775 4013 ct
792 3957 915 4013 vocatur
932 3951 1065 4012 verbum.
1108 3950 1182 4013 ldeo
1200 3952 1293 4012 ilium
1310 3949 1460 4011 lohannes
1479 3953 1612 4012 nominat
1629 3951 1788 4031 tirum)
1857 3942 1861 3953 '
2362 3946 2366 3957 '

566 4071 680 4133 Harum
701 4069 796 4132 Editt.
825 4072 951 4131 mutatio
980 4071 1102 4131 maximi
1127 4072 1271 4132 momenti
1300 4077 1351 4132 est
1373 4071 1499 4131 omissio
1522 4070 1588 4130 duri
1610 4068 1693 4141 dicti,
1717 4076 1825 4135 mania
1844 4076 2028 4135 necessario
2050 4077 2195 4141 nitentia,¹
2210 4024 2295 4150 quas·
2311 4091 2349 4142 ag
2370 4073 2411 4145 iit-g

418 4157 582 4238 scriptione
613 4155 673 4217 loci
705 4156 818 4234 quinti:
862 4159 912 4220 De
943 4175 1041 4219 emisa
1067 4161 1196 4236 peccati
1215 4164 1250 4221 et
1266 4158 1308 4219 de
1336 4161 1612 4235 contingentia
1635 4154 1818 4233 intelligitur.
1852 4153 1894 4214 ¹ln
1917 4155 2008 4215 huius
2028 4153 2090 4215 loci
2111 4157 2285 4223 motatione
2306 4154 2412 4229 assiliit

418 4249 537 4322 praeter
558 4241 617 4302 alia
639 4241 767 4301 haecoe:
792 4236 987 4301 „constituta
1007 4245 1108 4300 autem
1129 4240 1187 4301 hnc
1209 4241 1371 4310 sententia,
1395 4239 1478 4319 quod
1499 4238 1587 4300 Deus
1610 4259 1668 4299 non
1691 4241 1846 4300 sit'causa
1866 4240 2000 4318 petenti,
2028 4237 2119 4319 plane
2140 4240 2411 4317 acquiescente,

1560 4464 1564 4473 ,
2199 4458 2204 4475 1
2281 4452 2351 4479 ..im
2396 4474 2399 4479 .

521 4531 549 4599 ⁸)
572 4532 676 4585 melisei
693 4533 855 4584 servetns
871 4529 973 4592 scripsit
987 4529 1065 4608 hosce
1081 4528 1176 4579 libros:
1196 4528 1218 4578 1.
1236 4527 1272 4606 ite
1289 4526 1409 4606 trinitatis
1426 4526 1556 4579 erroribus
1574 4525 1693 4579 librili
1709 4524 2410 4589 peritienueiemtierteto,sflmReuesritirragonia

571 4593 1197 4718 ituit.*tt⁰.¹i¹....²iit¹ttt⁰t.i
1214 4594 1325 4715 iiiii
1343 4590 2408 4721 insitii¹it‘¹tiit⁸¹i.ti¹t2.⁰tit⁰i.ii.¹’i.i¹⁰¹²ti¹.⁰i.⁸itt·i

572 4676 954 4787 ltolsertetn.⁸cinstt.⁸iteit
986 4675 1209 4781 olmntaffm
1234 4731 1260 4782 P.
1279 4701 1327 4782 'ii'
1348 4743 1373 4792 p.
1401 4732 1449 4782 211
1478 4742 1545 4793 saus
1574 4676 1656 4780 lienr.
1672 4695 1713 4780 'uit
1740 4693 1901 4780 ilino'erden
1925 4696 2063 4776 Historia
2093 4692 2160 4778 Mle
2198 4723 2257 4776 ¹ciis
2283 4718 2409 4779 sema.

573 4802 722 4854 iieimstniii
741 4801 813 4852 itti.
831 4799 937 4862 t,;10n
975 4812 1013 4852 or.
1028 4812 1078 4852 von
1094 4801 1215 4852 iiosireim
1233 4798 1433 4858 tnderweitiger
1449 4798 1562 4849 versuris
1588 4799 1660 4848 einer
1676 4796 1810 4848 volisttni.
1829 4809 1853 4848 n.
1871 4795 1988 4857 unpnrtit.
2005 4794 2254 4856 Keteergescirioitte.
2294 4792 2410 4858 -iieiut

575 4871 651 4923 1748.
670 4869 710 4931 4.)
728 4874 761 4902 -·
788 4865 859 4917 Cani.
876 4868 1043 4920 iieiantttonis
1061 4869 1093 4919 de
1111 4871 1215 4921 Serveto
1232 4867 1325 4918 iudicia
1342 4868 1367 4917 in
1384 4867 1459 4928 Epist.
1478 4864 1511 4917 ed
1530 4865 1703 4916 camerarium
1721 4867 1745 4916 s.
1762 4865 1834 4916 Febr.
1855 4865 1930 4914 1533.
1950 4861 2010 4914 data
2026 4861 2113 4925 (corp.
2133 4861 2188 4913 Rei.
2207 4862 2234 4913 ii.
2251 4872 2276 4925 p.
2292 4860 2364 4927 630.)
2382 4861 2410 4913 et

572 4939 598 4989 in
616 4937 691 4999 Epist.
709 4934 742 4986 nti
761 4935 889 4986 Brentium
907 4947 942 4987 m.
960 4936 1004 4988 iul.
1022 4936 1104 4988 eiust.
1123 4938 1183 4988 unni
1200 4936 1293 4997 scriptu
1312 4934 1398 4998 (corp.
1415 4935 1433 4982 1.
1452 4934 1469 4984 i.
1487 4946 1511 4996 p.
1530 4935 1580 4985 atto
1598 4933 1655 4995 sn).

464 5106 468 5111 Ι
507 5036 549 5103 ·*)
573 5036 716 5090 canisius
734 5036 807 5099 epist.
827 5035 860 5087 nd
879 5036 1005 5088 cumemr.
1022 5039 1063 5089 tt.
1079 5038 1126 5089 lui.
1147 5039 1220 5089 1529.
1239 5037 1299 5088 ista
1318 5035 1403 5100 (corp.
1418 5036 1437 5088 1.
1454 5047 1479 5097 n
1502 5034 1598 5100 titii).
1641 5045 1647 5055 ’

491 5137 533 5168 m
690 5139 695 5150 ·
937 5137 942 5148 ·
1045 5139 1051 5150 ·
1342 5139 1347 5150 ·
1891 5158 1924 5168 -

535 5141 547 5202 l
572 5136 1871 5270 iti...2⁰:ttitt.§istisin.¹.·.iit‘‚¹⁸i¹¹.i⁰.⁸¹¹.titiit⁵..isitiitint
1888 5202 1910 5252 ι.
1927 5127 2410 5262 iititttiitiiitiii

450 5316 453 5323 .
575 5276 656 5353 biensi
673 5276 767 5337 scripte
785 5287 817 5326 ex
834 5272 955 5325 mundato
972 5273 1049 5324 Fiatii
1064 5273 1154 5333 illyrici
1171 5277 1197 5325 et
1213 5277 1368 5336 praescripta
1386 5274 1418 5324 ait
1436 5286 1467 5325 eo
1486 5272 1595 5324 iormuia
1622 5271 1655 5322 ad
1671 5273 1698 5322 P.
1715 5269 1865 5322 Meianentn.
1883 5269 1910 5319 in
1936 5279 1986 5330 qua
2015 5267 2075 5330 quii
2098 5266 2192 5318 sentiat
2219 5264 2318 5316 itacius
2347 5259 2409 5328 aspi

574 5338 663 5404 λογον,
680 5344 822 5405 exponitur.
857 5342 996 5403 Responsio
1013 5341 1163 5392 iieiancntit.
1181 5342 1214 5391 ni
1230 5344 1305 5393 istam
1324 5342 1467 5402 epistotam,
1493 5343 1563 5392 inno
1584 5341 1656 5390 1558.
1672 5340 1697 5388 t.
1726 5341 1749 5390 t.
1767 5340 1802 5390 io.
1821 5336 1937 5398 wigandi
1955 5335 1986 5384 ie
2004 5334 2169 5395 generatione
2187 5332 2230 5383 tilii
2247 5331 2299 5392 liei,
2317 5342 2351 5381 an
2368 5341 2410 5380 eo·

575 5410 679 5470 gitanda
696 5412 852 5471 generetur?
886 5410 998 5460 rationes
1017 5420 1062 5469 pro
1080 5413 1107 5459 et
1124 5413 1210 5460 contra
1229 5411 1321 5460 niiatae
1340 5412 1366 5459 et
1384 5410 1514 5469 collectae,
1533 5420 1589 5459 cum
1606 5407 1688 5469 praet.
1709 5407 1781 5458 conr.
1799 5403 2022 5462 schitisseiiturgii,
2038 5400 2152 5453 irnneoi.
2169 5400 2209 5451 ni.
2225 5399 2257 5450 n.
2279 5397 2353 5449 1590.
2382 5396 2406 5448 8.

575 5481 599 5530 3.
617 5479 703 5529 tonan.
722 5480 798 5530 iienr.
817 5477 977 5529 Baitnasaris
995 5477 1161 5537 Progmmms
1180 5478 1376 5529 controtersinm
1389 5477 1420 5534 ie
1440 5477 1588 5540 quaestione
1607 5475 1767 5537 perPhiiippi
1784 5475 1854 5525 iocos
1871 5474 1948 5525 tneoi.
1965 5470 2126 5531 resuscitata,
2144 5480 2177 5520 an
2195 5465 2262 5517 tilius
2278 5464 2325 5517 Dei
2341 5464 2411 5525 cogi·

576 5546 671 5597 tutione
689 5547 770 5598 Patris
788 5548 821 5598 sit
837 5547 947 5609 genitus,
964 5544 1072 5610 ideoque
1089 5545 1197 5597 veroum
1214 5545 1259 5597 [tei
1276 5545 1389 5597 dimtnrt
1406 5545 1545 5608 explicans,
1557 5544 1694 5606 Grypnisw.
1714 5544 1787 5595 iiii.
1803 5543 1828 5594 t.

2160 5629 2204 5685 16⁸
