5859 6734
1085 648 1199 716 amn.
1220 645 1323 716 ima
1345 645 1532 715 scama
1551 645 1829 716 montanica.
2392 656 2460 725 :m

619 839 733 906 Placet
760 839 859 925 igitur
880 846 1006 903 ιειιιιιιιι
1026 838 1060 900 in
1081 835 1322 913 reconciliatis,
1343 833 1437 899 iuxta
1483 835 1601 983 affine
1621 835 1712 901 iuxta
1732 854 1795 901 sua
1812 853 1926 920 opera,
1943 837 2092 923 sequitur
2109 838 2224 905 ciuilis
2242 844 2300 908 ab·

618 924 700 991 illud
724 921 876 989 Christus
904 932 956 985 est
988 920 1062 986 linis
1090 919 1186 1007 legis.
1230 919 1311 984 item
1331 917 1437 983 Omne
1481 939 1499 982 s
1562 922 1625 984 'tas
1654 931 1691 985 ιιι
1717 925 1845 1005 supra¹
1888 919 1971 988 Cum
1999 923 2084 987 enim
2112 944 2208 991 nemo
2231 926 2264 990 le
2290 928 2377 1012 'aa
2395 950 2421 1000 ι),

618 1011 708 1096 quod
729 1029 797 1072 non
824 1019 875 1071 est
903 1027 944 1071 ex
973 1004 1038 1071 fide
1062 1017 1123 1070 etc.
1167 1005 1249 1070 Item
1270 1002 1438 1069 iustificati
1481 1000 1666 1069 satisfaciat
1681 1024 1822 1072 necesse
1840 1018 1932 1071 esset
1953 1025 2067 1072 omnes
2089 1012 2208 1092 perire.
2230 1011 2264 1076 A
2287 1046 2301 1063 ·

619 1116 661 1161 ez
677 1093 743 1159 lide
764 1112 881 1177 pacem
900 1090 1071 1156 habemus.
1101 1090 1192 1155 llaec
1208 1088 1330 1156 solutio
1350 1108 1438 1153 sum·
1481 1090 1590 1153 denda
1612 1090 1620 1108 ’
1646 1091 1709 1155 'tur
1736 1102 1788 1155 εει
1809 1092 1981 1155 commoda
2007 1093 2235 1178 interpretatio
2259 1116 2301 1161 ex

617 1190 675 1264 pta
696 1190 749 1243 est
770 1198 812 1242 ex
832 1177 913 1261 ipsis
936 1173 1081 1240 sontibus
1102 1174 1201 1240 buius
1223 1193 1353 1241 causae.
1376 1173 1438 1238 lta·
1480 1110 1664 1259 Evanggffi»
1732 1177 1776 1240 od
1797 1176 1896 1241 docet
1916 1178 2081 1263 quomodo
2102 1184 2301 1263 pronuncie-

619 1284 684 1351 que
715 1260 796 1327 nibil
827 1259 1019 1347 perplexmn
1050 1271 1107 1324 aut
1135 1262 1319 1326 intricatum
1340 1260 1438 1323 doce·
1481 1280 1554 1323 mur
1575 1260 1661 1324 iusti.
1686 1195 1805 1346 laque
1826 1257 1881 1326 alii
1898 1262 1949 1326 sic
1968 1264 2184 1346 respondent.
2213 1265 2300 1350 Ope-

618 1369 701 1414 mus.
733 1346 884 1412 Dicimus
899 1347 987 1410 bona
1009 1364 1113 1429 opera
1132 1346 1322 1411 necessaria
1343 1364 1437 1422 esse,
1481 1363 1519 1408 ra
1536 1343 1672 1446 placent
1692 1355 1829 1429 propter
1849 1344 1958 1412 iidem.
1997 1346 2035 1411 ld
2056 1358 2148 1413 recte
2169 1351 2301 1434 quidem

619 1434 680 1498 sed
712 1451 843 1515 semper
887 1440 1041 1513 oportere
1182 1433 1280 1496 edere
1319 1448 1438 1493 recon·
1482 1430 1682 1494 dicitursed
1704 1440 1812 1494 temen
1835 1433 1989 1495 monendi
2006 1442 2084 1497 sunt
2101 1434 2241 1500 studiosi
2262 1445 2300 1499 ut

620 1515 827 1584 eiliationem.
876 1512 1046 1579 Reconcili
1092 1534 1114 1578 o
1141 1528 1251 1582 autem
1274 1532 1438 1598 personae
1482 1513 1548 1578 boc
1566 1515 1687 1579 dictum
1715 1515 1895 1600 prudenter
1906 1519 1952 1592 ⁴⁷)
1977 1516 2172 1602 intelligant
2214 1519 2299 1583 Nam

619 1603 656 1666 iit
687 1600 753 1665 lide
784 1620 852 1665 non
883 1611 1020 1683 propter
1057 1601 1247 1685 dignitatem
1279 1610 1436 1664 nostrum.
1483 1599 1581 1664 obiici
1608 1610 1736 1684 potest,
1773 1599 1811 1663 ln
1842 1598 1908 1663 hec
1940 1598 2121 1666 solutione
2143 1604 2299 1690 comungt

537 1724 545 1749 t
579 1724 585 1737 ·
619 1686 699 1751 item
729 1705 798 1750 non
828 1683 961 1769 placent
990 1692 1120 1767 iopera
1151 1687 1216 1750 nisi
1246 1686 1337 1769 prins
1364 1703 1438 1767 per·
1482 1683 1580 1748 fidem
1601 1695 1635 1749 et
1656 1703 1758 1768 opera
1779 1694 1935 1768 tanquam
1952 1685 2037 1750 duas
2054 1685 2211 1771 pardales
2224 1708 2300 1752 cau·

620 1790 704 1836 sona
727 1768 886 1834 liberetur
914 1769 1125 1833 dubitatione.
1183 1789 1265 1835 nare
1297 1787 1438 1834 necesse
1481 1786 1540 1832 sas
1562 1768 1812 1833 iustificationis.
1864 1768 1975 1853 Opera
2004 1768 2139 1854 placent
2165 1781 2301 1857 propter
2388 1775 2392 1782 '

620 1867 673 1921 eet
693 1857 785 1940 prius
802 1853 869 1918 fide
889 1852 1070 1918 iustificari.
1111 1791 1183 1919 Sed
1201 1854 1299 1919 venio
1321 1854 1365 1918 ad
1385 1873 1438 1918 ar·
1483 1851 1591 1916 fidem.
1622 1852 1762 1934 Videtur
1783 1872 1865 1939 ergo
1887 1854 2106 1935 sentiendum,
2129 1858 2219 1941 quod
2240 1855 2299 1920 bo·

620 1942 841 2027 gamem-⁴⁶)
1483 1956 1537 2000 mo
1564 1937 1609 2001 sit
1633 1938 1739 2003 iustus
1760 1940 1878 2021 partim
1898 1950 2036 2024 propter
2061 1938 2160 2004 iidem
2181 1942 2300 2025 partim

663 2025 701 2091 Si
721 2027 773 2089 vis
789 2024 934 2088 inritam
955 2022 1082 2106 ingredi
1103 2033 1167 2087 etc.
1190 2042 1273 2108 ergo
1293 2021 1362 2086 vita
1383 2042 1438 2086 ae-
1482 2030 1619 2105 propter
1639 2041 1752 2105 opera.
1785 2020 1856 2087 Sed
1872 2024 1980 2087 sciant
2001 2025 2151 2103 studiosi,
2168 2026 2298 2109 quoties

621 2123 714 2177 ternu
741 2111 838 2172 datur
858 2116 995 2191 propter
1014 2104 1124 2192 legem
1146 2105 1201 2171 vel
1222 2117 1359 2191 propter
1379 2125 1438 2170 no·
1482 2106 1528 2169 ita
1559 2106 1694 2183 dicitur,
1727 2125 1830 2189 opera
1860 2104 1995 2190 placere
2021 2119 2157 2193 propter
2188 2107 2297 2186 fidem,

620 2208 723 2261 suam
739 2192 1015 2270 observationem,
1036 2192 1274 2256 mandatorum.
1318 2188 1438 2255 Facilis
1482 2190 1549 2255 boc
1577 2189 1685 2274 ipsam
1717 2190 1838 2275 requiri
1859 2201 1897 2255 ut
1917 2193 2098 2258 sentiamus
2120 2212 2298 2277 personam

621 2292 654 2347 et
669 2277 771 2363 plana
791 2277 965 2361 responsio
988 2288 1040 2339 est
1062 2277 1105 2340 ad
1117 2277 1327 2342 antecedens.
1356 2273 1440 2341 Cam
1483 2274 1587 2378 pratis
1608 2272 1753 2359 placere.
1776 2274 1887 2359 Opera
1906 2273 2041 2358 placent
2077 2276 2298 2361 ropteriidem

620 2384 715 2431 neruo
737 2362 770 2425 le
794 2364 802 2381 ⁰
825 2358 1008 2425 satisfaciat
1024 2361 1168 2445 perirent
1190 2382 1304 2426 omnes
1327 2362 1439 2425 sinon
1482 2382 1504 2424 ι.
1527 2360 1657 2445 aquia
1757 2378 1822 2423 ona
1838 2357 1904 2424 lide
1926 2299 2141 2426 reconcidiata
2162 2372 2195 2426 et
2211 2363 2298 2427 iusta

620 2460 759 2536 possent
803 2448 929 2512 omines
951 2443 1036 2509 salvi
1058 2443 1130 2509 lien·
1150 2448 1213 2510 nisi
1234 2444 1311 2531 lege
1327 2442 1439 2529 imple·
1483 2455 1547 2522 est,
1580 2464 1621 2509 ea
1648 2442 1671 2506 fi
1695 2463 1732 2509 es
1766 2463 1834 2507 non
1865 2444 1978 2510 nititur
2003 2457 2119 2510 nostra
2141 2447 2299 2533 dignitate

621 2547 665 2600 ta.
708 2533 801 2597 Haec
822 2530 1009 2596 absurditas
1032 2532 1180 2613 sequitur
1197 2551 1239 2597 ex
1255 2529 1322 2594 boc
1339 2531 1437 2594 dicto.
1483 2531 1545 2594 sed
1565 2539 1692 2594 tantum
1713 2529 1948 2594 misericordia.
1991 2530 2076 2594 Nam
2093 2531 2219 2595 etiamsi
2230 2529 2299 2596 Da·

621 2621 657 2687 Si
678 2619 753 2703 quis
773 2616 808 2679 τὸ
818 2614 954 2701 ῥηιὸϋθ)
976 2616 1096 2679 acerbe
1116 2616 1188 2678 sine
1202 2614 1273 2680 ulla
1282 2616 1440 2699 interpre·
1483 2615 1540 2679 rid
1555 2615 1656 2680 babet
1672 2614 1761 2678 bona
1778 2633 1880 2698 opera
1897 2624 2006 2678 tamen
2023 2632 2098 2679 cum
2113 2616 2145 2678 in
2157 2635 2300 2699 persona

623 2705 746 2768 tetiorm
777 2701 921 2764 retinere
943 2710 1093 2778 conetur.
1136 2700 1285 2764 Necesse
1309 2710 1361 2765 εει
1380 2700 1440 2784 igl-
1484 2718 1614 2783 semper
1641 2697 1780 2763 haereat
1805 2708 1978 2783 peecatum
2011 2718 2079 2762 non
2150 2710 2216 2765 test
2244 2696 2301 2763 illu

623 2801 676 2853 tur
693 2786 817 2851 addere
837 2784 1159 2866 interpretationem,
1177 2782 1330 2850 videlicet
1353 2783 1440 2847 0be·
1485 2783 1718 2867 operaindicio
1740 2784 1793 2847 dei
1815 2802 1994 2867 opponere,
2011 2784 2073 2848 sed
2090 2719 2189 2849 ἔδει
2201 2804 2300 2869 quae·

622 2872 744 2938 dientia
765 2866 879 2955 ergal
923 2887 974 2933 em
995 2878 1048 2931 est
1068 2870 1271 2948 necessaria,
1292 2869 1354 2934 sed
1371 2866 1439 2953 legi
1484 2887 1560 2933 rere
1580 2865 1843 2932 iustificationem
1863 2887 1925 2952 per
1950 2869 2219 2934 misericordiam.
2263 2869 2300 2933 ln

622 2956 807 3023 addendum
838 2964 891 3018 est
940 2973 1005 3017 van
1050 2949 1130 3016 lium
1162 2955 1203 3017 de
1224 2950 1356 3018 Christo
1405 2954 1439 3017 ui
1484 2972 1611 3017 summa
1632 2953 1797 3017 sententia
1819 2963 1872 3016 εει
1887 2950 2018 3018 Reddet
2038 2964 2101 3018 etc.
2125 2953 2159 3018 id
2180 2965 2232 3018 est
2253 2955 2300 3019 iu·
2397 3030 2399 3033 ¹

622 3053 675 3106 est
696 3035 862 3106 summai
906 3039 944 3099 ⁶.
1017 3058 1072 3101 um
1101 3034 1169 3123 legi
1190 3058 1287 3103 nemo
1308 2974 1439 3102 satisda·
1485 3038 1546 3100 stis
1570 3037 1685 3102 reddet
1706 3037 1868 3121 praemia,
1896 3037 2001 3122 impiis
2027 3057 2164 3123 poenas.
2207 3058 2300 3102 more

622 3128 697 3205 ciat,
735 3142 866 3207 semper
942 3132 1033 3186 ereat
1064 3122 1098 3186 in
1129 3124 1226 3187 nobis
1257 3133 1439 3206 peccatum,
1482 3120 1570 3207 legis
1602 3123 1723 3186 dictum
1755 3132 1824 3201 est,
1858 3121 1919 3188 sed
1945 3124 2069 3188 addere
2098 3132 2227 3206 oportet
2255 3142 2298 3186 ex

621 3212 713 3296 prius
735 3218 867 3293 oportet
886 3226 950 3271 nos
971 3205 1037 3270 fide
1053 3205 1259 3272 reconciliari
1273 3227 1334 3291 per
1344 3204 1438 3272 Chri·
1483 3204 1666 3290 Evangelio
1696 3217 1730 3271 et
1750 3209 1916 3292 quomodo
1937 3209 2040 3273 simus
2062 3208 2140 3273 insti
2163 3218 2196 3271 et
2217 3226 2298 3291 quo-

622 3306 720 3445 ffi'
736 3293 860 3444 pff
878 3288 1069 3441 placefflp
1089 3290 1439 3463 miglffimdfffiper}
1483 3291 1582 3356 modu
1603 3290 1759 3373 placeant
1779 3310 1892 3376 opera.

636 3400 657 3443 e
739 3399 760 3442 o
836 3396 877 3441 en
902 3396 933 3440 a.
1062 3395 1082 3438 e
1278 3396 1297 3439 c
1388 3396 1425 3441 es

626 3463 737 3530 Siris
759 3464 792 3526 in
809 3463 910 3526 vitam
935 3472 999 3524 etc.
1021 3458 1149 3527 scilicet
1176 3481 1251 3527 cum
1275 3460 1339 3526 hac
1362 3459 1438 3545 Epi·
1838 3474 1950 3543 Aliud,

624 3547 709 3627 ikia,
741 3547 852 3612 addita
884 3543 967 3622 lide,
1000 3566 1066 3632 qua
1096 3547 1188 3631 prius
1226 3544 1439 3612 instificemur

624 3634 732 3707 Quum
753 3631 937 3697 obedientia
956 3641 1073 3694 nostra
1094 3651 1160 3695 non
1182 3628 1343 3696 satisfacit
1358 3629 1438 3734 lapi.
1526 3627 1651 3695 Paulus
1675 3632 1789 3718 inquit.
1834 3629 1871 3698 si
1892 3650 2023 3698 omnem
2043 3629 2142 3696 iidem
2159 3630 2322 3707 habeam,

623 3718 754 3783 interim
780 3718 882 3803 igitur
912 3716 990 3779 iusti
1022 3733 1136 3780 sumus
1157 3735 1224 3780 non
1244 3727 1381 3801 propter
1401 3712 1439 3779 rl·
1483 3724 1547 3779 etc.
1574 3716 1673 3799 igitur
1693 3735 1760 3779 non
1781 3712 1858 3779 sola
1878 3714 1944 3780 lide
1968 3734 2083 3781 sumus
2104 3716 2192 3781 iusti.
2236 3714 2301 3781 lic·

622 3803 688 3871 hm
704 3811 852 3867 nostram
873 3799 1091 3864 obedientiam
1112 3800 1173 3864 sed
1215 3811 1328 3903 ropter
1345 3798 1439 3864 Citri-
1483 3800 1644 3883 spondeo.
1686 3798 1919 3879 ¹Antithesisw)
1948 3821 2015 3865 non
2038 3799 2104 3865 hoc
2126 3802 2214 3878 dicit,
2237 3820 2301 3865 nos

575 3955 579 3964 ,
623 3900 710 3954 ειιιιιι
729 3886 773 3950 Ει
792 3884 913 3949 liducm
932 3882 1176 3948 misericordiae
1191 3822 1314 3948 dinsa
1336 3886 1439 3968 impu·
1484 3882 1658 3948 dilectione
1679 3885 1787 3949 iustos
1809 3902 1898 3962 esse,
1921 3886 1983 3950 sed
2004 3894 2129 3950 tantum
2150 3886 2230 3950 dicit
2253 3886 2300 3951 di·

623 3975 724 4038 tatire
744 3980 797 4035 est
816 3968 962 4053 impletio
982 3966 1070 4056 legis
1098 3987 1138 4032 ac
1164 3968 1317 4032 iustitiae.
1359 3967 1439 4032 lusti
1482 3965 1657 4034 lectionem
1674 3968 1899 4033 necessariam
1916 3986 2006 4050 esse,
2029 3972 2118 4055 quod
2138 3989 2202 4033 nos
2219 3990 2300 4054 quo

624 4069 733 4124 autem
764 4064 843 4118 sunt
868 4052 925 4118 lilii
954 4052 1007 4117 dei
1025 4062 1059 4117 et
1079 4051 1283 4118 cohaeredes
1305 4050 1438 4118 Christi.
1483 4072 1550 4137 que
1574 4050 1776 4118 affirmatum
1802 4054 1886 4118 Nam
1907 4055 2108 4136 poenitentia
2128 4066 2162 4120 et
2190 4055 2300 4118 obedi·

668 4140 796 4206 Reddet
816 4138 993 4222 unicuique
1014 4138 1106 4201 iuxta
1127 4158 1228 4224 opera
1246 4157 1320 4204 sua.
1373 4137 1437 4203 Ro.
1484 4138 1571 4203 entia
1593 4157 1676 4226 erga
1696 4136 1805 4224 legem
1828 4142 2024 4204 necessaria
2045 4150 2115 4219 est,
2143 4141 2206 4204 etsi
2234 4136 2302 4205 alia

625 4225 663 4290 ΙΙ.
687 4230 752 4306 [vs.
783 4221 842 4301 6.].
885 4220 975 4305 Ergo
997 4241 1099 4304 opera
1119 4222 1299 4287 iustificant
1320 4231 1353 4286 ει
1374 4220 1439 4286 sal·
1483 4224 1527 4286 sit
1556 4242 1658 4288 eausa
1678 4223 1917 4289 iustificationis
1939 4245 2037 4309 quam
2063 4225 2205 4309 dignitas
2221 4243 2301 4310 poe-

584 4356 587 4365 ·
624 4321 712 4378 veut.
746 4306 963 4374 meoiudicio
985 4303 1224 4391 simplicissime
1245 4307 1357 4372 iteres
1381 4327 1438 4371 on·
1483 4308 1638 4373 nitentiae
1659 4320 1716 4373 aut
1743 4306 1926 4375 dilectionis
1949 4320 2093 4374 nostrae.
2137 4307 2180 4373 Et
2197 4328 2301 4393 quare

626 4396 695 4461 deri
715 4403 844 4477 potest,
867 4390 955 4456 banc
977 4392 1116 4479 liguram
1137 4394 1300 4457 sermonis
1321 4329 1439 4478 alege
1484 4393 1527 4455 sit
1554 4389 1619 4456 alia
1641 4411 1744 4458 causa
1766 4413 1870 4477 saepe
1888 4394 1955 4458 ium
1977 4394 2138 4472 diximus,
2171 4390 2300 4459 scilicet

625 4476 1096 4629 taetitit‘itaimtt‘t
1109 4475 1439 4627 titillabit
1483 4478 1561 4625 :¹2:¹³
1577 4476 1746 4627 libili
1767 4479 2075 4628 sistitis
2088 4479 2173 4627 {2¹33
2200 4499 2300 4627 ”al

625 4649 789 4733 proponit.
831 4643 901 4711 Sed
928 4580 1076 4709 interitiqtu
1088 4665 1129 4709 ex
1149 4584 1333 4733 Evangelio
1352 4647 1439 4711 seire
1482 4657 1520 4712 ut
1539 4581 1672 4712 repdnert
1696 4649 1803 4733 possit
1824 4648 1995 4712 certitudo.
2038 4607 2191 4712 Ettamen
2212 4645 2219 4683 ¹
2243 4648 2299 4712 de·
2334 4654 2375 4716 ⁰⁴2
2391 4666 2415 4703 ι-

626 4742 756 4816 oportet
772 4731 862 4816 quod
881 4728 950 4814 tagi
965 4727 1340 4810 nonsatisseciamus,ct
1372 4731 1439 4795 uod
1484 4734 1540 4795 bet
1581 4734 1742 4797 accedere
1786 4728 1916 4796 dilectio
1960 4743 1993 4796 et
2025 4730 2111 4798 aliae
2151 4734 2300 4797 virtutes.

625 4836 687 4900 per
706 4815 964 4878 misericordiam
984 4815 1334 4898 iustipronuncieunnr,
1346 4756 1439 4879 flacc
1483 4815 1562 4880 ldeo
1576 4816 1701 4883 Paulus
1718 4818 1855 4901 requirit
1877 4814 2093 4882 dilectionem.
2123 4816 2301 4882 Sciendm

628 4911 678 4965 est
699 4897 940 4982 simplicissima
960 4900 1194 4983 interpretatio.
1222 4901 1307 4964 Nam
1316 4899 1440 4965 haben·
1485 4912 1538 4965 est
1569 4914 1678 4966 antem
1705 4922 1747 4965 ex
1768 4899 1841 4965 aliis
1861 4898 1947 4966 locis
1987 4904 2130 4967 uomodo
2146 4902 2300 4986 placeant

627 4984 670 5047 da
698 4995 750 5048 est
770 4985 855 5048 ratio
875 4981 1017 5066 phrasis.
1071 4981 1108 5049 Si
1130 4987 1203 5072 quis
1225 4985 1311 5050 enim
1332 4994 1366 5049 et
1386 4983 1441 5048 bic
1485 4987 1549 5050 deo
1577 5006 1680 5069 opera
1701 4997 1734 5050 et
1754 4988 1893 5051 virtutes
1916 4923 2043 5052 sufficet
2064 5006 2130 5050 uon
2176 4988 2232 5051 uia
2251 4982 2299 5048 le-

628 5070 748 5134 acerbe
768 5064 860 5133 volet
879 5087 999 5152 urgere
1015 5066 1050 5130 td
1070 5066 1220 5153 dariam)
1237 5070 1353 5134 reddet
1369 5071 1440 5134 uni·
1485 5071 1519 5156 gi
1540 5067 1747 5134 satisfaciunt
1767 5073 1827 5138 sed
1850 5072 1927 5160 quia
1948 5092 2092 5155 persona
2119 5092 2212 5156 prius
2234 5068 2299 5136 lide

1486 5151 1697 5220 reconciliata
1730 5166 1791 5220 est
1835 5156 1935 5231 Quod
1962 5159 2027 5221 nisi
2058 5158 2236 5235 addamne,
2268 5155 2297 5219 si

474 5310 521 5374 it)
539 5310 714 5362 Haecrursut
731 5307 854 5369 experte
872 5317 929 5358 urm
947 5303 1021 5357 Εᾱιιι
1040 5303 1115 5355 1535.
1132 5308 1300 5360 consentiunt.

473 5411 519 5473 ld)
538 5404 631 5475 dordr]
647 5410 691 5464 Ιε.
708 5421 793 5474 paror.
1483 5408 1531 5470 47)
1549 5407 1698 5474 prudenter]
1715 5412 1760 5464 lle.
1779 5412 1850 5474 p'di.

475 5510 535 5572 tte)
554 5505 645 5577 ῥητόν]
661 5511 706 5564 lis.
723 5510 830 5563 iterum
848 5521 923 5575 onor
1483 5511 1531 5572 te)
1549 5510 1698 5575 Antithesis]
1715 5513 1761 5566 lta
1781 5515 1835 5569 ani.
