5859 6734
1070 659 1239 727 1095

1067 867 1216 913 cum
1260 843 1529 910 alterius
1573 842 1831 908 iniuria.
1918 842 2042 906 Est
2082 842 2281 929 igitur
2323 840 2656 906 Interesse
2699 840 3010 922 debitum,

1067 933 1246 1017 quod
1288 931 1484 994 debet
1525 931 1666 993 iure
1684 932 1776 1005 ⁸¹)
1837 938 2114 993 naturae
2155 929 2240 1006 is,
2275 930 2387 1011 qui
2428 923 2774 992 efficacem
2819 947 3011 993 caus-

2336 652 2561 734 PHIL.
2602 652 2811 722 MEL.
2854 653 3227 722 SCRIPTA
3268 652 3815 724 DOGMATICA.

4435 449 4472 458 -ι
4481 453 4574 460 -n—-u
4589 451 4666 462 ῃ-.-

4925 657 5099 727 1⁰oe

3100 839 3187 905 lis
3252 842 3556 908 ordinata
3618 840 3910 930 legibus,
3974 839 4261 909 honeste
4327 842 4785 916 transferendi
4835 866 5089 932 corpus

3102 938 3169 992 et
3234 925 3519 1012 eligendi
3578 925 3896 993 honestas
3963 949 4205 1012 operas
4273 932 4578 1015 corporis
4624 953 4756 1016 pro
4802 934 5087 1000 arbitrio

1065 1035 1209 1081 sam
1275 1017 1490 1080 damni
1546 1012 1738 1078 alteri
1802 1013 1979 1079 dedit
2031 1024 2145 1078 aut
2198 1015 2310 1096 qui
2353 1033 2510 1080 vere
2553 1013 2888 1096 impedivit
2912 1014 3007 1096 ⁸²)
3101 1023 3168 1077 et
3228 1011 3516 1077 habendi
3579 1033 3691 1078 res
3753 1015 4058 1099 proprias
4124 1027 4190 1079 et
4224 1016 4617 1100 disponendi
4650 1020 4742 1084 de
4789 1020 4892 1083 eis
4938 1020 5085 1084 iure

1065 1100 1340 1166 alterius
1383 1102 1557 1164 iusta
1596 1097 1818 1174 lucra3
1860 1111 1932 1164 ut
1977 1100 2035 1163 si
2078 1099 2227 1182 quis
2270 1099 2336 1162 in
2378 1097 2602 1163 locato
2649 1101 3010 1181 corrumpit
3101 1100 3367 1163 dominii
3408 1118 3532 1182 pro
3577 1101 3876 1177 arbitrio,
3920 1098 4176 1166 habens
4222 1112 4289 1165 et
4328 1101 4689 1186 legitimam
4729 1101 5078 1169 defensio·

1064 1184 1341 1271 aliquid,
1377 1187 1573 1250 debet
1617 1186 1683 1249 id
1727 1185 1950 1268 quanti
1994 1186 2297 1261 interest,
2344 1185 2409 1248 id
2454 1195 2593 1262 est,
2636 1185 2832 1251 debet
2868 1203 3011 1248 sar·
3098 1203 3251 1248 nem
3296 1184 3595 1267 corporis
3642 1196 3708 1249 et
3739 1184 3996 1266 rerum,
4040 1196 4110 1253 ut
4144 1185 4385 1270 Ioseph
4452 1198 4667 1253 emtus
4740 1211 4887 1254 non
4954 1212 5076 1273 po·

1067 1358 1294 1423 cessit.
1381 1356 1578 1429 Quod
1642 1366 1859 1420 autem
1917 1352 2318 1420 vocabulum
2381 1353 2703 1419 honestae
2768 1356 2865 1419 rei
2909 1353 3010 1418 ln·

1064 1452 1322 1507 teresse
1397 1442 1807 1525 praetexitur
1879 1437 2253 1505 crudelibus
2331 1443 2573 1520 usuriS,
2638 1441 3014 1525 perniciosa

1064 1527 1425 1611 sophistica
1470 1537 1591 1590 est.

1233 1644 1622 1710 LOCATIO
1667 1655 1768 1709 est
1813 1655 2213 1723 contractuS,
2256 1646 2324 1709 in
2367 1664 2499 1729 quo
2542 1664 2653 1709 res
2697 1641 3013 1708 transfer-

1064 1747 1171 1800 tur
1205 1732 1291 1795 ad
1337 1741 1583 1796 certum
1619 1742 1916 1816 tempuS,
1982 1732 2202 1815 quoad
2245 1750 2438 1795 usum
2479 1752 2601 1813 pro
2649 1741 2829 1794 certo
2864 1748 3012 1815 pre-

1062 1821 1192 1896 tio,
1248 1837 1385 1880 non
1430 1816 1652 1900 quoad
1697 1817 2084 1894 dominium,
2139 1827 2204 1880 et
2247 1835 2357 1879 res
2400 1813 2626 1880 illatae
2671 1827 2826 1879 sunt
2870 1817 3011 1880 iure

1064 1903 1534 1990 oppignoratae
1575 1898 1846 1966 locanti.

1231 2017 1779 2086 MENDACIUM
1864 2030 1969 2083 est
2039 2018 2413 2103 petulanter
2475 2030 2591 2084 aut
2656 2020 3011 2103 cupiditate

986 2097 1003 2112 ’
1060 2107 1344 2174 nocendi
1406 2101 1584 2169 aliud
1639 2102 1820 2187 loqui
1885 2125 2008 2169 seu
2066 2118 2262 2191 gestu
2306 2104 2683 2191 significare
2725 2116 2790 2168 et
2834 2103 3011 2169 aliud

1062 2191 1332 2260 sentire.
1419 2190 1572 2253 Non
1638 2190 1809 2253 enim
1866 2191 2130 2254 nomino
2168 2192 2509 2255 mendacia
2550 2188 2824 2277 figuraS,
2869 2190 3011 2275 qui-

1060 2279 1193 2346 bus
1233 2296 1317 2343 ex
1357 2272 1682 2360 probabili
1730 2295 1970 2340 caussa
2027 2274 2271 2361 aliquid
2313 2277 2586 2360 tegitur,
2653 2276 2832 2360 quod
2876 2296 3009 2338 non

1054 2381 1344 2428 necesse
1388 2372 1493 2424 est
1537 2360 1697 2437 dici,
1743 2370 1815 2422 ut
1858 2359 2046 2424 Raab
2091 2371 2293 2445 negat
2335 2358 2790 2444 speculatores
2837 2361 3011 2425 domi

1061 2466 1226 2512 suae
1270 2466 1442 2511 esse.
1500 2442 1698 2508 Tales
1742 2444 1999 2530 figurae
2039 2448 2454 2510 nominantur
2497 2443 2797 2512 officiosa
2833 2467 3011 2510 men-

1062 2534 1274 2599 dacia.
1362 2530 1510 2595 Huc
1575 2542 1639 2594 et
1681 2528 1978 2616 Apologi
2038 2550 2121 2594 ac
2139 2532 2233 2615 ⁸⁸)
2302 2538 2606 2613 poemata
2706 2533 3009 2610 ertinent,

1061 2637 1232 2703 quae
1298 2618 1514 2680 omnia
1567 2626 1851 2697 possunt
1896 2616 2024 2681 dici
2066 2615 2321 2702 figurae
2348 2630 2486 2681 ‘seu
2530 2620 2672 2681 sim·
2706 2619 3010 2682 itudineS.

1232 2698 1904 2764 MALEDICENTIA
1939 2713 2044 2765 est
2085 2721 2209 2765 seu
2249 2698 2424 2765 falsa
2467 2722 2593 2767 seu·
2631 2702 2829 2767 dubia
2863 2721 3010 2767 sce-

1059 2784 1202 2851 lera
1242 2786 1573 2870 punienda
1612 2783 1877 2869 legibus
1920 2784 2119 2851 alicui
2166 2788 2450 2850 obiicere
2494 2807 2616 2851 seu
2652 2806 2810 2851 vera
2835 2807 3009 2851 com·

1059 2892 1437 2937 memorare
1512 2872 1802 2934 vanitate
1876 2883 1993 2935 aut
2060 2872 2409 2953 cupiditate
2475 2873 2758 2936 nocendi
2823 2883 3011 2936 extra

1061 2957 1358 3022 ordinem
1422 2956 1826 3019 iudiciorum.
1914 2954 2063 3020 Hoc
2095 2956 2321 3021 vitium
2365 2955 2752 3039 prohibetur
2792 2954 3007 3020 Levit.

1065 3040 1166 3105 19.
1213 3046 1341 3120 [vs.
1392 3040 1517 3119 164
1604 3040 1756 3102 Non
1824 3041 1958 3105 eris
2024 3041 2401 3105 criminator
2456 3062 2583 3105 nec
2628 3060 2906 3106 susurro
2941 3042 3009 3105 in

1059 3124 1326 3212 populo.
1414 3124 1754 3190 Pertinent
1819 3120 2037 3189 autem
2102 3125 2189 3188 ad
2254 3124 2384 3190 hoc
2450 3146 2661 3210 genus
2706 3126 3010 3191 convicia

1060 3233 1183 3277 seu
1226 3209 1401 3275 falsa
1445 3230 1567 3274 seu
1611 3229 1792 3286 vera,
1849 3230 2023 3293 quae
2066 3223 2284 3275 tamen
2326 3213 2617 3275 vanitate
2673 3223 2785 3275 aut
2831 3211 3010 3296 cupi-

1060 3298 1261 3361 ditate
1316 3296 1598 3359 nocendi
1662 3296 1986 3359 dicuntur.
2107 3295 2267 3359 Item
2336 3293 2748 3374 Calumniae,
2836 3315 3007 3380 quae

1061 3393 1236 3461 sunt,
1280 3393 1389 3446 aut
1436 3375 1785 3443 benefacta
1819 3392 1933 3444 aut
1988 3393 2171 3445 recte
2227 3382 2403 3445 dicta
2447 3382 2851 3465 depravare,
2896 3392 3008 3446 aut

1058 3469 1367 3551 ambigua
1409 3467 1475 3529 in
1522 3466 1915 3529 deteriorem
1956 3478 2207 3550 partem
2250 3466 2539 3545 flectere,
2579 3478 2693 3531 aut
2736 3487 3004 3551 quoquo

1057 3553 1254 3618 modo
1314 3552 1560 3615 crimen
1625 3549 1715 3613 fin
1766 3570 1912 3628 ere,
1979 3563 2051 3615 ut
2093 3549 2483 3617 Palamedes
2525 3551 2679 3616 ficto
2737 3554 3005 3616 crimine

1060 3656 1101 3700 o
1193 3637 1476 3713 rimitur,
1541 3637 1694 3699 item
1801 3634 2026 3701 aboth.
2116 3636 2221 3701 De
2276 3635 2380 3701 his
2426 3639 2726 3702 omnibus
2772 3638 3007 3702 dicitur

1055 3724 1125 3787 in
1226 3718 1574 3786 cclesiaste
1621 3741 1766 3804 cap.
1824 3722 1886 3786 7.
1936 3727 2060 3798 [vs.
2106 3720 2195 3803 8.]
2274 3720 2614 3787 Calumnia
2658 3724 3007 3788 conturbat

1057 3808 1443 3892 sapientem,
1490 3820 1555 3869 et
1598 3808 1812 3889 perdit
1839 3808 1933 3891 ⁸⁴)
1980 3809 2185 3871 robur
2230 3809 2453 3872 cordis
2500 3810 2660 3873 eius.
2727 3807 2814 3871 Et
2855 3826 3002 3892 cap.

1060 3892 1164 3956 10.
1212 3897 1338 3968 [vs.
1389 3890 1515 3968 11.]
1565 3889 1798 3962 Qualis
1835 3903 1937 3955 est
1980 3913 2283 3977 serpenS‚
2349 3894 2461 3977 qui
2508 3891 2680 3959 clam
2720 3895 3003 3969 mordet,

1056 3974 1208 4043 talis
1255 3987 1358 4040 est
1402 3973 1854 4039 calumniator.
1921 3975 2099 4041 Vitia
2140 3976 2408 4064 linguae
2449 3976 2655 4043 multa
2697 3988 2852 4041 sunt
2872 3974 3005 4042 alia

1055 4063 1267 4148 magis
1303 4057 1432 4125 alia
1477 4061 1689 4123 minus
1735 4062 2004 4125 atrocia.
2741 4068 2744 4071 ’

1228 4144 1822 4222 GARRULITAS,
1868 4141 2163 4223 fatuitas,
2210 4147 2487 4224 vanitas,
2511 4146 2844 4224 iactantia,
2868 4168 3003 4211 ma·

1055 4232 1427 4308 ledicentia,
1473 4231 1929 4309 subsannatio,
1972 4232 2250 4309 mentiri,
2296 4229 2701 4311 calumniari,
2738 4229 3003 4296 insulsi-

1056 4330 1192 4397 ωε,
1238 4314 1638 4392 scurrilitaS,
1706 4336 1875 4401 quae
1930 4328 2033 4380 est
2075 4320 2417 4382 obscoena
2459 4318 2717 4395 dicere,
2781 4328 2894 4380 aut
2936 4318 3004 4380 in

1054 4403 1329 4470 materia
1372 4402 1558 4487 gravi
1601 4402 2074 4485 intempestivis
2121 4404 2321 4481 iociS,
2387 4414 2500 4468 aut
2541 4402 2804 4466 Mimica
2847 4405 3003 4466 sub-

1055 4490 1442 4553 sannatione
1504 4484 1754 4562 ludere,
1823 4499 1938 4550 aut
1993 4486 2468 4552 contumeliosa
2514 4489 2734 4552 dicere
2778 4488 2845 4551 in
2892 4506 3003 4552 su-

1011 4645 1015 4648 ,
1054 4574 1351 4659 periores
1395 4585 1506 4636 aut
1550 4574 1615 4635 in
1662 4568 2084 4638 calamitosos
2120 4573 2463 4652 honestos,
2485 4587 2556 4638 ut
2576 4573 2793 4638 Semei
2815 4593 3000 4636 scur-

1008 4651 1013 4656 ’
1054 4670 1239 4723 ratur
1281 4654 1678 4721 maledicens
1724 4657 1982 4719 Davidi.

1227 4741 1661 4808 LIBERTAS
1699 4739 2012 4808 clvlLls
2059 4755 2164 4808 est
2187 4746 2281 4827 ⁸⁵)
2349 4739 2638 4807 facultas
2688 4762 2998 4827 corpora-

1055 5000 1148 5063 31)
1185 4999 1313 5065 lure]
1352 4999 1498 5051 Editt.
1541 4998 1757 5047 17—19.
1797 4998 1878 5049 23.
1913 5001 2010 5052 iuri

1055 5102 1147 5165 32)
1182 5112 1306 5153 vere
1342 5085 1618 5165 impedit-it]
1659 5100 1808 5154 Edltt.
1849 5100 2063 5155 16-19,
2099 5101 2182 5152 23.
2220 5104 2330 5154 iure
2367 5100 2648 5163 impediunt

1054 5204 1147 5266 33)
1181 5204 1264 5267 ac]
1302 5204 1446 5266 corp.
1484 5204 1532 5253 2.
1573 5204 1622 5253 4.
1661 5205 1716 5255 et

1053 5306 1147 5370 34)
1182 5304 1371 5369 perdit]
1403 5305 1551 5358 Editt.
1588 5304 1804 5356 16-19.
1842 5304 1925 5355 23.
1963 5306 2144 5369 perdet

1054 5406 1146 5469 36)
1178 5409 1297 5460 Pro
1330 5419 1479 5470 seqq.
1513 5406 1734 5461 facultas
1769 5433 1836 5443 —
1872 5433 1939 5443 ——
1962 5423 2030 5444 -‘-
2051 5408 2247 5470 Legum
2283 5408 2421 5460 servi
2452 5409 2554 5461 cet.
2590 5404 2731 5469 (m
2758 5404 2856 5469 fin.
2892 5406 2992 5459 ku-

1189 5475 1283 5528 ius
1315 5476 1464 5540 def.)
1497 5476 1558 5529 in
1590 5474 1736 5527 Edltt.
1779 5473 1841 5523 16
1875 5502 1942 5511 -
1980 5475 2059 5525 19.
2098 5476 2199 5539 23.,
2234 5476 2345 5528 Der.
2386 5477 2432 5526 1.
2469 5474 2730 5538 tenuntur
2763 5476 2993 5528 haecce:

961 1278 968 1285 '
1065 1274 1202 1337 cire
1245 1273 1581 1348 damnum,
1627 1270 1881 1335 etiamsi
1925 1265 2104 1333 nulla
2145 1270 2362 1354 pactio
2409 1271 2493 1334 de
2536 1268 2664 1333 hac
2706 1290 2779 1333 re
2820 1288 3010 1351 prae·
3099 1278 3234 1334 test
3298 1266 3659 1334 transferre
3701 1289 3947 1355 corpus
4012 1291 4096 1337 ac
4139 1272 4479 1337 discedere
4516 1295 4555 1338 a
4600 1274 4904 1340 Domino
4949 1296 5072 1341 suo

3102 1366 3229 1419 etc.
3315 1339 3587 1420 Diserte
3653 1369 3871 1420 autem
3939 1357 4172 1422 dicitur
4214 1354 4503 1422 facultas
4548 1359 4868 1426 ordinata
4909 1357 5069 1446 legi·

3102 1442 3253 1518 buS,
3296 1442 3448 1525 quia
3488 1440 3762 1505 libertas
3806 1462 3942 1506 non
3977 1453 4082 1506 est
4124 1443 4377 1506 infinita
4417 1439 4708 1523 licentia,
4785 1464 4917 1509 nec
4958 1467 5065 1511 va-

3104 1539 3298 1610 gatur
3363 1524 3705 1591 beluarum
3771 1548 3988 1604 more,
4056 1528 4177 1591 sed
4244 1540 4349 1592 est
4412 1525 4700 1594 facultas
4783 1528 5063 1596 honeste

3102 1611 3326 1676 utendi
3372 1632 3654 1694 corpore
3696 1624 3762 1676 et
3796 1614 4033 1690 rebuS,
4098 1610 4395 1692 liberior,
4450 1634 4647 1697 quam
4693 1613 4924 1700 qualis
4965 1630 5063 1681 est

3103 1698 3508 1781 captivorum
3554 1708 3668 1761 aut
3710 1717 4079 1774 servorum,
4126 1700 4246 1762 sed
4290 1709 4508 1763 tamen
4550 1699 4703 1764 Deo
4757 1703 5059 1765 subiecta

3103 1794 3168 1847 et
3214 1784 3410 1846 certis
3456 1780 3717 1847 inclusa
3758 1788 3951 1849 metis
3998 1785 4327 1861 divinituS,
4371 1781 4679 1849 videlicet
4724 1785 4905 1871 Legi
4942 1786 5057 1851 Dei

3104 1877 3170 1932 et
3235 1866 3382 1932 aliis
3446 1866 3730 1952 legibus,
3794 1889 3962 1953 quae
4006 1870 4304 1933 muniunt
4348 1889 4742 1935 concessam
4791 1868 5056 1937 faculta-

3104 1964 3259 2031 tem,
3304 1965 3378 2018 ut
3421 1955 3477 2016 si
3525 1955 3630 2018 cui
3674 1950 3871 2018 liceat
3911 1956 4003 2018 uti
4047 1956 4321 2038 spatiosi
4363 1953 4537 2019 horti
4578 1953 4950 2035 fructibuS,
5001 1970 5058 2022 et

3104 2040 3237 2102 sint
3303 2039 3683 2102 circumdati
3745 2040 3935 2117 muri,
4000 2060 4085 2103 ne
4149 2042 4512 2125 irrumpant
4551 2042 4697 2123 apri
4734 2054 4860 2106 aut
4903 2040 5058 2107 aliae

3102 2114 3306 2187 ferae.
3393 2123 3509 2188 Sic
3555 2125 3714 2188 dixit
3755 2124 4002 2189 Lucius
4038 2124 4359 2189 Crassus:
4445 2125 4709 2210 Legum
4764 2129 4954 2193 servi
4977 2131 5056 2203 ⁸³)

3104 2229 3361 2287 sumuS,
3404 2220 3476 2273 ut
3515 2207 3705 2274 liberi
3751 2229 3906 2273 esse
3948 2212 4303 2293 possimus.

3275 2325 3707 2393 SERVITUS
3731 2326 4074 2407 CIVILIS,
4118 2350 4312 2413 quam
4357 2328 4545 2394 Deus
4588 2332 4955 2415 approbat,
4999 2345 5061 2394 ut

3104 2432 3343 2477 servus
3386 2411 3508 2476 fuit
3548 2411 3788 2496 loseph
3832 2433 3956 2477 seu
4000 2413 4378 2493 Onesimus,
4422 2426 4527 2479 est
4569 2417 4867 2499 privatio
4911 2413 5061 2500 legi-

3101 2500 3262 2562 tima
3325 2496 3655 2562 facultatis
3720 2499 4103 2582 possidendi
4145 2520 4257 2564 res
4299 2502 4607 2583 proprias
4656 2512 4729 2565 et
4776 2499 5061 2586 eligendi

3102 2603 3343 2669 operas
3406 2586 3676 2667 proprio
3731 2584 4005 2648 arbitrio
4052 2595 4118 2648 et
4160 2581 4604 2649 transferendi
4652 2605 4914 2670 corpus
4957 2598 5062 2650 aut

3100 2689 3213 2733 res
3249 2670 3516 2753 proprio
3544 2669 3639 2752 ⁸⁶)
3686 2670 3979 2733 arbitrio.
4067 2668 4285 2734 Habet
4327 2681 4548 2734 autem
4593 2682 4661 2736 et
4708 2669 4887 2736 haec
4930 2691 5061 2735 ser·

3101 2754 3275 2819 vitus
3331 2774 3419 2819 ex
3458 2753 3643 2838 Lege
3700 2756 3919 2819 divina
3974 2775 4094 2819 seu
4138 2754 4421 2820 naturali
4465 2775 4661 2821 suam
4708 2757 5060 2842 mitigatio·

3099 2858 3250 2902 nem
3285 2848 3398 2903 aut
3435 2840 3969 2918 moderationem,
4014 2859 4100 2904 ne
4119 2844 4212 2924 ⁸⁷)
4259 2841 4500 2904 domini
4544 2853 4801 2928 cogant
4823 2861 5062 2906 servos

3099 2920 3327 2987 facere
3373 2934 3600 2987 contra
3643 2922 3706 2987 le
3759 2945 3830 2986 es
3877 2926 4155 3003 divinaS‚
4187 2926 4282 3008 38)
4362 2924 4456 2990 Ut
4499 2946 4648 2991 cum
4701 2925 4905 2991 Turci
4949 2948 5061 2991 au·

3099 3003 3320 3072 ferunt
3376 3008 3656 3072 subditis
3748 3008 3874 3072 lios
3934 3022 4000 3075 et
4042 3009 4213 3074 filias
4250 3022 4316 3075 et
4358 3010 4757 3076 abstrahunt
4802 3032 4924 3076 eos
4972 3012 5058 3076 ad

3098 3113 3289 3156 suam
3331 3091 3824 3173 Idolomaniam,
3871 3098 4021 3180 quia
4043 3095 4230 3160 Deus
4254 3108 4357 3160 est
4379 3099 4685 3181 superior
4720 3095 5058 3160 Dominus

3099 3189 3166 3242 et
3230 3175 3418 3242 nulla
3481 3190 3784 3243 creatura
3846 3192 4073 3264 petere
4137 3193 4250 3245 aut
4292 3183 4521 3246 iubere
4563 3180 4806 3266 aliquid
4848 3183 5053 3245 debet

3101 3274 3333 3327 contra
3396 3265 3706 3327 mandata
3750 3266 3992 3342 divina,
4035 3269 4213 3330 iuxta
4260 3267 4501 3331 dictum
4548 3266 4718 3344 [Act.
4760 3266 4827 3345 5,
4869 3264 5046 3345 294:

3102 3347 3382 3432 Oportet
3446 3346 3595 3412 Deo
3648 3351 3861 3435 magis
3908 3353 4178 3416 obedire
4220 3372 4415 3435 quam
4459 3352 4855 3415 hominibus.
4942 3352 5052 3414 Ac

3099 3433 3341 3498 dictum
3386 3429 3679 3497 Platonis
3716 3436 4135 3501 observeturz
4178 3436 4477 3521 Utraque
4521 3440 4791 3520 optima,
4832 3438 5054 3501 mode·

3098 3528 3242 3581 rata
3304 3515 3575 3584 libertas
3622 3531 3689 3582 et
3730 3523 4070 3585 moderata
4114 3524 4433 3600 servitus,
4498 3520 4803 3606 Utraque
4847 3524 5053 3606 pessi-

3096 3622 3227 3710 ma,
3268 3604 3696 3669 immoderata
3735 3603 4013 3670 libertas
4058 3619 4124 3672 et
4165 3608 4591 3671 immoderata
4634 3608 4946 3671 servitus.

3267 3721 3587 3785 BONUM
3632 3722 4146 3790 INGREATUM
4189 3738 4292 3791 est
4335 3725 4521 3790 Deus
4564 3726 4742 3811 ipse„
4791 3728 4907 3812 qui
4949 3739 5050 3791 est

3097 3807 3392 3873 essentia
3428 3809 3715 3891 sapienS,
3751 3821 4046 3887 aeterna,
4092 3814 4538 3895 omnipotenS,
4581 3808 4827 3877 volens
4874 3810 5048 3891 talia,

3096 3890 3318 3977 qualia
3361 3894 3426 3956 in
3468 3892 3621 3978 lege
3666 3914 3791 3958 sua
3811 3897 4152 3979 praecipit,
4180 3898 4462 3961 creatrix
4497 3909 4562 3961 et
4586 3900 5046 3963 conservatrix

3095 3979 3352 4055 mundi,
3397 3989 3464 4041 et
3506 3998 3748 4042 caussa
3785 3981 3970 4058 boni,
4005 3982 4073 4045 id
4116 3995 4258 4062 est,
4303 3982 4702 4067 sapientiae,
4739 3984 5043 4059 iustitiae,

3094 4061 3379 4127 laetitiae
3447 4074 3512 4126 et
3578 4066 3827 4129 ordinis
3894 4068 3959 4130 in
4007 4069 4349 4132 creaturis.
4436 4066 4541 4131 De
4583 4066 4719 4131 hoc
4751 4067 5041 4153 perfecto

3096 4148 3303 4296 bontli)
3333 4149 3600 4212 dicitur:
3679 4148 3917 4215 Nullus
3961 4165 4066 4217 est
4114 4156 4364 4231 bonuS,
4428 4153 4553 4217 nisi
4597 4154 4875 4231 unicuS,
4941 4155 5040 4239 qui

3096 4243 3198 4295 est
3310 4253 3451 4297 euS.
4425 4256 4430 4262 ·
4921 4252 4928 4259 ·

3265 4318 3580 4384 BONUM
3636 4317 4063 4384 CREATUM
4128 4334 4232 4387 est
4296 4334 4519 4388 creata
4587 4326 5043 4390 convenientia

3095 4404 3162 4467 in
3210 4406 3530 4469 creaturis
3576 4426 3725 4469 cum
3768 4418 3986 4471 mente
4030 4407 4251 4472 divina
4295 4410 4513 4473 omnia
4545 4406 4966 4494 intelligente
4984 4420 5045 4473 et

3094 4488 3457 4554 ordinante.
3502 4488 3625 4553 Est
3664 4492 3862 4576 igitur
3905 4491 4247 4573 sapientia,
4291 4493 4538 4558 iustitia
4581 4504 4646 4557 et
4690 4493 4943 4560 laetitia
4981 4494 5042 4558 in

3091 4584 3325 4638 natura
3357 4573 3762 4661 intelligente
3807 4588 3873 4640 et
3916 4577 4079 4640 ordo
4124 4578 4188 4640 in
4235 4579 4546 4642 universa
4588 4589 4832 4644 natura
4864 4582 5041 4644 insti·

3226 4830 3433 4896 sidenti]
3456 4844 3540 4883 res
3564 4832 3809 4894 proprias,
3829 4836 3882 4883 et
3905 4832 4240 4899 eligendlffid.
4255 4834 4335 4883 18.
4359 4834 4624 4897 elegendi]
4649 4846 4840 4898 operas
4866 4847 5043 4900 corpo·

3227 4899 3297 4950 rls
3313 4912 3375 4951 ex
3390 4900 3612 4957 arbitrio,
3633 4903 3686 4952 et
3704 4901 4049 4954 transferendi
4068 4913 4249 4964 corpus
4266 4904 4319 4953 et
4345 4914 4431 4955 res
4458 4902 4691 4966 proprias
4719 4914 4790 4955 ex
4812 4905 5043 4957 arbitrio.

3226 4968 3333 5019 Non
3365 4969 3497 5018 enlm
3518 4968 3832 5029 intelligatur
3856 4971 4067 5024 libertas
4100 4970 4258 5023 civilis
4276 4981 4396 5023 esse
4423 4972 4601 5033 vagari
4630 4972 4744 5023 sine
4767 4972 4890 5023 ullis
4918 4973 5046 5034 legi·

3224 5035 3339 5095 bus,
3362 5035 3456 5086 sed
3488 5035 3866 5100 circumscripta
3895 5041 3976 5090 est
3998 5038 4106 5101 [Ed.
4137 5039 4215 5087 18.
4229 5039 4401 5101 inpro
4413 5037 4517 5103 est]
4537 5039 4719 5091 divinis
4736 5042 4792 5092 et
4807 5041 5044 5093 civilibus

3224 5103 3442 5222 legibus,
3468 5108 3520 5155 et
3539 5105 3779 5157 laudatur
3797 5106 3984 5159 dictum
4000 5107 4169 5159 Crassi
4189 5108 4326 5170 apud
4341 5108 4661 5160 ciceronem:
4686 5106 4885 5171 Legum
4907 5111 5049 5163 servi

3222 5181 3284 5222 ce
3311 5211 3325 5225 .

3086 5270 3178 5337 36)
3213 5241 3439 5339 proprio]
3477 5274 3624 5326 editt.
3668 5273 3883 5325 16—19.
3922 5275 4023 5339 23„
4056 5276 4169 5329 ner.
4212 5277 4254 5328 1.
4290 5289 4385 5330 suo

3083 5372 3176 5438 37)
3212 5373 3299 5438 ne]
3373 5375 3522 5428 editt.
3559 5377 3778 5425 20-22.
3815 5377 4055 5440 24—34.‚
4091 5377 4236 5441 corp.
4278 5380 4442 5442 1-8„
4477 5379 4601 5444 opp.
4644 5380 4689 5430 1.
4728 5380 4801 5440 2,
4837 5380 4928 5433 rx.
4972 5380 5045 5441 3.,

3222 5442 3334 5495 Der.
3379 5444 3423 5492 1.
3463 5444 3510 5492 2.
3547 5457 3643 5498 nec

1190 5542 1407 5597 facultas
1441 5544 1675 5596 ordinata
1709 5543 1909 5606 legibus
1944 5543 2241 5607 possidendi
2274 5544 2384 5609 [Ed.
2427 5544 2507 5593 18.
2544 5546 2661 5608 m.
2695 5555 2806 5598 err.
2819 5561 2841 5597 .·
2875 5551 2993 5606 pos-
3083 5542 3175 5607 38)
3212 5548 3387 5597 contra
3422 5546 3569 5609 leges
3604 5547 3824 5610 dlvlnas]
3860 5547 4005 5601 Edltt.
4045 5548 4260 5601 16-19.
4299 5548 4381 5599 22.
4419 5548 4520 5611 23„
4553 5548 4665 5604 Der.
4711 5552 4752 5603 1.
4785 5550 4984 5604 inlust·

5251 1273 5260 1574 4

5249 1721 5261 2114 4
