5859 6734
940 593 1068 660 ⁷55

942 783 1267 868 Quicquid
1285 780 1605 867 petimitis
1632 791 1883 866 patrem
1903 782 1973 846 in
1992 782 2256 846 nomine
2276 799 2447 860 meo,
2471 781 2648 848 dabit
2670 783 2881 849 vobis.

940 867 1101 933 Item
1132 867 1217 949 [E
1260 866 1329 931 h.
1364 866 1431 945 2,
1468 866 1631 946 18.]=
1695 864 1829 932 Per
1856 866 2034 931 hunc
2068 864 2385 932 habemus
2417 884 2766 932 accessum
2795 868 2882 931 ad

941 952 1174 1019 Deum.
1244 950 1371 1017 alis
1379 951 1711 1017 invocatio
1720 952 1987 1037 propria
1996 948 2681 1029 estveraeEeclesiae‚
2696 971 2883 1036 pror-

940 1059 1058 1104 sus
1100 1042 1328 1126 ignota
1390 1038 1505 1115 iis,
1563 1038 1675 1121 qui
1717 1036 2022 1102 nesciunt
2063 1035 2428 1100 doctrinam
2471 1035 2555 1100 de
2597 1038 2882 1122 gratuita

939 1124 1329 1189 remissione
1372 1141 1494 1186 seu
1538 1121 1621 1186 de
1663 1120 1793 1185 hac
1835 1119 2199 1198 exclusiva,
2243 1121 2326 1185 de
2368 1140 2500 1204 qua
2534 1122 2881 1185 conciona-
2914 1141 2919 1146 ·

941 1221 1045 1274 tur
1084 1204 1360 1286 Paulus,
1404 1227 1553 1271 cum
1596 1206 1830 1291 repetit
1883 1202 2274 1288 particulam
2319 1203 2565 1268 Gratis.
2654 1203 2770 1270 Sic
2814 1214 2881 1271 et

938 1289 1181 1359 Daniel
1222 1293 1490 1357 invocat
1531 1311 1674 1375 cap.
1696 1296 1782 1393 ·9.
1830 1296 1957 1393 [vs.
2001 1288 2134 1392 J8·]
2170 1288 2322 1353 Non
2364 1290 2430 1352 in
2475 1288 2721 1354 iustitia
2762 1309 2880 1354 no-

938 1391 1087 1550 ῧῖἓῖ
1170 1397 1501 1526 ’333ῗὲἔί
1529 1377 1762 1524 ⁸⁶32?
1788 1374 2879 1525 Effinssssffifflusmii't'aaissss

938 1568 1084 1614 mus
1141 1549 1224 1612 de
1290 1544 1655 1624 exclusiva,
1674 1565 1900 1629 -quam
1964 1543 2143 1629 quod
2202 1539 2313 1608 hic
2370 1544 2576 1627 inquit
2615 1540 2875 1607 Daniel.

935 1631 1021 1696 Et
1084 1644 1238 1698 sunt
1302 1628 1613 1736 exempla
1671 1628 1879 1733 multa
1933 1630 2000 1693 in
2042 1624 2351 1706 Psalmis,
2395 1646 2562 1712 quae
2604 1627 2694 1691 ita
2734 1626 2877 1750 dul:

937 1717 1426 1886 ὃῗίἰθῐειιζιιιέἰῗῆ
1433 1707 2880 1883 οἶίηιιῗῐιιῖὡὲἓᾙωετῗὶῗίωδίιῗᾶᾝεοῗιέῗέἑ

937 1888 1198 1973 dignos,
1209 1887 1373 1950 satis
1389 1887 1680 1963 meritoS,
1692 1885 1813 1948 erit
1830 1904 1961 1948 vox
1983 1882 2186 1968 Legis
2201 1893 2518 1949 terrorem
2531 1882 2876 1946 incutiens.

936 1973 1071 2037 Sed
1135 1972 1195 2034 si
1260 1966 1588 2117 imfffiiffas
1631 1971 1811 2034 iuxta
1850 1965 2282 2053 Evangelium
2291 2011 2317 2043 ,
2359 1978 2431 2032 ut
2474 1968 2669 2032 docet
2710 1964 2877 2031 Pau-

937 2055 1063 2207 ἔξω·
1088 2067 1172 2290 eii
1196 2066 1398 2205 seligit·
1438 2137 1869 2285 Mediatqrem
1935 2138 2165 2223 gratis.

937 2245 1214 2388 5⁰33?
1227 2235 1655 2375 e‘t’neffx'ss'scisst
1685 2225 2054 2373 &3333ss
2080 2224 2735 2372 maazutignmooet
2788 2221 2872 2285 ad

2253 2136 2439 2201 Haec
2502 2157 2635 2200 vox
2687 2133 2876 2201 affert

1107 2464 1359 2537 Quarta
1402 2479 1646 2526 caussa
1665 2471 1795 2538 est,
1816 2470 1889 2524 ut
1909 2461 2353 2545 conspiciatur
2374 2460 2723 2524 discrimen
2745 2459 2872 2523 Le·

936 2550 1042 2635 gis
1084 2560 1151 2614 et
1172 2543 1534 2631 Evangelii.
1591 2544 1759 2608 Nam
1803 2547 1927 2609 etsi
1946 2543 2093 2610 Lex
2134 2542 2334 2609 habet
2374 2546 2872 2628 promissiones,

937 2646 1151 2697 tamen
1199 2651 1330 2696 non
1420 2630 1692 2695 remittit
1733 2631 1942 2715 gratis
1976 2632 2427 2694 remissionem
2448 2642 2873 2713 peccatorum

935 2739 1057 2782 seu
1096 2716 1364 2781 reconc‘
1394 2715 1701 2779 iationem
1744 2734 1865 2779 seu
1905 2716 2390 2799 imputationem
2413 2714 2719 2792 iustitiae,
2754 2715 2874 2779 sed

932 2812 1185 2867 'tantum
1220 2821 1368 2864 eum
1387 2800 1767 2884 pronuntiat
1788 2801 2028 2865 iustum
2043 2843 2065 2876 ,
2109 2800 2221 2882 qui
2239 2810 2535 2882 praestat
2555 2800 2879 2882 integram

934 2886 1397 2961 obedientiam,
1475 2895 1539 2949 et
1606 2894 1714 2949 est
1776 2886 1919 2948 sine

872 3022 876 3026 ,
936 2971 1292 3035 ostendunt
1334 2966 1578 3051 [Deut.„
1602 2969 1713 3046 27,
1751 2967 1923 3046 &Hx

931 3057 1243 3128 manserit
1305 3056 1372 3118 in
1437 3055 1760 3131 omnibus,
1822 3072 1994 3138 quae
2058 3053 2191 3114 scri
2238 3062 2303 3115 ta
2367 3062 2522 3115 sunt
2563 3051 2629 3113 in
2671 3050 2873 3135 Lege.

934 3141 1093 3205 item
1138 3139 1374 3218 [Levit.
1423 3138 1525 3216 18,
1566 3139 1693 3217 5.]=
1742 3135 1868 3209 Qui
1910 3133 2139 3200 fecerit
2270 3155 2373 3214 ec,
2419 3137 2598 3200 vivet
2637 3138 2706 3200 in
2752 3139 2871 3201 eiS.

932 3218 1068 3291 Sed
1107 3221 1542 3308 Evangelium
1581 3231 1902 3286 monstrat
1955 3222 2150 3286 nobis
2206 3218 2409 3286 filium
2451 3218 2581 3286 Dei
2623 3220 2872 3286 Media-

932 3324 1165 3388 torem,
1230 3321 1296 3373 et
1339 3306 1662 3385 clamitat,
1725 3307 1919 3371 nobis
1961 3317 2231 3389 propter
2271 3302 2446 3369 hunc
2491 3308 2699 3391 gratis
2756 3307 2871 3369 do-

932 3397 1072 3459 nari
1138 3390 1750 3458 reconciliationem.
1838 3389 2101 3477 Insigne
2142 3390 2164 3453 i
2214 3390 2340 3454 ’tur
2383 3390 2733 3454 discrimen
2776 3388 2870 3454 fa-

932 3481 1022 3545 cit
1061 3476 1264 3563 Legis
1309 3489 1376 3540 et
1416 3474 1758 3559 Evangelii
1800 3471 2123 3557 particula
2194 3475 2406 3551 'ratis,
2449 3493 2580 3623 (pua
2620 3475 2868 3539 amissa

933 3583 1089 3644 non
1136 3572 1359 3648 potest
1434 3581 1568 3624 non
1632 3560 1820 3645 sequi
1882 3579 2120 3645 magna
2205 3558 2484 3644 Evange
2511 3559 2547 3579 ’⁹
2628 3558 2866 3645 caligo.

933 3647 1169 3712 Statim
1213 3648 1385 3711 enim
1443 3645 1700 3728 obrepit
1743 3644 1988 3729 opinio,
2033 3645 2177 3710 dari
2219 3644 2676 3709 remissionem
2717 3665 2867 3728 pro-

931 3744 1079 3817 pter
1122 3743 1354 3797 nostra
1398 3749 1623 3815 opera,
1668 3751 1799 3815 quo
1844 3749 2073 3794 errore
2116 3729 2409 3793 admisso
2433 3729 2732 3792 obruitur
2753 3731 2867 3793 do-

933 3819 1141 3881 ctrina
1184 3818 1266 3882 de
1308 3817 1464 3894 fide,
1526 3816 1610 3878 de
1649 3833 1811 3879 vero
1853 3813 2108 3880 honore
2156 3810 2399 3877 Christi
2446 3824 2512 3875 et
2554 3812 2637 3876 de
2684 3811 2883 3878 firma'
2917 3885 2918 3894 χ

932 3899 1386 3967 consolatione
1431 3900 1997 3965 conscientiarum.

1101 4033 1426 4120 Exposui,

931 4123 1054 4186 sed
1100 4120 1447 4185 videndum
1490 4130 1595 4183 est
1636 4117 1857 4197 etiam,
1898 4130 1969 4182 ot
2010 4129 2191 4182 recte
2232 4113 2655 4200 intelligatur.
2703 4114 2868 4180 Cum

931 4207 1097 4271 enim
1159 4206 1311 4269 dicit
1372 4202 1655 4281 Paulus,
1723 4202 1947 4267 Gratis
2009 4201 2140 4267 fide
2203 4214 2474 4287 propter
2537 4199 2865 4265 Christum

930 4291 1398 4376 consequimur
1437 4289 1922 4368 remissionem,
1975 4307 2109 4351 non
2151 4285 2282 4352 hoc
2322 4286 2502 4365 vult,
2557 4307 2693 4351 non
2735 4287 2866 4349 exi-

930 4391 1108 4442 stere
1153 4375 1608 4440 contritionem
1653 4374 1719 4437 in
1741 4372 1868 4450 his,
1912 4374 2023 4458 qui
2067 4382 2561 4449 convertuntur,
2584 4382 2697 4437 aut
2730 4391 2864 4435 non

929 4463 1115 4547 sequi
1162 4471 1422 4526 ceteras
1467 4461 1776 4538 virtutes3
1842 4457 1977 4523 lmo
2020 4455 2162 4522 vult
2203 4456 2370 4521 haec
2411 4458 2686 4528 adessez
2731 4457 2866 4522 Sed

931 4544 1217 4611 excludit
1279 4546 1714 4609 conditionem
1781 4543 1989 4607 meriti
2033 4563 2155 4608 seu
2197 4542 2530 4627 dignitatis
2572 4554 2865 4620 nostrae,

928 4643 1129 4714 negat
1171 4631 1626 4695 contritionem
1670 4638 1737 4693 et
1776 4640 2043 4694 nostras
2087 4628 2361 4692 virtutes
2410 4647 2685 4692 caussas
2713 4646 2867 4692 esse

931 4714 1505 4794 reconciliationis,
1569 4725 1636 4778 et
1698 4725 1981 4778 testatur
2023 4731 2327 4777 caussam
2372 4730 2524 4776 esse
2566 4712 2863 4777 meritum

929 4796 1173 4864 Christi
1216 4797 1620 4864 Mediator-is.
1708 4797 1958 4882 Estque
2002 4797 2350 4861 sententia:
2396 4795 2556 4862 Fide
2599 4808 2868 4882 propter

928 4881 1162 4947 Filium
1196 4880 1325 4947 Dei
1368 4885 1574 4968 gratis
1617 4884 1830 4969 accipi
1873 4878 2494 4960 reconciliationem,
2540 4902 2672 4947 non
2717 4903 2865 4966 pro·

927 4978 1076 5053 pter
1116 4980 1413 5034 nostram
1450 4970 1843 5052 dignitatem.
1917 4966 2100 5030 Haec
2143 4978 2297 5030 sunt
2338 4968 2711 5051 perspicua,
2753 4987 2865 5031 ve-

930 5072 1035 5131 ra,
1102 5051 1247 5118 sine
1288 5047 1422 5116 ulla
1464 5051 1819 5136 sophistica
1838 5097 1859 5129 ,
1903 5067 1970 5116 et
2012 5048 2170 5115 nihil
2210 5048 2527 5134 perplexi,
2572 5047 2727 5116 nihil
2770 5053 2864 5114 in-

927 5139 1143 5203 tricati
1185 5136 1537 5203 continent.
2002 5145 2011 5152 ‘

1096 5272 1240 5338 Nec
1281 5269 1453 5336 aliud
1499 5268 1728 5335 volunt
1769 5276 2003 5350 nostri,
2047 5293 2193 5338 cum
2238 5274 2481 5349 dicunt,
2528 5270 2693 5335 Sola
2732 5269 2864 5334 fide

930 5357 1389 5434 iustificamur,
1433 5375 1627 5440 quam
1670 5356 1848 5441 quod
1889 5358 2016 5421 iam
2060 5358 2189 5421 dixi
2206 5402 2227 5435 ,
2271 5357 2498 5421 Gratis
2540 5355 2674 5420 fide
2714 5374 2862 5437 pro-

926 5454 1076 5526 pter
1129 5440 1459 5507 Christum
1518 5441 1982 5526 consequimur
2045 5443 2492 5506 remissionem
2555 5450 2861 5521 peccato-

2189 592 2412 660 PHIL.
2453 591 2659 661 MEL.
2701 593 3074 663 SCRIPTA
3114 585 3657 705 DoGMA'ncA.

1494 2052 1773 2119 salmus:
1822 2051 2282 2118 Misericordia
2324 2063 2505 2116 certo
2549 2053 2874 2134 recipiens
2914 2098 2916 2109 .

2018 2894 2287 2961 eccato,
2341 2894 2413 2946 ut
2475 2880 2641 2946 haec
2704 2883 2917 2948 dicta:

1960 2903 2355 3031 ffialedictus
2399 2967 2510 3050 qui
2553 2985 2685 3030 non
2728 2985 2876 3049 per·
2915 2991 2916 2998 ¹

4794 599 4925 665 ⁷56

2973 803 3117 848 rum
3128 829 3152 863 ,
3213 803 3351 850 non
3404 797 3676 869 propter
3739 797 4038 851 nostram
4103 786 4500 871 dignitatem.
4589 783 4742 851 Nec
4811 803 4922 853 ex·

2973 865 3176 934 cludit
3236 867 3593 954 particula,
3656 867 3820 935 Sola
3834 915 3856 949 ,
3929 870 4382 935 contritionem
4457 880 4575 934 aut
4653 879 4920 938 oetam

2970 953 3271 1032 virtutes,
3307 973 3392 1018 ne
3413 954 3651 1032 adsint,
3688 954 3810 1020 sed
3827 965 4028 1039 negat
4049 973 4166 1019 eas
4189 971 4347 1019 esse
4367 973 4655 1019 caussas
4679 974 4920 1022 recon-

2923 1046 2924 1049 ’
2971 1035 3341 1116 oiliationis,
3389 1049 3456 1101 et
3497 1035 3807 1103 transfert
3850 1057 4157 1103 caussam
4199 1041 4267 1104 in
4309 1035 4527 1104 solum
4549 1037 4914 1107 Christum.

2971 1118 3268 1207 Suntque
3329 1120 3722 1187 correlative
3786 1121 4254 1209 intelligendae
4329 1121 4456 1187 hae
4509 1122 4918 1190 sententiam

2966 1204 3160 1283 Fide,
3225 1207 3289 1270 id
3332 1217 3468 1285 est,
3531 1205 3772 1270 fiducia
3812 1205 4059 1271 Christi
4101 1227 4328 1272 sumus
4372 1208 4567 1286 iusti,
4609 1205 4750 1274 hoc
4795 1223 4916 1291 est,

2964 1302 3238 1374 propter
3280 1287 3612 1356 Christum
3655 1310 3882 1355 sumus
3922 1292 4116 1369 iusti,
4168 1290 4427 1370 Gratis,
4484 1292 4550 1356 id
4598 1305 4744 1373 est,
4787 1315 4918 1361 non

2919 1378 2922 1379 ’
2964 1386 3235 1458 propter
3277 1376 3660 1460 dignitatem
3702 1388 4016 1440 nostram.
4094 1376 4296 1460 idque
4340 1377 4748 1444 credendum
4790 1393 4914 1459 est,

2965 1470 3038 1523 ut
3078 1459 3464 1525 beneficium
3507 1457 3755 1526 Christi
3794 1459 4267 1543 amplectamur
4324 1472 4389 1524 et
4429 1463 4495 1526 in
4539 1464 4910 1530 misericor·

2968 1542 3074 1608 dia
3113 1553 3381 1629 propter
3424 1542 3753 1610 Christum
3795 1546 4121 1628 promissa
4164 1546 4694 1630 acquiescamus.

3134 1662 3326 1728 Nunc
3369 1663 3607 1727 addam
3645 1665 4019 1728 testimonia
4059 1683 4143 1728 ex
4174 1663 4382 1729 Paulo
4399 1708 4419 1740 ,
4475 1686 4658 1750 quae
4696 1681 4914 1733 osten·

2968 1747 3130 1812 dunt
3192 1766 3350 1813 vere
3414 1746 3587 1812 hanc
3651 1768 3809 1812 esse
3848 1745 4199 1834 Evangelii
4262 1751 4656 1828 doctrinam,
4722 1772 4916 1836 quam

2965 1833 3271 1896 recensui
3306 1834 3390 1895 de
3429 1831 3909 1911 iustificatione,
3953 1834 4132 1918 quod
4165 1833 4469 1899 videlicet
4488 1838 4917 1904 statuendum

2965 1918 3075 1994 sit,
3116 1936 3244 1980 nos
3287 1928 3559 2001 propter
3602 1915 3800 1981 fllium
3822 1917 3952 1981 Dei
3995 1921 4211 2002 gratis
4255 1919 4387 1983 fide
4433 1925 4774 2005 consequi
4820 1941 4917 1986 rc·

2964 2001 3344 2067 missionem
3407 2014 3830 2084 peccatorum
3895 2015 3962 2067 et
4025 2007 4312 2089 reputari
4355 2006 4601 2082 iustos,
4664 2007 4734 2070 id
4796 2019 4914 2080 est,

2962 2097 3280 2169 acceptos
3322 2085 3470 2150 Deo
3536 2087 3622 2150 ad
3684 2090 3883 2152 vitam
3923 2100 4277 2154 aeternam.
4369 2089 4654 2155 Prodest
4699 2104 4918 2156 autem

2961 2169 3131 2235 haec
3192 2173 3563 2236 testimonia
3625 2173 3694 2236 in
3758 2186 4124 2257 conspectu
4165 2173 4447 2251 habere,
4515 2195 4653 2238 non
4699 2175 4916 2242 solum

2961 2255 3046 2319 ad
3089 2252 3474 2320 refutandos
3516 2257 3964 2332 adversarios,
4007 2259 4128 2322 sed
4172 2258 4379 2323 multo
4421 2261 4636 2345 magis
4661 2262 4754 2326 ad
4787 2281 4914 2326 nos

2960 2341 3150 2423 ipsos
3214 2341 3734 2420 confirmandos,
3821 2354 3886 2405 et
3948 2344 4033 2406 ad
4097 2342 4292 2407 fidem
4359 2347 4780 2410 excitandum
4847 2349 4913 2411 in

2963 2427 3138 2489 omni
3200 2427 3634 2492 invocatione.
3722 2425 3890 2490 Nam
3956 2426 4131 2492 hunc
4199 2425 4474 2504 cultum,
4538 2427 4676 2491 hoc
4742 2452 4911 2515 opus

2922 2548 2923 2553 κ
2961 2512 3179 2596 praeci
3225 2532 3308 2576 ue
3370 2512 3640 2596 requirit
3680 2509 3881 2575 Deus.
3973 2511 4096 2576 Hic
4164 2511 4380 2576 cultus
4426 2532 4657 2576 verum
4700 2511 4912 2580 hono-

2962 2615 3097 2661 rem
3237 2597 3298 2661 ὀ
3354 2595 3484 2660 Dei
3548 2596 3803 2674 tribuit,
3868 2617 4018 2661 cum
4072 2595 4379 2662 videlicet
4419 2608 4697 2680 propter
4737 2598 4912 2664 hanc

2960 2682 3290 2746 victimam
3374 2695 3439 2746 et
3502 2678 3676 2746 hunc
3794 2679 4152 2747 lacatorem
4206 2701 4595 2745 invocamus
4652 2681 4907 2759 Deum,

2965 2778 3031 2828 et
3072 2766 3397 2829 credimus
3431 2785 3552 2850 per
3570 2763 3747 2830 hunc
3817 2765 4146 2833 ontificem
4169 2763 4447 2848 perferri
4469 2779 4742 2832 nostras
4764 2790 4909 2854 pre-

2968 2867 3085 2914 ces
3138 2850 3226 2913 ad
3267 2859 3605 2914 aeternum
3647 2847 3928 2914 Patrem.

3135 2965 3325 3030 Rom.
3369 2966 3433 3031 3.
3469 2963 3853 3050 Principalis
3896 2971 4257 3052 propositio
4302 2968 4496 3034 huius
4521 2971 4908 3055 disputatio·

2964 3053 3068 3116 nis
3109 3049 3408 3135 pluribus
3455 3052 3677 3116 verbis
3721 3051 3997 3118 traditur
4042 3060 4172 3133 [vs.
4216 3052 4384 3134 23.]:
4455 3056 4703 3119 Omnes
4747 3077 4908 3140 pec-

2967 3148 3285 3202 caverunt
3327 3148 3394 3200 et
3437 3146 3669 3200 carent
3710 3134 3922 3222 gloria
3965 3136 4113 3202 Dei.
4201 3137 4633 3205 iustificamur
4672 3155 4906 3206 autem

3009 3223 3169 3285 ratis
3210 3222 3418 3306 ipsius
3454 3221 3667 3307 gratia
3707 3242 3826 3305 per
3866 3222 4415 3306 redemptionem,
4473 3243 4635 3307 quae
4675 3237 4782 3286 est
4829 3227 4896 3292 in

3017 3304 3226 3370 hristo
3290 3307 3464 3384 Iesu,
3530 3325 3725 3390 quem
3789 3308 4127 3391 proposuit
4170 3306 4357 3371 Deus
4402 3309 4902 3392 propitiatorem

2955 3412 3075 3539 Ber
3137 3390 3330 3456 fidem
3395 3392 3459 3454 in
3525 3394 3848 3476 sanguine
3914 3394 4079 3455 eius.
4168 3393 4385 3471 Initio,
4451 3406 4522 3457 ut
4587 3393 4902 3458 ostendat

3003 3477 3252 3541 omines
3317 3495 3449 3540 non
3495 3493 3647 3539 esse
3690 3478 3900 3542 iustos
3944 3496 4065 3561 pro
4112 3479 4207 3540 ria
4248 3479 4593 3556 munditie,
4655 3478 4900 3562 inquit:

2957 3559 3202 3625 Omnes
3247 3579 3402 3626 esse
3446 3580 3602 3624 reos
3646 3573 3713 3627 et
3756 3581 3986 3627 carere
4030 3581 4076 3646 g
4103 3565 4244 3626 oria
4285 3563 4446 3640 Dei,
4493 3563 4557 3627 id
4603 3575 4748 3640 est,
4793 3583 4899 3627 sa-

2955 3647 3195 3731 pientia
3252 3657 3320 3711 et
3374 3646 3649 3723 iustitia,
3715 3667 3910 3731 quam
3950 3644 4135 3711 Deus
4180 3649 4502 3732 approbat
4543 3668 4665 3712 seu
4723 3650 4900 3713 ducit

2957 3750 3108 3796 esse
3152 3729 3451 3815 gloriam.
3537 3728 3796 3795 Deinde
3840 3732 4047 3813 addit,
4094 3734 4422 3817 quomodo
4467 3732 4897 3798 reconcilien-

2955 3828 3082 3894 tur,
3126 3835 3276 3879 cum
3318 3815 3441 3877 ait:
3499 3812 3966 3893 lustificamur,
4009 3816 4078 3881 id
4123 3830 4248 3893 est,
4294 3818 4758 3902 consequimur
4800 3838 4896 3881 re·

2956 3900 3330 3964 missionem
3372 3911 3832 3981 peccatorum,
3899 3913 3964 3965 et
4008 3913 4382 3984 reputamur
4424 3903 4576 3966 iusti
4625 3922 4749 3966 seu
4793 3923 4896 3967 ac-

1482 4044 1794 4118 quantum
1844 4031 2090 4098 referat
2133 4029 2539 4096 exclusivam
2583 4032 2870 4110 retineri,
2906 4026 2919 4092 ³1
2957 3984 3128 4068 ‘⁵⁶9⁶
3172 3984 3377 4070 gratis
3410 3983 3616 4068 {lmus
3662 3987 3909 4072 grati&
3952 3986 4018 4050 id
4064 3999 4199 4064 “S‘’
4253 3987 4708 4051 miseriem&
4748 4007 4893 4073 8¹¹²·

2953 4071 3114 4133 tuita
3155 4079 3425 4152 propter
3467 4066 3823 4149 Christum,
3892 4091 4083 4156 quem
4128 4074 4466 4157 proposuit
4506 4069 4701 4135 Deus
4744 4093 4892 4156 pro-

2954 4154 3339 4238 pitiatorem.
3425 4153 3628 4220 Addit
3671 4167 3922 4233 autem,
3989 4156 4410 4221 iustificamur
4453 4158 4518 4219 in
4566 4160 4894 4242 sanguine

2956 4240 3119 4317 eiuS,
3161 4238 3227 4302 id
3271 4249 3395 4315 est,
3437 4239 3737 4323 placatur
3778 4242 3873 4303 ira
3918 4239 4047 4304 Dei
4081 4264 4201 4326 per
4245 4255 4517 4305 mortem
4563 4237 4701 4303 filii.
4760 4241 4893 4305 Sed

2952 4322 3083 4388 hoc
3127 4322 3514 4388 beneficium
3558 4324 3688 4389 fide
3731 4324 4047 4408 applicari
4092 4337 4369 4409 oportet.
4458 4324 4892 4390 Statuendum

2952 4421 3085 4486 est,
3155 4408 3332 4493 quod
3395 4421 3664 4493 propter
3724 4408 3901 4474 hunc
3964 4412 4454 4494 propitiatorem
4498 4420 4564 4472 et
4618 4422 4898 4494 propter

2953 4494 3095 4557 eius
3138 4505 3411 4558 mortem
3445 4494 3561 4557 tibi
3602 4513 3758 4559 vere
3802 4495 4123 4576 propitius
4168 4497 4252 4557 sit
4291 4492 4518 4569 Deus,
4564 4513 4699 4558 non
4742 4515 4894 4577 pro·

2950 4589 3098 4662 pter
3139 4589 3314 4641 tuam
3359 4578 3755 4665 dignitatem.
3833 4576 4016 4641 Haec
4059 4578 4227 4643 fides
4272 4592 4375 4644 est
4408 4578 4668 4656 fiducia,
4716 4601 4893 4665 quae

2948 4681 3181 4747 pacem
3243 4674 3309 4727 et
3375 4666 3571 4727 vitam
3636 4662 3947 4728 cordibus
3989 4662 4210 4742 affert,
4265 4677 4331 4727 ut
4379 4685 4578 4747 supra
4625 4665 4712 4729 de
4759 4664 4894 4729 fide

2953 4749 3196 4812 dictum
3241 4760 3368 4825 est,
3412 4761 3477 4811 et
3520 4767 3691 4831 quae
3734 4749 3798 4811 in
3844 4745 4111 4813 Christo
4156 4749 4535 4833 acquiescit.

3119 4848 3376 4914 Deinde
3408 4844 3656 4912 Paulus
3697 4850 3765 4911 in
3810 4848 3922 4913 IV.
3970 4852 4180 4934 capite
4222 4852 4496 4914 instituit
4537 4850 4894 4915 confirma-

2949 4937 3192 4999 tionem
3236 4932 3425 4997 huius
3479 4951 3603 5016 pro
3650 4935 3982 5011 ositionis,
4038 4945 4104 4997 et
4145 4937 4512 4999 testimonia
4560 4955 4642 4997 ac
4684 4955 4890 5021 argu·

2951 5030 3169 5082 menta
3212 5026 3536 5081 recenset.
3660 5019 3888 5084 rimum
3933 5021 4366 5083 testimonium
4412 5030 4746 5102 sumptum
4784 5033 4890 5084 est

2952 5122 3032 5166 ex
3079 5101 3345 5165 Genesi.
3400 5100 3490 5165 Ut
3532 5104 3705 5166 enim
3747 5105 4051 5167 ostendat
4090 5102 4265 5167 hanc
4308 5117 4685 5187 perpetuam
4732 5124 4894 5169 esse

2949 5183 3290 5250 Ecclesiae
3332 5187 3716 5265 doctrinam,
3772 5185 4016 5272 allegat
4057 5189 4327 5269 primam
4369 5188 4758 5252 concionem
4805 5191 4892 5254 de

2947 5272 3145 5336 modo
3187 5270 3685 5349 iustificationiS,
3727 5291 3896 5356 quae
3936 5281 4114 5335 extat
4157 5274 4220 5335 in
4263 5271 4519 5356 Moyse.
4607 5271 4888 5360 Allegat

2947 5367 3012 5419 et
3066 5353 3247 5420 illum
3309 5358 3551 5435 virum,
3616 5358 3723 5441 qui
3763 5356 4190 5440 proponitur,
4254 5368 4325 5420 ut
4365 5359 4448 5420 ab
4483 5357 4632 5438 ipso
4679 5362 4892 5424 ceteri

2947 5441 3205 5506 discant
3245 5444 3713 5524 promissiones
3757 5452 3820 5504 et
3866 5461 4091 5504 verum
4138 5439 4381 5504 cultum
4423 5439 4550 5503 Dei
4596 5447 4732 5519 [vs.
4759 5444 4890 5523 34:
