5859 6734
467 691 529 754 427
1097 697 1206 808 Plllb.
1223 700 1326 765 nur..
1349 699 1533 768 SCRIPTA
1550 703 1823 772 nocrimen.
2393 717 2458 784 428

470 877 566 940 etiam
595 873 750 952 moralia,
782 896 803 939 a
830 897 932 942 eausa
958 879 1240 947 reconciliationis.
1285 885 1328 948 Et
1353 883 1439 950 hano
1484 891 1581 953 animi
1602 903 1704 968 motu,
1726 893 1797 956 sine
1819 897 2009 972 certamine,
2027 898 2098 960 sine
2121 896 2238 962 firtaaia
2261 899 2458 966 consolante

467 958 660 1042 particulam
689 958 831 1025 inculcat
854 960 996 1040 Paulus,
1026 977 1062 1028 ut
1082 970 1301 1033 conscientias
1323 971 1441 1034 reddat
1483 977 1620 1040 animos.
1665 973 1707 1038 Et
1727 977 1802 1060 quia
1825 977 1965 1061 Spiritus
1988 991 2123 1044 sanctus
2145 981 2256 1058 all'ert,
2278 997 2314 1048 ut
2336 999 2458 1068 postea

469 1057 591 1108 certas.
624 1045 699 1108 Non
716 1057 952 1128 potestantem
970 1053 1072 1112 teneri
1089 1053 1250 1116 certitudo
1267 1056 1440 1119 conscien-
1483 1059 1600 1136 dicam,
1616 1060 1649 1122 in
1660 1056 1716 1122 illa
1728 1060 1953 1126 consolatione
1965 1083 2083 1126 novam
2094 1066 2203 1143 vitam,
2215 1087 2323 1132 novos
2335 1083 2457 1152 motus,

468 1131 600 1208 tiarum,
634 1133 663 1192 si
684 1131 890 1194 sentiendum
912 1145 981 1210 est,
1015 1136 1103 1219 quod
1125 1149 1260 1221 propter
1280 1135 1439 1222 impletio·
1483 1143 1557 1206 ideo
1583 1143 1667 1207 haec
1694 1149 1864 1208 renovatio
1892 1159 2030 1210 vocatur
2052 1167 2088 1210 re
2114 1151 2276 1228 eneratio,
2304 1167 2338 1216 et
2359 1157 2456 1238 sequi

468 1233 542 1276 nem
579 1212 750 1278 moralium
783 1235 1025 1299 consequamur
1062 1223 1289 1286 remissionem
1307 1243 1439 1370 pecca·
1483 1226 1581 1290 debet
1602 1247 1689 1292 nova
1710 1229 1904 1306 obedientia,
1928 1241 1962 1293 ιιι
1984 1251 2060 1293 mox
2083 1169 2199 1296 (licam.

469 1309 592 1376 tor-um,
628 1301 704 1382 quia
730 1317 828 1364 nemo
856 1300 1019 1367 satisfacit
1045 1301 1111 1389 legi
1139 1303 1263 1370 morali.
1336 1327 1358 1369 n
1385 1305 1437 1370 his
1565 1309 1607 1373 Et
1635 1330 1678 1374 ne
1702 1309 1757 1376 hle
1779 1313 1972 1396 obstrepant
1993 1317 2055 1397 piis
2076 1319 2251 1395 mentibus,
2274 1317 2455 1404 labyrinthi

468 1379 580 1465 liquet,
602 1381 739 1446 Paulam
760 1402 827 1447 non
849 1383 956 1451 solum
978 1388 1020 1450 de
1036 1392 1242 1468 ceremoniis,
1264 1393 1438 1454 sedetiam
1481 1393 1734 1474 disputationum
1755 1395 1797 1460 de
1818 1399 2128 1479 praedestinatione,
2146 1413 2202 1464 aut
2219 1401 2260 1464 de
2276 1399 2381 1466 libero
2400 1425 2454 1468 ar·

468 1466 543 1530 del
587 1486 606 1530 e
628 1467 743 1532 morali
765 1465 865 1552 loqui.
1480 1479 1588 1557 bitrio,
1613 1479 1756 1542 breviter
1782 1499 1916 1545 moneor
1944 1501 2009 1546 non
2032 1502 2110 1547 esse
2131 1482 2196 1548 buc
2216 1488 2454 1554 accersendam

481 1617 486 1627 ,
584 1570 625 1615 eo
646 1562 698 1616 est
720 1552 959 1635 Sophisticurn,
991 1558 1039 1620 sic
1061 1559 1267 1641 interpretari
1288 1557 1436 1637 Paulum,
1480 1561 1731 1644 disputationem
1759 1564 1801 1626 de
1832 1566 2150 1648 praedestinatione,
2183 1568 2243 1632 sed
2264 1572 2452 1651 tenendum,

467 1647 503 1698 ιιι
520 1635 681 1700 hactenus
699 1639 778 1715 dixi,
798 1639 992 1721 praesertim
1008 1661 1080 1704 cum
1096 1640 1180 1706 haec
1199 1641 1277 1707 nihil
1295 1642 1439 1707 habeant
1480 1645 1568 1729 quod
1589 1646 1766 1729 promissio
1788 1651 1913 1730 gratiae
1934 1651 1976 1712 sit
1998 1650 2204 1715 universalis.
2249 1653 2340 1718 Sicut
2356 1675 2453 1736 prae·

466 1719 601 1784 absurdi
623 1733 678 1785 aut
698 1718 856 1806 perplexi.
890 1723 955 1788 Sed
977 1725 1086 1810 potius
1108 1723 1438 1810 fueritSophisticum
1480 1730 1601 1795 dicatio
1624 1733 1842 1813 poenitentiae
1865 1733 1907 1796 ad
1929 1753 2044 1798 omnes
2065 1737 2216 1818 pertinet,
2238 1739 2286 1800 ita
2300 1738 2454 1802 omnibus

468 1804 647 1888 decerpere
669 1803 790 1890 aliquid
813 1806 854 1870 de
874 1806 969 1872 Pauli
991 1811 1224 1893 disputatione,
1252 1823 1284 1876 et
1305 1823 1437 1876 senten·
1480 1813 1574 1878 offert
1596 1812 1689 1878 Deus
1733 1815 1976 1891 romissionem3
1999 1829 2034 1882 ut
2056 1830 2217 1884 testantur
2238 1823 2332 1903 ipsae
2350 1841 2456 1886 voces

467 1889 545 1954 tiam
567 1888 747 1955 mutilatam
769 1891 918 1970 reddere,
941 1907 1039 1978 atque
1059 1897 1104 1958 ita
1126 1893 1241 1960 tollere
1262 1899 1437 1982 gratuitam
1479 1897 1601 1961 Christi
1625 1837 1753 1974 ΙΜιιιΗι.
1777 1900 1828 1977 ll,
1849 1901 1938 1980 2qu
1962 1901 2081 1965 Venite
2102 1905 2145 1966 ad
2166 1924 2218 1968 me
2241 1924 2365 1968 onmes.
2411 1905 2453 1969 Et

467 1975 705 2054 remissionem,
727 1974 845 2040 tollere
859 1989 983 2042 certam
994 1977 1254 2045 consolationem
1266 1981 1437 2046 conscien·
1478 1979 1601 2046 Paulus
1624 1985 1669 2046 ait
1691 1981 1797 2060 [Rom.
1822 1984 1873 2062 10,
1896 1985 1977 2064 121:
2001 1984 2090 2049 ldem
2110 1986 2272 2052 Dominus
2295 1990 2452 2066 omnium,

468 2060 594 2136 riarum,
617 2070 651 2123 et
667 2057 827 2146 affingere
842 2061 999 2143 puerilem
1014 2065 1324 2148 interpretationem,
1348 2066 1437 2149 quod
1479 2067 1571 2131 dives
1603 2066 1637 2128 irr
1670 2087 1795 2131 omnes.
1850 2067 1929 2132 ltem
1963 2069 2098 2147 [l.'lim.
2111 2072 2216 2150 241:
2260 2071 2355 2136 Deus
2383 2071 2455 2136 vult

466 2142 550 2205 fides
579 2144 744 2230 significet
770 2157 894 2209 tantum
920 2147 1075 2211 historiae
1097 2150 1260 2224 notitiam3
1292 2163 1325 2214 et
1369 2149 1436 2213 uod
1479 2169 1593 2214 omnes
1621 2148 1771 2216 homiues
1800 2149 1915 2216 salvos
1945 2153 2026 2216 lieri.
2076 2153 2143 2218 Sed
2172 2175 2233 2218 suo
2260 2152 2338 2220 loco
2361 2154 2454 2221 colli·

466 2228 667 2291 conscientia
678 2230 710 2290 in
722 2248 784 2293 suo
795 2249 903 2313 agone
913 2241 1059 2296 statuere
1070 2234 1200 2311 debeat,
1216 2232 1357 2318 quodha
1383 2244 1436 2295 eat
1502 2253 1553 2298 am
1586 2231 1681 2317 plura
1714 2236 1908 2299 testimonia.
1952 2238 2023 2300 Nec
2055 2258 2135 2301 vero
2165 2239 2372 2304 iudicandum
2400 2253 2454 2304 est

465 2313 691 2376 remissionem
707 2325 937 2396 peccatorum,
961 2317 1051 2400 quod
1066 2316 1187 2382 habeat
1201 2317 1310 2383 Deum
1326 2317 1436 2400 propi·
1478 2253 1519 2382 {e
1541 2318 1712 2383 voluntate
1733 2318 1797 2383 Dei
1819 2339 1934 2399 secus,
1959 2341 2054 2404 quam
2081 2319 2298 2408 Evangeliam
2319 2325 2452 2388 iudicat.

466 2397 545 2460 tium
563 2407 699 2481 propter
715 2395 934 2482 impletionem
944 2398 1043 2484 legis,
1059 2413 1196 2486 propter
1205 2422 1267 2486 pro
1291 2403 1372 2465 riam
1388 2402 1436 2465 di·
1476 2401 1683 2480 Mandatum,
1712 2405 1801 2487 quod
1823 2407 1996 2487 praecipit,
2021 2418 2058 2470 ut
2080 2408 2271 2485 credamus,
2299 2419 2389 2471 certe
2410 2409 2453 2472 ad

510 2481 632 2546 itatem.
661 2480 753 2546 llaec
788 2425 1290 2564 uanunrhabeamtrraommodl
1305 2505 1373 2549 non
1384 2497 1437 2548 est
1477 2507 1591 2551 omnes
1612 2489 1771 2569 pertinet;
1793 2488 1839 2550 lta
1852 2501 1886 2552 et
1904 2491 2078 2573 promissio
2095 2491 2139 2554 ad
2161 2511 2276 2556 omnes
2298 2493 2452 2574 pertinet.

487 2503 1301 2655 tffieuetaarcare.lrrtelltgamusigitral'aaban10
1324 2571 1436 2636 ainon
1477 2568 1554 2634 ldeo
1575 2590 1641 2636 noa
1662 2590 1883 2654 repugnemus
1905 2575 2059 2637 mandato
2080 2572 2157 2652 Dei,
2180 2576 2241 2638 sed
2264 2575 2452 2656 credamus,

466 2648 573 2714 solum
589 2651 631 2715 de
648 2654 854 2738 ceremoniis,
871 2653 933 2718 sed
950 2655 1048 2716 etiam
1065 2653 1107 2718 de
1122 2649 1199 2738 lege
1210 2593 1326 2720 morell
1336 2657 1371 2718 in
1382 2653 1435 2716 his
1477 2665 1565 2718 etse
1588 2653 1706 2740 singuli
1723 2658 1756 2718 in
1778 2654 1867 2718 illam
1888 2656 2110 2722 universalem
2131 2661 2382 2740 promissionem
2404 2662 2452 2726 irr-

466 2737 636 2801 sententiis
659 2734 768 2815 [Rom.
785 2737 818 2817 8,
835 2735 899 2818 3.]:
922 2736 967 2800 lm
992 2737 1128 2802 ossibile
1150 2749 1221 2802 erat
1240 2737 1324 2823 legi,
1344 2739 1436 2802 iusti·
1477 2736 1621 2816 cludant,
1644 2750 1677 2803 et
1698 2741 1805 2803 sciant
1816 2759 1855 2802 se
1870 2760 1949 2805 vere
1971 2743 2128 2824 consequi
2150 2743 2345 2810 beneficium
2359 2743 2453 2810 Chri·

463 2819 578 2899 ficare,
600 2821 677 2906 quia
693 2841 754 2904 per
775 2841 908 2886 earnem
929 2759 1162 2888 inlrmabatur.
1196 2822 1276 2887 ltem
1299 2820 1386 2900 [Gal.
1403 2823 1436 2898 2,
1477 2825 1531 2902 sti,
1560 2823 1589 2885 si
1617 2821 1751 2886 credant
1772 2825 1990 2905 promissioni.
2034 2822 2088 2889 De
2109 2825 2216 2891 libero
2237 2829 2373 2894 arbitrio
2397 2849 2453 2894 su·

467 2905 550 2984 164:
576 2903 629 2968 Ex
646 2907 801 2990 operibus
811 2905 897 2991 legis
909 2927 976 2970 non
988 2905 1217 2970 iustificabitur
1228 2908 1336 2971 omnis
1347 2925 1435 2970 caro.
1500 2929 1537 2970 ra
1559 2907 1713 2970 diximus:
1737 2905 1898 2980 Quoniam
1916 2931 1936 2972 a
1957 2911 2061 2974 verbo
2086 2910 2276 2977 ordiendum
2299 2925 2362 2990 est,
2384 2935 2452 2980 non

551 2988 681 3054 Addam
714 3011 734 3055 e
829 3003 862 3055 et
892 2988 1002 3056 locum
1037 3011 1079 3054 ex
1110 2990 1262 3074 Ephesiis
1303 2992 1347 3068 [Q
1375 2989 1436 3068 Sl:
1476 2929 1635 3056 lebamus
1658 3010 1842 3074 repugnare
1869 2995 1983 3057 verbo.
2027 2993 2166 3080 Agimus
2191 2997 2290 3098 igitar
2316 2997 2453 3081 aliquid,

466 3073 578 3139 Gratis
600 3075 682 3138 estis
704 3093 742 3140 sa
755 3077 823 3140 vati
845 3089 905 3158 per·
921 3074 1032 3153 fldem,
1055 3087 1088 3140 et
1104 3075 1169 3140 hoc
1183 3095 1251 3139 non
1269 3095 1311 3139 ex
1329 3076 1436 3152 vobis,
1478 3097 1551 3142 curn
1573 3076 1794 3160 desperationi
1817 3077 2011 3155 resistimus,
2035 3091 2067 3142 et
2091 3101 2154 3145 nos
2177 3100 2222 3144 err
2248 3081 2329 3144 'mus
2350 3095 2453 3166 atque

462 3158 529 3222 Dei
551 3159 673 3224 donum
695 3171 758 3238 ast,
779 3180 847 3225 non
870 3161 1095 3243 exoperibus,
1116 3181 1159 3225 ne
1197 3162 1249 3225 uis
1266 3157 1435 3244 glorietur.
1479 3157 1689 3226 consolamur
1719 3161 1938 3244 promissione
1963 3160 2097 3228 Christi.
2143 3101 2256 3237 (ὶιιοιῗΙ
2267 3183 2340 3230 cum
2368 3163 2451 3231 laci·

464 3241 580 3308 Multis
601 3245 716 3310 verbis
738 3245 875 3312 eandem
898 3247 1092 3310 sententiam
1113 3181 1273 3322 incrllcat,
1297 3254 1335 3308 ιιι
1356 3243 1436 3307 lidu-
1478 3263 1562 3322 mus,
1583 3243 1676 3309 Deus
1699 3255 1750 3308 est
1772 3241 1890 3310 efficax
1911 3250 2145 3329 perverbum,
2167 3259 2200 3313 et
2220 3267 2282 3312 nos
2303 3248 2450 3314 adiuvat.

464 3327 516 3393 oia
535 3329 658 3394 nitatur
678 3349 746 3394 non
766 3341 882 3397 nostra
903 3331 1078 3419 dignitate,
1099 3331 1160 3395 sed
1179 3329 1415 3394 misericordia.
1477 3328 1624 3394 Retineri
1653 3330 1738 3393 enim
1768 3331 1928 3395 certitudo
1958 3331 2072 3410 debet,
2102 3353 2181 3398 vere
2207 3353 2268 3398 nos
2291 3335 2452 3418 consequi

548 3411 646 3482 Rom.
667 3414 700 3477 o.
729 3419 794 3492 [vs.
819 3415 879 3494 l.r]
906 3413 1074 3480 laetificati
1102 3413 1168 3478 fide
1194 3433 1310 3498 pacem
1336 3410 1438 3477 habe·
1477 3414 1637 3478 beneficia
1664 3411 1798 3492 Christi,
1829 3434 1903 3480 curn
1932 3415 2106 3479 credimus.
2162 3415 2242 3481 Cum
2272 3418 2357 3482 enim
2384 3418 2452 3484 lide

464 3519 548 3566 mus.
592 3497 655 3564 llic
682 3499 748 3564 duo
776 3501 887 3564 tribuit
912 3499 1005 3574 lidei,
1039 3501 1128 3583 quod
1160 3509 1193 3562 et
1224 3497 1438 3563 iustilieemur
1477 3500 1561 3563 haec
1589 3499 1660 3582 geri
1682 3500 1843 3576 debeant,
1872 3501 2014 3564 retinere
2036 3502 2172 3565 verbum
2194 3499 2260 3564 Ilei
2281 3502 2450 3566 debemus.

464 3585 545 3663 lide,
585 3593 619 3648 at
650 3582 740 3670 qaod
770 3581 856 3650 fides
887 3585 1006 3648 reddat
1080 3593 1173 3648 catas
1205 3583 1436 3649 conscientias.
1478 3584 1550 3647 Nec
1572 3594 1649 3646 sunt
1669 3585 1876 3667 quaerendae
1897 3581 2148 3650 illuminationes
2171 3587 2243 3648 sine
2260 3587 2364 3650 verbo
2375 3585 2451 3650 Dei.

464 3667 577 3742 Quare
597 3667 697 3734 iidem
715 3687 784 3734 non
804 3665 955 3754 intelligit
972 3666 1021 3732 Pa
1055 3689 1096 3732 aa
1118 3669 1258 3732 otiosam
1279 3667 1437 3744 notitiam,
1477 3666 1521 3731 Et
1541 3669 1631 3744 ut⁹⁸)
1661 3678 1759 3730 antea
1781 3669 1862 3745 dixi,
1883 3671 2031 3732 meritum
2054 3667 2177 3732 tollitur
2198 3671 2231 3733 in
2254 3671 2452 3734 remissione

465 3755 525 3818 serl
552 3751 731 3818 luctantem
762 3773 836 3818 cum
864 3754 1047 3832 terr-‚oribus
1080 3754 1114 3816 in
1147 3755 1325 3816 certamine
1358 3769 1438 3813 eon·
1479 3761 1708 3834 peccatorum,
1737 3771 1803 3814 non
1826 3753 1901 3834 qaia
1923 3773 1986 3816 nos
2007 3750 2087 3816 nihil
2108 3773 2263 3839 agamus,
2293 3755 2353 3818 sed
2375 3755 2452 3838 quia

465 3839 633 3902 scientiae.
677 3838 766 3902 ldem
787 3839 885 3902 docet
906 3836 1003 3902 locus
1025 3834 1304 3914 [Ilouraton
1326 3833 1437 3898 Corde
1480 3835 1629 3898 remissio
1652 3845 1704 3896 est
1726 3835 1870 3912 donatio,
1893 3847 1927 3899 ut
1949 3838 1992 3898 sit
2014 3850 2116 3900 certa.

466 3923 611 3986 ereditur
637 3923 680 3985 ad
708 3925 871 3986 iustitiam.
915 3920 1049 3985 Fiducia
1069 3921 1155 3985 enim
1175 3915 1233 3982 illa
1254 3920 1437 3983 misericor·
1562 3917 1659 3980 Nune
1679 3928 1773 4000 peto,
1801 3930 1836 3982 ut
1856 3921 2002 4002 prudens
2030 3919 2138 3984 lector
2164 3919 2337 4006 diligenter
2364 3917 2451 3983 haec

466 4007 539 4070 diae
568 4003 688 4070 efficax
716 4017 767 4068 est
793 4008 826 4069 in
851 4006 1024 4081 cordibus,
1057 4005 1209 4090 agnoscit
1230 4001 1338 4066 Deum
1360 4020 1437 4065 esse
1479 4003 1676 4079 consideret,
1698 4021 1783 4086 quae
1806 4003 1887 4067 dixi:
1911 4003 2006 4076 Quod
2025 4006 2202 4091 agentibus
2218 4003 2448 4086 poenitentiam

488 4091 656 4175 rapidum,
682 4100 781 4175 atque
809 4093 854 4154 ita
881 4087 1073 4154 consolatur
1094 4089 1197 4152 corda
1219 4098 1253 4151 et
1273 4085 1436 4150 iustificat.
1478 4089 1626 4151 remissio
1655 4098 1865 4168 peccatoram
1894 4090 1997 4172 gratis
2026 4090 2168 4154 donetur
2190 4099 2326 4172 propter
2352 4083 2448 4150 Chri·

465 4115 559 4240 llaec
586 4187 639 4240 est
667 4175 765 4260 igitur
790 4185 906 4238 nostra
934 4175 975 4238 de
1001 4173 1232 4238 iustificatione
1259 4170 1438 4234 sententia:
1478 4185 1575 4249 stum,
1597 4172 1686 4255 qaod
1709 4170 1864 4237 offeratur
1886 4175 2048 4250 omnibus,
2092 4175 2159 4238 aod
2185 4173 2369 4237 mandatum
2393 4173 2449 4248 sit,

467 4259 661 4345 Quanquam
698 4260 889 4324 necessaria
925 4259 968 4322 sit
999 4268 1113 4323 nostra
1143 4257 1345 4340 poenitentia
1376 4273 1438 4319 serr
1478 4268 1514 4322 nt
1535 4275 1649 4319 omnes
1673 4257 1819 4335 credant,
1842 4256 1930 4402 quod
1949 4195 2110 4322 cenitulo
2126 4259 2296 4322 retinenda
2314 4258 2368 4332 sit,
2386 4275 2450 4319 nos

467 4347 632 4421 contritio,
654 4357 763 4409 tamen
780 4345 1009 4427 consequimur
1024 4341 1297 4419 iustificationem,
1318 4342 1351 4405 id
1374 4351 1437 4418 est,
1479 4361 1558 4406 vere
1584 4343 1740 4423 consequi
1769 4342 1927 4405 benecia
1954 4340 2095 4420 Christi,
2124 4363 2196 4406 cam
2225 4342 2387 4405 credimus
2417 4351 2451 4402 et

467 4432 694 4495 remissionem
733 4441 943 4512 peccatorum
976 4440 1010 4493 et
1041 4422 1338 4492 reconciliationem
1369 4443 1437 4488 non
1478 4427 1695 4510 promissione
1717 4445 1778 4488 nos
1802 4423 2020 4490 consolamur.
2075 4425 2167 4490 llaec
2195 4428 2250 4510 qul
2271 4443 2351 4490 vere
2372 4442 2450 4488 con·

466 4527 602 4601 propter
630 4516 819 4600 dignitatem
851 4523 987 4576 nostrae
1013 4513 1247 4596 poenitentiae,
1279 4509 1340 4573 sed
1372 4507 1438 4571 fide
1479 4512 1645 4587 siderabit,
1667 4507 1826 4594 intelliget
1847 4529 2051 4594 nequaquam
2072 4512 2223 4574 intricata
2243 4521 2300 4573 aut
2320 4508 2449 4592 perple-

467 4611 603 4685 propter
624 4598 790 4664 Christum
813 4599 927 4685 gratis·
1478 4617 1521 4660 xa
1541 4608 1598 4660 aut
1620 4593 1806 4676 Sophistiea
1827 4613 1920 4670 esse,
1949 4597 2009 4658 sed
2035 4592 2134 4678 plana
2155 4605 2189 4658 et
2209 4592 2390 4677 explicata,
2417 4605 2450 4655 et

554 4683 596 4748 Et
616 4695 652 4748 ιιι
674 4685 758 4749 haec
775 4685 841 4748 sint
858 4681 1019 4765 planiora,
1040 4681 1158 4744 addam
1173 4677 1324 4760 amplius.
1355 4674 1438 4741 Cum
1479 4679 1569 4745 utilia
1590 4680 1632 4744 ad
1653 4679 1818 4760 pietatem,
1840 4689 1873 4742 et
1893 4677 2016 4742 habere
2038 4699 2134 4743 usum
2156 4680 2190 4741 in
2212 4680 2279 4742 vita
2302 4689 2335 4738 et
2357 4696 2451 4739 exer·

468 4769 535 4834 hoc
557 4769 655 4833 modo
678 4769 779 4833 corda
801 4769 867 4832 lide
889 4767 1068 4854 eriguntur,
1082 4767 1130 4846 ⁹¹)
1158 4765 1251 4826 conc·
1274 4764 1344 4826 iant
1366 4761 1438 4844 Spi·
1480 4766 1564 4830 citiis
1601 4767 1737 4848 piorrun.
1800 4760 1946 4828 Econtra
2003 4761 2094 4828 uales
2122 4760 2312 4865 labyrinthi,
2347 4781 2448 4861 quam·

469 4859 565 4920 ritum
594 4865 762 4927 sanctum3
794 4855 881 4917 sicut
903 4849 1025 4917 Paulus
1047 4851 1145 4912 docet
1172 4849 1213 4912 ad
1258 4845 1379 4910 salutas
1407 4844 1438 4906 3.
1480 4849 1581 4914 multa
1644 4846 1758 4929 rplexa
1779 4848 1901 4922 sirrt⁹⁴l
1932 4847 1994 4912 inr
2021 4869 2112 4912 orum
2139 4847 2364 4928 opinronrbus,
2392 4863 2448 4926 qur

471 4947 534 5018 [vs.
559 4940 637 5018 lde]
665 4937 711 5002 Ut
737 4937 988 5020 promissionem
1011 4935 1151 5017 Spiritus
1179 4933 1378 5014 accipiamus
1391 4930 1438 5012 Μ)
1480 4937 1676 4998 dissentiunt
1698 4951 1718 4994 a
1740 4932 1845 5008 nobis,
1867 4928 1944 4994 nolo
1966 4929 2128 4996 hocloco
2151 4929 2318 5016 colligere.

470 5023 764 5173 rurs-..iu
782 5024 939 5188 inuri?
956 5017 1192 5189 tticum
1206 5011 1439 5163 interitu
1731 5065 1791 5130 a
1967 5064 2193 5130 ‹raru-

470 5203 681 5275 peccatorum
704 5193 750 5254 ita
772 5192 962 5274 contingere
982 5191 1113 5266 otiosis,
1135 5188 1206 5249 sine
1227 5183 1337 5268 aliquo
1360 5203 1438 5246 vero
1566 5184 1727 5256 Quoniam
1754 5196 1860 5248 autem
1890 5185 1955 5248 dixi
1985 5187 2026 5247 de
2056 5179 2322 5246 reconciliatione
2351 5179 2451 5242 etde

471 5383 517 5442 ar)
540 5378 684 5442 eruantur]
706 5377 744 5430 ne
761 5377 834 5430 earn.
854 5377 876 5424 r.
889 5376 1030 5426 arr-rr.
1051 5379 1076 5426 u
1094 5375 1169 5438 opp.;
1186 5373 1259 5425 earn
1280 5375 1301 5418 r.
1320 5371 1343 5417 a.
1361 5369 1437 5417 r-a.
1489 5352 1674 5366 '‘—

539 5447 563 5496 9·
583 5449 715 5508 “¹⁸⁸⁰‘OE
1481 5475 1527 5533 aa)
1545 5475 1575 5522 ur
1591 5475 1652 5538 cyp.
1673 5483 1775 5520 errore
1792 5469 1931 5520 amittant
1949 5469 1991 5518 ra.
2016 5470 2052 5518 rr.
2072 5475 2098 5518 er
2116 5465 2180 5532 opp.

470 5551 517 5608 ut)
542 5546 706 5609 arripiamus]
724 5545 798 5597 earn.
818 5545 857 5592 ιι.
879 5545 917 5596 ιι.
936 5543 1071 5606 arduinus
1481 5543 1527 5602 et)
1545 5539 1606 5604 alut]
1625 5537 1666 5590 aa.
1685 5539 1708 5590 7.
1727 5539 1808 5590 male:
1827 5541 1885 5588 aunt
