5859 6734
439 788 503 855 105
912 776 936 839 l.
959 774 1059 840 Loci
1080 772 1353 839 THEOLOGlCl:
1375 772 1415 836 B.
1438 768 1579 837 PRIMA
1600 766 1757 835 EORUM
1776 767 1933 835 AETAS.

594 986 666 1031 mus
690 982 838 1039 caruem,
866 958 1012 1025 solemus
1034 958 1125 1024 alias
1139 976 1330 1041 nuncupare
1353 976 1408 1021 ve·
1452 975 1531 1019 earo
1553 956 1636 1017 sitis.
1664 954 1760 1018 Adeo
1781 972 1845 1017 nec
1866 973 1952 1037 quae
1974 953 2026 1015 dei
2047 962 2125 1017 sunt
2145 973 2266 1036 cupere

512 1060 528 1100 ὅ
592 1064 696 1116 terem
716 1045 904 1124 hominem,
926 1048 981 1128 qui
994 1044 1104 1108 itidem
1125 1041 1290 1125 significat
1317 1042 1409 1124 quid·
1453 1052 1486 1104 et
1506 1037 1674 1103 adfectare
1690 1040 1839 1122 potestis.
1863 1040 1936 1120 quis
1959 1046 2011 1101 est
2033 1039 2136 1115 euim,
2165 1058 2266 1122 quan·

596 1137 674 1223 quid
696 1144 747 1196 est
768 1130 884 1194 virium
904 1130 1065 1193 humanae
1086 1138 1233 1192 naturae.
1261 1126 1298 1188 ld
1321 1126 1411 1209 quod
1453 1125 1571 1188 tumvis
1595 1125 1703 1187 bonus
1732 1124 1882 1187 videatur
1902 1122 1935 1185 in
1956 1122 2118 1267 slrcciem,
2141 1124 2196 1205 qui
2218 1122 2268 1185 sic

594 1224 702 1307 ipsum
723 1210 918 1281 vocabalum
939 1211 1050 1297 palam
1070 1213 1187 1295 arguit.
1215 1210 1410 1273 Nam'com·
1452 1219 1539 1272 amet
1560 1209 1667 1283 deum,
1688 1208 1775 1275 uttsi
1795 1205 1852 1269 ille
1874 1204 1954 1269 velit
1987 1207 2115 1271 ibenter
2129 1216 2268 1273 mortem
2285 1220 2339 1287 (ιέ,
2364 1224 2402 1286 o.)

555 1306 561 1313 '
595 1306 685 1371 muni
712 1320 815 1366 sensu
843 1318 957 1365 carere
984 1298 1151 1371 videatur,
1186 1296 1242 1376 qui
1269 1292 1410 1357 hominis
1453 1302 1487 1357 et
1505 1288 1630 1354 inferos
1651 1288 1817 1374 perferat.
1843 1290 1919 1354 Dici
1938 1310 2005 1355 non
2025 1300 2147 1373 potest,
2168 1310 2268 1439 quam
2337 1291 2365 1332 ¹⁶

596 1400 724 1475 partem
744 1384 861 1463 modo,
883 1380 1104 1467 adpellatione'
1126 1380 1247 1443 veteris
1268 1377 1410 1443 hominis
1452 1374 1566 1451 murita,
1583 1395 1681 1458 quam
1703 1376 1856 1459 grandia,
1884 1370 2068 1457 Apostolus
2090 1384 2158 1441 tam
2199 1374 2270 1461 reri

596 1472 703 1539 notari
725 1466 824 1538 vellit.
847 1466 930 1539 Quis
952 1468 1038 1529 enim
1059 1465 1169 1529 audito
1190 1462 1332 1526 hominis
1353 1482 1411 1527 vo·
1452 1457 1619 1523 versiculo
1641 1459 1924 1541 comprehenderit
1942 1458 2049 1537 [Rom.
2070 1456 2104 1537 8,
2125 1458 2183 1537 5.],
2204 1456 2270 1531 Qui

598 1555 718 1623 cabulo
740 1570 861 1633 corpus
885 1560 1008 1615 tantum
1029 1547 1245 1613 intellexerit?
1265 1546 1413 1630 Usurpat
1453 1543 1635 1607 secundmn
1663 1562 1795 1607 caruem
1824 1555 1919 1621 sunt,
1950 1562 2035 1626 quae
2063 1544 2172 1607 omnis
2193 1551 2271 1607 sunt

598 1651 707 1707 autem
733 1638 919 1721 promlscue
945 1632 1069 1697 Paulus
1104 1634 1226 1696 veteris
1260 1630 1412 1708 hominis,
1454 1625 1630 1693 adfectant.
1675 1626 1810 1705 Contra,
1837 1628 1893 1710 qui
1921 1626 2100 1693 secundum
2121 1626 2271 1711 spiritum

601 1726 710 1790 carnis
738 1732 772 1785 et
802 1720 949 1803 corporis
978 1719 1105 1800 peccati
1127 1735 1239 1780 voces.
1291 1714 1358 1779 lam
1381 1723 1414 1779 et
1456 1723 1552 1790 sunt,
1573 1731 1659 1797 quae
1680 1712 1913 1795 spiritustsuut
1941 1706 2125 1789 adfectant,
2152 1710 2187 1774 id
2208 1720 2271 1789 est,

600 1810 744 1874 exterior
777 1807 874 1869 homo
908 1801 1071 1886 significat
1098 1820 1236 1883 prorsus
1263 1800 1297 1862 id
1325 1799 1415 1883 quod
1455 1798 1492 1861 in
1512 1815 1596 1881 quos
1619 1797 1754 1879 spiritus
1775 1792 2056 1881 mensarum
2079 1805 2148 1871 est,
2176 1794 2271 1897 iulis

516 1897 543 1938 ¹⁶
600 1906 696 1957 vetus
717 1892 842 1966 homo,
865 1906 926 1951 seu
945 1907 1035 1965 caro,
1057 1885 1122 1949 hoc
1145 1896 1206 1961 est,
1227 1904 1296 1947 non
1315 1882 1415 1947 modo
1457 1892 1510 1947 est
1529 1900 1649 1945 sensus
1672 1881 1740 1959 dei,
1769 1878 1946 1955 fiducls3·ln
1967 1878 2074 1956 deum,
2095 1899 2186 1942 amor
2207 1878 2272 1957 der,

461 1998 525 2061 (ιο,
543 1997 579 2061 a)
598 1990 709 2061 partes
735 1974 877 2038 hominis
898 1972 1097 2045 exteriores,
1132 1970 1192 2032 sed
1220 1986 1334 2033 ornnes
1355 1967 1415 2032 ho·
1457 1966 1552 2033 Sicut
1582 1976 1698 2031 matra
1722 1967 1757 2029 in
1790 1966 1918 2042 carne,
1942 1984 2011 2029 non
2038 1965 2101 2027 nisi
2129 1972 2272 2029 contem-

409 2050 412 2057 ’
599 2062 693 2125 minis
715 2054 884 2123 naturales
906 2057 1005 2120 vires.
1048 2053 1091 2117 Et
1114 2054 1156 2117 de
1186 2054 1414 2136 partitionibus
1481 2060 1535 2115 tus
1555 2060 1590 2115 et
1610 2050 1719 2115 odium
1740 2049 1834 2113 dett
1866 2048 1905 2115 ld
1927 2050 2016 2132 quod
2037 2046 2108 2112 uult
2128 2048 2272 2132 Aposto·
2297 2066 2339 2127 22,
2356 2064 2380 2115 t.

538 2204 541 2213 .
621 2145 730 2211 uidem
749 2141 890 2206 hominis
912 2136 1013 2217 infra,
1035 2139 1090 2202 ubi
1113 2139 1154 2201 de
1175 2138 1282 2221 gratia
1304 2156 1416 2221 egero,
1456 2071 1512 2199 lus
1538 2154 1613 2199 cum
1637 2135 1684 2198 ait
1712 2132 1820 2211 [Rom.
1841 2132 1880 2210 8,
1900 2132 1959 2211 6.],
1981 2130 2142 2197 Adfectus
2164 2132 2274 2197 carnis

599 2166 694 2315 glr'rra
722 2228 837 2291 dicam.
880 2214 988 2287 Nunc'
1011 2223 1091 2285 satis
1125 2221 1167 2283 sit
1194 2220 1415 2299 admonuisse,
1458 2238 1549 2285 mors
1578 2228 1647 2295 est,
1676 2216 1825 2283 adfectus
1854 2229 1965 2284 autem
1990 2219 2123 2301 spiritus
2151 2218 2220 2283 vita
2240 2228 2274 2283 et

513 2316 546 2356 ²⁰
601 2314 679 2397 quid
702 2306 973 2393 carosignificet.
1013 2302 1184 2369 Falluntur
1206 2306 1291 2369 enim
1313 2306 1416 2407 quiin
1459 2324 1535 2387 pax.
1577 2302 1621 2367 Et
1641 2303 1805 2384 sequitur,
1827 2298 1989 2367 Adfectus
2010 2303 2120 2367 carnis
2140 2302 2274 2367 inimici·

598 2396 731 2461 homine
760 2411 857 2477 quern
884 2410 951 2455 non
978 2384 1172 2454 instauravit
1198 2398 1417 2473 purgavitque
1459 2389 1505 2451 tia
1524 2396 1577 2451 est
1602 2388 1762 2450 adversus
1790 2387 1902 2464 deum,
1928 2385 1996 2471 legi
2018 2387 2104 2457 enirn
2124 2388 2177 2452 dei
2196 2404 2274 2452 nour

600 2480 734 2566 spiritus
773 2472 925 2539 sanctu's¹
950 2491 1027 2537 esse
1063 2480 1199 2536 causent
1240 2472 1416 2555 quidpiam,
1459 2481 1512 2536 est
1532 2472 1694 2546 subditus,
1711 2490 1735 2535 u
1776 2490 1818 2535 ue
1840 2491 1920 2535 vero
1938 2480 2050 2554 potest
2070 2472 2176 2535 subdi
2216 2470 2275 2535 Vi·

622 2562 690 2626 uod
723 2580 790 2624 nou
867 2558 936 2621 ssit¹
960 2576 1050 2635 caro,
1082 2557 1232 2638 adeoque
1246 2620 1249 2625 ,
1263 2556 1417 2620 vitiosum
1460 2557 1501 2619 de
1533 2574 1658 2638 quaeso
1690 2554 1739 2617 Pa
1775 2556 1862 2619 'um
1892 2554 2085 2641 Epilogum,
2124 2574 2199 2619 curn
2229 2556 2276 2619 ita

601 2582 676 2713 dici.
720 2643 821 2707 Proin
845 2660 865 2705 e
892 2653 928 2706 ut
953 2638 1124 2705 Paulinam
1149 2640 1345 2704 'sententiam
1374 2640 1416 2703 de
1459 2640 1538 2703 linit.
1584 2639 1660 2703 Vim
1682 2658 1811 2702 omnem
1833 2642 1942 2703 camis
1963 2652 2099 2704 nostrae
2121 2660 2195 2705 esse
2216 2640 2275 2704 ini·

516 2774 523 2798 ,
560 2774 565 2786 ·
601 2722 804 2796 naturalibus
814 2716 1099 2807 hominbssviribus
1113 2726 1326 2803 excutiamus,
1343 2742 1416 2787 ver·
1459 2725 1576 2787 micam
1587 2724 1662 2799 deo,
1683 2742 1746 2801 nec
1759 2742 1861 2806 posse
1881 2722 2012 2811 lagidei
2029 2725 2157 2802 subiici,
2177 2724 2275 2796 Quod

600 2816 645 2882 ba
679 2812 767 2878 illius
800 2811 949 2875 subiicio.
1003 2802 1299 2893 lmpos‘sibilitatem
1330 2804 1416 2893 legis
1459 2810 1489 2871 si
1508 2828 1577 2871 non
1596 2818 1706 2891 potest
1727 2807 1795 2892 legi
1817 2809 1870 2872 dei
1890 2808 2023 2886 subiici,
2049 2808 2127 2893 quid
2149 2808 2276 2873 dubita·

603 2902 696 2984 (quia
722 2894 849 2961 infirma
869 2904 940 2959 erat
960 2910 1022 2976 per
1036 2892 1184 2975 carnem)
1211 2892 1293 2955 deus
1315 2890 1417 2957 filium
1458 2914 1550 2968 mus,
1578 2888 1820 2975 quostfructus
1841 2890 1948 2957 ferat‘l
1988 2893 2058 2957 lam
2077 2911 2145 2956 non
2166 2893 2276 2969 modo,

601 3004 703 3047 suum.
722 2982 854 3045 mittens
883 2980 916 3043 in
944 2972 1186 3043 similitudinem
1208 2977 1317 3039 carnis
1339 2996 1416 3061 pec
1459 2978 1580 3061 inquit,
1608 2996 1675 3039 non
1705 2977 1874 3041 subiicitur
1902 2977 1970 3061 legi
1998 2978 2068 3055 dei,
2096 2979 2158 3043 sed
2180 2988 2214 3041 et
2232 2996 2276 3041 ne

601 3066 682 3143 cati,
711 3076 744 3129 ct
772 3065 813 3127 de
842 3062 1169 3147 peccatoidamnarit
1190 3072 1361 3144 peccatum
1384 3062 1417 3145 in
1459 3079 1560 3144 posse
1587 3063 1717 3144 quidem
1738 3058 1806 3145 legi
1827 3064 1954 3138 subiici,
1976 3060 2066 3125 Cons
2109 3064 2197 3125 uitur
2216 3061 2274 3125 ita·

602 3170 712 3228 carne,
732 3157 768 3211 ut
788 3146 974 3211 iustificatio
995 3141 1080 3231 legis
1095 3142 1286 3228 impleretur
1303 3146 1336 3207 in
1357 3164 1416 3207 no·
1460 3165 1524 3229 que
1552 3147 1661 3209 omnia
1680 3144 1847 3211 hominum
1867 3146 2075 3230 quantumvis
2111 3143 2275 3209 audabilia

600 3234 664 3313 bis,
686 3234 741 3317 qui
761 3251 828 3295 non
841 3230 1032 3311 'secuudum
1052 3249 1185 3293 caruem
1201 3226 1417 3305 ambulamus,
1460 3232 1493 3292 in
1526 3231 1670 3311 speciem
1702 3249 1806 3311 opera
1836 3229 1935 3314 plane
1972 3231 2092 3295 vitiosa
2123 3246 2210 3305 esse,
2242 3236 2276 3292 ct

601 3318 661 3383 sed
691 3316 871 3380 secundum
900 3314 1063 3397 spiritum.
1106 3312 1275 3377 Hactenus
1296 3331 1417 3394 propo·
1458 3324 1564 3375 morte
1592 3314 1691 3395 digna
1718 3312 1971 3395 peccata¹Huc
2006 3309 2156 3379 adferant
2189 3313 2218 3376 si
2238 3310 2277 3377 li·

601 3404 667 3466 suit
687 3398 811 3464 Paulus
833 3418 991 3462 summam
1013 3414 1153 3459 caussae
1180 3413 1297 3475 nempe
1327 3394 1415 3477 quod
1458 3397 1516 3458 bet
1532 3394 1708 3477 Sophistae
1734 3393 1872 3459 frivolas
1895 3414 1973 3459 suas
1995 3395 2276 3461 distinctiunculas

520 3505 548 3545 ιο
602 3506 676 3550 cum
698 3480 900 3567 impossibile
921 3482 964 3542 sit
978 3476 1087 3561 legem
1100 3476 1172 3539 fieri
1185 3470 1329 3539 a'nobis
1362 3478 1417 3539 uia
1460 3478 1502 3541 de
1530 3498 1642 3554 carne,
1669 3489 1702 3540 et
1723 3480 1849 3563 spiritu,
1864 3479 1913 3544 ¹de
1933 3480 2022 3543 bono
2044 3492 2078 3544 et
2098 3480 2276 3559 meritorio,

603 3564 755 3631 camales
778 3582 903 3638 smnus,
923 3562 1049 3623 miserit
1070 3560 1153 3623 deus
1173 3556 1285 3636 lilium,
1302 3496 1417 3643 utlegi
1460 3572 1493 3625 et
1514 3560 1672 3647 quidquid
1694 3574 1745 3625 est
1766 3563 1919 3627 similium
1940 3584 2112 3649 nugarum,
2133 3575 2171 3629 ut
2189 3564 2277 3629 hanc

603 3645 810 3712 satisfaceret
842 3665 903 3728 per
934 3660 1015 3721 nos,
1047 3642 1123 3705 dum
1156 3662 1256 3707 carne
1287 3645 1416 3721 mortui,
1460 3647 1556 3709 nobis
1577 3644 1672 3709 Pauli
1693 3649 1887 3711 sententiam
1909 3658 2134 3732 extorqueant.
2189 3648 2277 3720 Quid

603 3732 719 3815 spiritu
751 3731 899 3795 visimus.
961 3726 1094 3799 Quaeso
1126 3724 1182 3790 hic
1215 3728 1293 3810 quid
1319 3738 1417 3789 vocat
1461 3732 1546 3793 enim
1569 3728 1691 3792 clarius
1713 3743 1873 3815 estquam
1894 3734 2051 3816 quod¹ait
2066 3732 2192 3797 Paulus
2208 3752 2277 3796 non

604 3834 755 3893 carnem,
784 3814 868 3877 Nam
896 3832 969 3874 cum
995 3808 1106 3891 palam·
1125 3812 1169 3873 sit
1189 3811 1338 3893 spiritum
1359 3830 1417 3874 vo·
1459 3808 1587 3895 impleri
1608 3812 1871 3880 iustificationem
1893 3816 1996 3901 legis,
2018 3818 2082 3880 nisi
2101 3819 2136 3880 in
2157 3818 2198 3880 iis
2219 3817 2275 3900 qui

603 3900 671 3961 cari
692 3899 839 3981 spiritum
861 3906 1010 3958 sanctuni
1038 3894 1162 3958 eteius
1183 3896 1345 3958 motiones
1367 3895 1415 3957 acl
1461 3899 1642 3961 secundum
1677 3899 1826 3979 spiritum
1856 3913 1943 3965 sunt.
1998 3900 2088 3985 Ergo
2121 3902 2177 3985 qui
2208 3920 2277 3964 non

518 3987 546 4027 ¹⁵
600 3979 772 4065 impulsus,
795 3980 1008 4062 consequitur
1028 3978 1217 4042 necessario
1236 3990 1272 4043 ut
1285 3996 1417 4041 carnem
1460 3990 1538 4045 sunt
1557 3979 1682 4064 perfusi
1704 3984 1817 4067 spiritu
1840 3996 1968 4061 sancto,
1990 4005 2056 4048 non
2073 3982 2276 4049 satisfaciunt

603 4084 704 4129 voces
726 4064 882 4148 quidquid
903 4064 937 4125 in
958 4064 1056 4126 nobis
1077 4071 1128 4126 cst
1149 4083 1170 4125 a
1193 4064 1310 4145 spiritu
1341 4082 1416 4126 san·
1459 4060 1537 4149 legi.
1581 4064 1627 4128 At
1645 4062 1754 4151 legem
1774 4088 1840 4131 non
1866 4065 1993 4146 facere,
2015 4070 2093 4154 quid
2114 4067 2204 4133 aliud
2225 4079 2277 4134 est

604 4161 658 4214 cto
680 4147 831 4212 alienum.
876 4146 982 4210 Porro
1012 4148 1200 4229 propositae
1235 4147 1418 4210 sententiae
1460 4169 1558 4233 quam
1589 4151 1750 4232 peccare?
1804 4150 1840 4215 Si
1862 4152 1970 4217 uidem
2005 4164 2178 4237 peccatrun
2201 4150 2206 4199 Ι
2226 4163 2277 4216 est
2379 4223 2387 4238 ,

604 4235 761 4297 rationem
790 4232 896 4294 reddit
923 4226 1123 4313 Apostolus,
1152 4230 1217 4301 Qui
1237 4231 1417 4294 secumdum
1461 4234 1567 4297 omnis
1587 4244 1696 4298 motus
1711 4246 1745 4299 et
1770 4172 1930 4319 tmpdms
1952 4238 2048 4302 animi
2059 4238 2220 4302 adversus
2230 4232 2276 4299 le·
2395 4238 2404 4251 '

604 4336 736 4382 carnem
764 4326 857 4392 sunt,
908 4334 971 4378 uae
999 4315 1107 4379 carnis
1135 4324 1213 4377 sunt
1239 4311 1416 4392 adfectant,
1460 4338 1546 4402 gem.
1650 4326 1653 4331 '
2014 4332 2018 4337 ·

516 4421 548 4460 2⁰
603 4403 659 4486 qui
675 4420 755 4464 vero
767 4336 956 4464 secundum
969 4400 1116 4483 spiritum
1132 4404 1219 4475 sunt,
1238 4418 1322 4482 quae
1340 4408 1416 4462 sunt

603 4486 736 4569 spiritus
769 4484 945 4548 adfectant.
1008 4483 1094 4546 Nam
1123 4481 1274 4546 adfectus
1307 4484 1415 4546 carnis
1501 4483 1645 4547 Proinde
1673 4484 1934 4570 cumSophistae
1952 4490 2082 4567 docent,
2103 4500 2276 4571 peccatum

603 4588 692 4633 mors
714 4578 775 4631 est.
819 4566 980 4631 Adfectus
1002 4578 1110 4631 autem
1139 4567 1272 4649 spiritus
1295 4566 1362 4630 vita
1384 4578 1417 4630 et
1459 4565 1620 4652 originale
1642 4588 1735 4648 esse,
1767 4572 1929 4635 excidisse
1955 4569 2070 4636 favore
2092 4573 2143 4636 dei
2166 4583 2198 4637 et
2220 4592 2275 4639 ca·

604 4673 678 4735 pax.
721 4652 810 4715 Ecce
838 4672 939 4735 quare
961 4650 1028 4735 legi
1050 4671 1116 4715 non
1137 4653 1243 4734 possit
1264 4671 1323 4733 per
1345 4670 1415 4715 car·
1459 4652 1704 4737 rareioriginali
1718 4656 1850 4733 iustitia,
1864 4657 2026 4720 debebant
2041 4657 2174 4735 addere,
2187 4660 2277 4743 qued

485 4754 528 4820 22,
548 4767 570 4801 a
606 4756 680 4800 nem
704 4734 872 4813 satisfieri,
894 4736 978 4808 Quia
1004 4738 1057 4819 qui
1081 4735 1270 4799 secunldum
1285 4755 1415 4799 carnem
1462 4756 1536 4799 curn
1564 4738 1650 4799 absit
1680 4760 1700 4800 a
1721 4741 1788 4803 nob
1800 4740 1829 4801 is
1852 4741 1903 4803 dei
1925 4742 2058 4805 stiritus
2081 4752 2113 4804 et
2143 4743 2274 4806 benedi·

604 4830 692 4895 sunt,
715 4839 800 4903 quae
822 4822 929 4883 carnis
952 4831 1027 4884 sunt
1048 4816 1225 4897 adfectant,
1253 4822 1348 4904 quasi
1370 4821 1416 4883 di·
1460 4822 1537 4899 ctio,
1558 4819 1721 4885 maledicti
1732 4824 1844 4886 simus.
1868 4762 2010 4888 cumlux
2032 4826 2128 4904 absit,
2151 4846 2227 4891 esse
2242 4828 2276 4890 in

605 4913 707 4981 ceret,
739 4922 801 4967 vos
834 4903 1009 4986 pharisaei,
1031 4916 1064 4967 et
1095 4904 1286 4989 hypocritae
1308 4903 1417 4987 legem
1460 4905 1556 4969 nobis
1578 4904 1658 4969 nihil
1678 4907 1739 4969 nisi
1763 4910 1934 4985 tenebras,
1957 4912 2148 4974 coecitatem
2168 4922 2201 4975 et
2225 4932 2274 4977 er·

604 4989 730 5053 viribus
753 4989 872 5051 vestris
895 4988 964 5051 lieri
987 5008 1086 5072 posse
1109 4992 1261 5051 censetis.
1326 4988 1417 5052 Bene
1460 5010 1579 5053 rorem.
1623 4988 1706 5055 Cum
1734 4993 1820 5054 absit
1848 4994 1987 5065 veritas,
2015 4992 2095 5057 nihil
2123 4997 2155 5057 in
2177 4998 2273 5059 nobis

523 5072 539 5112 ⁵
603 5071 798 5155 inspeciem
817 5073 946 5155 operari
967 5074 1128 5150 videmini,
1150 5072 1417 5156 videmininrae·
1461 5093 1536 5137 esse
1557 5076 1619 5137 nisi
1641 5076 1855 5139 mendacium.
1868 5075 1967 5140 tCum
1988 5080 2073 5141 absit
2093 5079 2171 5155 vita,
2194 5078 2274 5143 nihil

607 5156 661 5219 diti
679 5155 908 5238 pulcherrimis
930 5157 1113 5219 virtutibus.
1165 5156 1230 5219 Sed
1250 5176 1289 5220 ea
1311 5157 1418 5220 omnia
1461 5176 1536 5220 esse
1559 5162 1590 5220 in
1606 5161 1701 5221 nobis
1723 5162 1786 5223 nisi
1802 5172 1974 5243 peccatum
1990 5173 2023 5225 et
2039 5174 2192 5226 mortem.
2216 5164 2274 5228 Sic

605 5236 700 5303 fiacus
733 5252 827 5317 sunt,
859 5240 943 5304 Nam
977 5262 1050 5304 cum
1082 5260 1158 5303 caro
1188 5243 1274 5316 sitis,
1307 5252 1418 5305 vestra
1460 5239 1583 5305 Paulus
1614 5246 1761 5324 exponit,
1813 5245 1869 5308 uid
1896 5258 1994 5309 vocet
2015 5244 2102 5308 filios
2132 5250 2210 5324 irae,
2241 5249 2274 5310 in

607 5326 779 5404 quaeritis,
811 5323 866 5387 vel
894 5334 984 5386 metu
1015 5342 1193 5406 poenarum
1224 5323 1279 5387 vel
1307 5343 1417 5387 amore
1461 5326 1607 5389 secundo
1641 5328 1747 5409 capite
1774 5266 1817 5390 ad
1837 5328 2012 5412 Ephesios.
2028 5336 2088 5407 [vs.
2116 5330 2178 5408 3.:]
2232 5330 2275 5393 Et

608 5409 786 5485 commodi,
808 5407 863 5471 vel
885 5406 950 5470 alio
973 5407 1123 5490 quopiam
1142 5406 1264 5469 carnali
1286 5407 1418 5471 adfectu
1461 5428 1523 5471 nos
1552 5430 1666 5475 omnes
1695 5408 1871 5495 aliquando
1894 5414 2079 5477 conversati
2105 5432 2218 5477 sumus
2239 5414 2272 5475 in

607 5488 692 5552 bene
720 5486 825 5554 facitis
855 5492 888 5552 in
912 5492 1064 5591 speciem.
1115 5488 1229 5572 Neque
1257 5488 1326 5552 lieri
1348 5503 1417 5573 pot·
1462 5492 1631 5557 desideriis
1648 5498 1755 5558 carnis
1763 5508 1907 5573 nostrae,
1921 5494 2095 5561 ¹facientes
2113 5495 2270 5566 rotlunta·
2307 5484 2408 5549 (¹⁷2⁸)

524 5573 552 5613 ¹⁰
608 5584 670 5651 est,
692 5582 728 5636 ut
749 5570 844 5637 sitlin
867 5576 961 5638 robis
983 5575 1035 5637 dei
1056 5591 1175 5637 seusus
1192 5570 1322 5655 aliquis,
1344 5593 1417 5639 cum
1460 5586 1528 5640 tem
1550 5579 1669 5655 carnis,
1691 5590 1723 5642 et
1745 5581 1987 5665 cogitationum,
2009 5593 2041 5644 et
2062 5600 2190 5645 eramus
2212 5599 2267 5642 na·
2338 5585 2366 5624 ¹⁵

811 5982 831 6021 Ιι
878 5982 898 6037 'lag
910 5994 935 6029 Ἠ
959 6018 994 6051 ¹⁴'l

849 6068 877 6111 .·.··
902 6054 944 6111 lt*

902 6126 925 6185 s
955 6100 1010 6187 s<
