5859 6734
463 652 526 719 sn
1089 639 1822 712 mumanscnuvmnommnm.
2365 587 2452 712 'sn

464 836 638 920 inquirant.
683 830 761 897 Scio
781 827 904 896 multos
925 828 1030 894 multa
1047 825 1153 894 sutilia
1173 830 1360 896 testhnonia
1380 849 1431 896 re-
1452 840 1457 868 ·
1477 827 1569 893 Haec
1600 829 1765 894 distinctio
1797 829 1880 894 satis
1912 823 2002 894 clare
2083 828 2155 895 bari
2176 839 2288 913 potest
2311 845 2357 894 ex
2375 827 2450 914 ῌ-

466 919 606 984 omitum
638 933 829 1001 congerere.
873 913 941 980 Sed
973 911 1030 978 dili
1072 915 1140 979 ntia
1160 926 1213 979 est
1233 915 1296 998 piis
1316 933 1432 980 neces·
1452 871 1458 967 l
1477 909 1564 978 stola
1584 914 1627 976 nd
1647 913 1836 988 Hebraeos3
1863 910 1954 977 llaec
1976 931 2018 978 en
2082 913 2180 978 docet
2200 921 2331 978 tantm
2352 933 2451 980 unu

466 1003 564 1080 saria,
597 1002 785 1066 discernere
816 998 918 1064 notha
938 1020 980 1063 ac
1000 933 1183 1064 adillterina
1203 1001 1391 1065 testimonia
1410 1021 1433 1064 a
1476 998 1510 1060 in
1543 997 1663 1062 mundo
1696 997 1960 1081 Propitiatorium
1986 995 2192 1062 Sacrificium
2222 993 2342 1061 fuisse.
2387 995 2449 1062 lle-

465 1087 563 1151 veris.
595 1085 787 1149 Retineatur
807 1103 889 1170 ergo
910 1103 982 1149 mos
1004 1079 1228 1168 Apostolicua
1249 1085 1305 1168 qui
1325 1102 1432 1150 annos
1475 1079 1657 1165 linquituri
1682 1081 1756 1159 tur,
1780 1092 1890 1145 cetera
1912 1081 2021 1144 omnia
2042 1099 2118 1145 esse
2140 1099 2254 1165 opera,
2276 1082 2314 1144 in
2331 1081 2449 1164 quibu

466 1172 596 1236 circiter
622 1178 790 1234 trecemos
822 1169 856 1232 in
876 1166 1030 1235 Ecclesia
1053 1168 1130 1232 inde
1150 1187 1257 1252 usque
1276 1169 1320 1232 ab
1341 1167 1432 1252 Apo-
1476 1163 1653 1230 reconcilia
1699 1165 1914 1231 obedientiam
1936 1162 2106 1230 declarare
2123 1165 2307 1230 debuerint.

466 1251 563 1318 stolis
594 1253 725 1331 mansit,
754 1251 931 1317 recitentur
961 1255 1035 1338 piae
1065 1250 1235 1330 lectiones,
1267 1251 1432 1317 erudiatur
1562 1248 1667 1313 Porro
1688 1249 1720 1312 in
1742 1249 1804 1313 has
1825 1250 1908 1313 duas
1929 1249 2069 1332 species,
2087 1268 2170 1332 quas
2192 1248 2275 1326 dixi,
2293 1247 2443 1316 aaran

465 1334 607 1423 populus
624 1335 761 1402 salutari
782 1337 951 1415 concione,
973 1336 1053 1400 fiant
1073 1337 1292 1420 precadones,
1315 1337 1432 1402 deinde
1476 1345 1617 1417 possunt
1649 1333 1758 1397 omnia
1779 1332 1928 1398 Levitica
1955 1331 2117 1397 sacrificia
2148 1345 2310 1417 tanquam
2333 1335 2368 1396 in
2388 1352 2446 1398 sna

466 1422 643 1486 recitentur
659 1423 762 1486 verba
783 1418 906 1484 Christi
927 1423 968 1485 de
991 1419 1115 1500 Coena,
1136 1431 1170 1485 et
1184 1419 1432 1488 Sacramentum
1478 1416 1651 1482 domicilia.
1695 1416 1896 1481 Dicebantur
1922 1418 2007 1481 enim
2028 1417 2190 1500 quaedam
2210 1418 2246 1480 in
2268 1415 2352 1501 lege
2369 1416 2443 1482 Pro·

466 1505 680 1570 distribuatur
700 1502 742 1568 ali
766 1515 825 1569 not
843 1505 907 1590 piis
924 1502 1106 1590 exploratis
1126 1505 1324 1588 petentibus,
1344 1505 1433 1570 dein·
1477 1502 1642 1585 pitiatoria
1674 1499 1836 1565 sacrificia
1866 1511 2001 1585 propter
2032 1499 2306 1583 significationem
2329 1520 2385 1566 seu
2403 1504 2443 1566 si·

467 1591 509 1653 de
529 1589 656 1654 dicatm
737 1524 855 1654 clarum
874 1591 973 1655 actio.
1004 1589 1076 1654 Nec
1098 1587 1179 1656 fiant
1197 1591 1347 1674 privatae
1367 1590 1433 1654 siu-
1478 1582 1708 1664 militudinem,
1750 1604 1817 1648 non
1882 1586 1948 1650 nod
1985 1595 2186 1649 mererentur
2218 1584 2446 1651 remissionem

467 1669 621 1762 gulornm
641 1673 684 1736 ob
697 1673 834 1738 ationes.
1478 1681 1690 1752 peccatorum
1716 1688 1828 1733 coram
1888 1689 1947 1747 eo,
1969 1670 2029 1734 sed
2050 1670 2126 1751 quia
2146 1668 2387 1754 significabant
2405 1667 2447 1735 io

550 1755 594 1819 Et
628 1757 707 1840 quia
736 1755 821 1822 haec
854 1777 976 1823 caussa
1006 1757 1153 1843 postulat
1184 1756 1434 1844 explicationem
1479 1763 1585 1818 turmn
1597 1752 1766 1820 GllRlSTl
1787 1755 1994 1818 sacrificium.
2039 1751 2192 1818 Ceterum
2214 1754 2259 1816 ibi
2281 1755 2449 1818 merebu-

467 1840 704 1917 ostendentem,
721 1860 807 1924 quae
828 1860 885 1906 res
906 1843 949 1906 sit
970 1841 1178 1920 sacrificium,
1201 1855 1235 1907 et
1254 1863 1298 1906 an
1314 1843 1434 1908 situna
1479 1849 1532 1902 tur
1564 1839 1789 1902 remissionem
1819 1849 2029 1921 peccatorum
2051 1839 2084 1900 iu
2105 1851 2243 1900 externa
2273 1857 2451 1904 wasers*

393 1991 398 2004 ,
467 1919 695 2007 appellationis
716 1924 810 2002 ratio,
832 1925 981 1991 adiiciam
1002 1925 1090 1992 hanc
1110 1925 1377 2005 declarationem,
1397 1936 1434 1991 ut
1480 1924 1579 2000 tione,
1600 1921 1667 1986 hoc
1688 1933 1750 2001 est,
1772 1940 1814 1985 ne
1833 1919 1880 1985 illi
1903 1921 2154 1986 excluderentur
2176 1941 2217 1984 ex
2238 1917 2362 2002 politia
2384 1922 2450 1986 ido·

468 2025 533 2092 ego
554 2007 684 2089 quidem
706 2008 868 2087 existimo,
891 2013 1127 2076 necessariam.
1479 2007 1542 2092 ysi.
1586 2005 1790 2072 Dicebantor
1821 2007 1931 2090 itaque
1953 2005 2182 2090 Propitiatoria
2213 2023 2278 2089 pro
2300 2019 2451 2087 peccata

1479 2110 1539 2175 pro
1562 2087 1951 2167 delicto‚llolocaustum.
1979 2088 2130 2155 lllavero
2143 2101 2235 2152 erant
2245 2087 2451 2174 εὖχαριστιιιὶ,

1481 2173 1637 2251 Oblatio,
1669 2175 1822 2252 Libatio,
1853 2171 2113 2249 Retributiones,
2146 2171 2333 2251 Primitiae,
2357 2173 2452 2238 Deci-

755 2263 816 2329 DE
834 2263 1145 2341 SACRIF1010.⁴¹)
1481 2277 1565 2324 mae.
1639 2301 1641 2306 -

1566 2343 1635 2408 Sed
1656 2361 1772 2408 revera
1792 2343 1922 2408 unicum
1944 2353 2068 2407 tantum
2089 2345 2122 2406 in
2143 2343 2264 2408 mundo
2289 2341 2354 2408 fuit
2377 2341 2453 2408 Pro-

552 2431 624 2497 Etsi
661 2443 770 2497 autem
823 2433 929 2500 nerile
959 2434 1088 2498 videtur
1119 2430 1283 2498 voeabula
1314 2431 1434 2496 Sacra·
1503 2428 1679 2493 itiatorium
1713 2426 1922 2505 sacrificium,
1955 2425 2109 2492 videlicet
2139 2429 2254 2510 passio
2278 2448 2344 2494 seu
2367 2449 2454 2494 mors

469 2518 568 2580 menti
600 2528 632 2581 et
654 2515 813 2581 Sacrificir
835 2518 1035 2596 discemere‚
1068 2529 1178 2581 tamen
1199 2537 1255 2582 res
1277 2513 1434 2600 postulat,
1480 2451 1614 2590 larisa,
1642 2523 1678 2578 ut
1711 2514 1808 2578 docet
1839 2509 1989 2595 Epistola
2020 2512 2064 2576 ad
2096 2510 2267 2578 llebraeos
2298 2512 2453 2594 [10,4.]:

467 2611 504 2663 ut
534 2602 568 2664 in
600 2601 793 2665 ceremoniis
826 2602 1003 2666 discrimen
1035 2604 1231 2666 observetur
1258 2613 1292 2665 et
1313 2602 1435 2665 diversi
1481 2593 1685 2681 Impossibile
1707 2609 1759 2662 est
1781 2597 1942 2682 sanguine
1963 2608 2131 2661 tauromm
2152 2607 2184 2661 et
2204 2596 2383 2663 hircorum
2403 2618 2454 2662 ar·

468 2681 562 2748 lines.
605 2682 700 2748 Aliae
721 2696 798 2749 sunt
818 2687 914 2833 εἰᾶιιι
935 2696 969 2749 et
989 2697 1088 2750 uotae
1108 2686 1381 2768 promissionum,
1402 2685 1435 2748 in
1481 2678 1560 2746 ferri
1580 2692 1728 2766 peccata.
1771 2679 1814 2745 Et
1830 2679 1929 2764 paulo
1950 2693 2028 2765 post
2048 2681 2191 2762 [vs.10.]
2215 2682 2258 2746 de
2282 2680 2454 2748 voluntate

469 2767 587 2852 qulbus
607 2767 701 2834 Deus
722 2769 818 2833 nobis
873 2769 962 2853 iquid
983 2768 1131 2844 exhibet3
1169 2767 1265 2833 Aliae
1281 2788 1361 2832 vero
1383 2789 1435 2833 ce·
1482 2763 1621 2829 Christi:
1659 2764 1696 2828 ln
1728 2785 1794 2849 qua
1824 2762 1994 2829 voluntate
2026 2764 2222 2830 sanctificati
2254 2785 2376 2832 smnus
2398 2785 2454 2852 per

468 2853 633 2917 maroniae
649 2870 715 2916 non
737 2862 815 2917 sunt
834 2855 968 2936 proprie
978 2854 1075 2939 signa
1084 2853 1354 2938 promissionum,
1375 2854 1436 2918 sed
1482 2847 1681 2914 oblationem
1702 2848 1851 2932 corporis
1873 2848 1995 2914 Christi
2016 2848 2119 2914 semel
2140 2861 2202 2914 etc.

469 2953 579 3017 opera,
600 2955 685 3021 quae
706 2955 768 3001 nos
790 2935 865 3002 Deo
882 2938 1058 3002 reddimus.
1566 2932 1649 2997 Nam
1671 2936 1756 3010 et⁴²)
1779 2932 1930 2998 Christus
1954 2936 2025 3017 ipse
2046 2954 2141 2999 suum
2163 2933 2376 3002 Sacrificium
2396 2955 2453 3019 pro

552 3018 697 3085 Haecin
720 3022 914 3086 ceremoniis
937 3021 1122 3086 discrimina
1143 3040 1282 3087 necesse
1304 3032 1357 3085 est
1377 3022 1435 3086 ob·
1482 3019 1577 3082 nobis
1598 3015 1757 3102 applicat,
1780 3038 1855 3081 cum
1894 3037 1932 3082 ro
1954 3020 2051 3084 nobis
2074 3030 2156 3083 orat.
2200 3020 2452 3099 loan.17.[vs

467 3121 623 3182 servare,
654 3105 904 3190 quibuscunque
930 3106 1062 3171 tandem
1094 3103 1265 3171 vocabulis
1297 3116 1434 3170 utamur.
1481 3103 1549 3182 id]
1583 3101 1648 3167 Pro
1681 3103 1730 3166 eis
1762 3039 1933 3167 sanctiilco
1965 3125 2017 3167 me
2048 3105 2172 3188 ipsmn,
2192 3113 2230 3167 ut
2250 3104 2320 3168 sint
2338 3119 2373 3168 et
2393 3105 2453 3189 ipsi

467 3187 510 3250 Et
530 3188 683 3272 quoniam
703 3187 788 3254 haec
814 3188 978 3256 vocabula
999 3188 1201 3254 Sacramenti
1223 3201 1256 3255 et
1275 3189 1435 3256 Sacrificii
1482 3185 1677 3254 sanctificati
1696 3188 1729 3250 in
1750 3189 1906 3263 ver-itate3
1926 3207 1993 3252 non
2015 3207 2075 3271 pro
2097 3189 2266 3252 eisautem
2278 3208 2365 3275 rogo
2383 3199 2452 3253 tan·

467 3272 501 3334 in
532 3289 596 3336 usu
612 3285 706 3352 sunt,
732 3294 794 3338 nos
816 3293 948 3359 quoque
970 3295 1010 3338 ea
1030 3274 1252 3340 retinebimus.
1296 3273 1356 3339 Est
1376 3275 1435 3340 ita·
1482 3285 1559 3356 tum,
1582 3272 1644 3336 sed
1665 3283 1698 3336 et
1718 3292 1779 3355 pro
1802 3272 1858 3347 iis,
1880 3272 1936 3418 (tui
1958 3272 2111 3336 credituri
2132 3283 2210 3336 sunt
2255 3292 2296 3336 er
2317 3274 2453 3339 verbum

468 3375 532 3439 que
542 3353 792 3424 Sacramentum
814 3359 1011 3438 ceremonia,
1031 3378 1117 3443 quae
1139 3370 1190 3423 est
1210 3361 1339 3446 signum
1360 3379 1435 3441 pro·
1482 3377 1595 3421 eorum
1616 3357 1650 3418 in
1670 3373 1733 3418 me.
1778 3355 1867 3421 Ecce
1912 3375 1972 3420 aec
1993 3367 2070 3420 snnt
2090 3358 2195 3420 nostri
2246 3358 2386 3422 ontificis
2407 3376 2450 3420 ac

467 3435 656 3518 missionis,¹
673 3459 736 3524 per
809 3443 852 3508 od
873 3441 965 3508 Deus
998 3440 1120 3527 aliquid
1151 3445 1248 3508 nobis
1280 3443 1436 3528 promittit
1482 3439 1672 3506 Sacerdotis
1704 3440 1816 3517 verba,
1848 3441 1967 3524 quibus
1999 3459 2037 3504 se
2056 3461 2118 3525 pro
2140 3452 2208 3505 tota
2229 3437 2378 3506 Ecclesia
2398 3436 2448 3504 oi·

467 3532 527 3586 ant
557 3522 697 3588 exhibet.
741 3523 770 3591 C
798 3527 956 3592 cumcisio
988 3538 1059 3592 erat
1079 3527 1219 3612 signum,
1252 3548 1318 3611 quo
1339 3524 1434 3611 polli·
1481 3521 1594 3590 fertac
1628 3545 1666 3588 ro
1688 3544 1728 3587 ea
1750 3534 1834 3603 orat,
1858 3546 1942 3609 quae
1964 3545 2094 3609 semper
2114 3528 2147 3589 in
2170 3535 2356 3609 conspectu
2374 3525 2453 3588 etin

468 3607 606 3670 cebatur
625 3605 719 3673 Dens
739 3627 779 3674 se
798 3611 948 3696 recipere
976 3614 1199 3676 circumcisos.
1242 3611 1434 3697 Baptismus
1481 3611 1589 3674 animo
1656 3611 1737 3673 bere
1760 3610 1927 3675 debemus.
1964 3610 2088 3673 lesaias
2111 3611 2208 3673 etiam
2219 3611 2454 3694 interpretatur

465 3689 597 3776 signum
619 3701 681 3772 est,
704 3693 792 3779 quod
812 3693 907 3760 Dens
927 3697 1098 3762 nobiseum
1115 3697 1230 3780 agitet
1245 3697 1361 3780 recipit
1372 3715 1435 3759 nos
1480 3694 1508 3757 L
1552 3713 1614 3771 em,
1637 3705 1673 3758 ut
1693 3694 1838 3759 sciamns
1859 3704 1995 3757 mortem
2013 3692 2183 3759 CHRlSTl
2205 3714 2285 3759 vere
2308 3713 2387 3758 esse
2404 3713 2453 3756 sa·

467 3773 661 3860 ingratiam
682 3789 715 3842 et
759 3779 831 3844 nasi
847 3781 992 3864 baptizat
1013 3800 1075 3843 nos
1093 3781 1180 3862 ipse;
1196 3779 1280 3844 Nam
1290 3780 1435 3843 minister
1482 3779 1523 3842 tis
1538 3777 1698 3842 actionem
1725 3797 1787 3860 pro
1842 3778 1963 3842 coeatis
1996 3779 2118 3842 nostris
2140 3798 2262 3842 senex
2287 3778 2455 3852 lationem,

468 3858 512 3922 ba
534 3859 612 3925 tizat
642 3861 716 3927 viee
775 3862 881 3928 hristi-
934 3862 1139 3928 Sacrificium
1171 3876 1224 3928 est
1252 3864 1436 3929 ceremonia
1481 3883 1549 3927 non
1582 3864 1783 3925 ceremonias
1855 3864 1919 3948 gis.
1973 3862 2084 3936 Quare
2114 3863 2216 3947 inquit
2250 3800 2302 3926 (la
2327 3863 2373 3928 ite
2404 3861 2454 3926 53

467 3961 491 4005 v
543 3961 629 4026 opus
648 3957 810 4024 nostrum,
832 3948 921 4032 quod
937 3965 1000 4014 nos
1011 3947 1087 4012 Deo
1109 3948 1287 4026 reddimus,
1304 3959 1341 4010 ut
1362 3967 1435 4010 eum
1483 3955 1545 4026 [vs.
1581 3946 1644 4025 104
1678 3945 1856 4031 Postquam
1886 3947 2012 4012 dederit
2032 3947 2171 4012 animam
2193 3965 2287 4010 suam
2340 3949 2454 4012 ostiam

467 4023 596 4090 honore
616 4025 809 4108 afficiamus,
825 4029 892 4096 hoc
913 4042 975 4109 est,
991 4042 1149 4096 testamur
1165 4050 1228 4095 uos
1250 4050 1435 4117 agnoscere
1482 4052 1542 4116 pro
1574 4028 1714 4108 delictis,
1747 4032 1869 4096 ridebit
1899 4051 2010 4096 semen
2042 4030 2240 4116 longaevum
2260 4042 2342 4109 etc,
2364 4032 2454 4117 quasi

468 4107 557 4174 hunc
577 4111 697 4196 ipsum,
717 4115 771 4178 cui
790 4111 878 4178 hanc
900 4115 1117 4180 obedientiam
1137 4127 1356 4199 praestamus,
1379 4135 1435 4180 ve·
1485 4117 1589 4180 dicat:
1613 4112 1688 4178 Alia
1708 4114 1818 4180 hostia
1835 4129 1948 4194 restat,
1970 4136 2055 4201 quae
2077 4137 2155 4181 vere
2174 4113 2267 4180 tollet
2276 4129 2453 4200 peccatum

469 4211 508 4258 re
538 4205 616 4260 esse
635 4193 755 4275 Deum,
786 4198 926 4284 ideoque
957 4219 1020 4264 nos
1053 4201 1082 4263 ei
1109 4199 1195 4265 hanc
1218 4199 1436 4265 obedientiam
1483 4212 1516 4264 et
1533 4211 1680 4265 mortem.
1707 4198 1797 4285 Ergo
1809 4203 1893 4266 istac
1904 4203 2026 4265 usitate
2039 4202 2242 4265 ceremoniae
2252 4221 2323 4264 non
2336 4198 2454 4266 tollunt

468 4289 647 4362 praestare.
1481 4283 2287 4369 peccatumetmortem.Paulushancsententiam
2301 4284 2454 4353 reddidit·

553 4363 639 4430 Sunt
674 4377 787 4433 antem
805 4367 966 4436 sacrificii
998 4371 1129 4454 species
1149 4371 1318 4453 proximae
1340 4370 1434 4447 duae,
1482 4369 1687 4453 cumiuquit:
1700 4368 2107 4434 Factusestmaledictum.
2130 4371 2226 4434 ltem:
2245 4369 2298 4432 De
2311 4383 2455 4452 peccato

469 4465 532 4512 nec
564 4461 642 4516 sunt
665 4448 784 4536 plures
831 4451 1006 4526 Quoddam
1027 4464 1078 4518 ast
1099 4453 1305 4519 Sacrificium
1325 4453 1435 4538 propi·
1482 4455 1647 4519 damnavit
1692 4465 1848 4530 eccatum,
1870 4455 1902 4516 id
1925 4466 1988 4530 est,
2009 4466 2181 4537 peccatum
2203 4455 2333 4536 punivit
2356 4468 2391 4519 et
2401 4454 2454 4519 de·

376 4572 379 4576 -
467 4531 642 4612 tlatorlum,
663 4534 815 4601 videlicet
834 4556 937 4620 epm,
960 4540 1047 4622 quod
1068 4549 1213 4604 meretur
1229 4536 1303 4603 aliis
1321 4539 1434 4603 remis·
1481 4537 1561 4604 levit
1592 4559 1652 4621 per
1702 4539 1819 4603 ostiam
1840 4557 1899 4621 pro
1923 4552 2069 4622 peccato.
2113 4539 2219 4622 lpsam
2241 4538 2332 4602 enirn
2355 4537 2454 4604 hosti·

468 4617 594 4682 sionem
614 4619 732 4706 cnlpae
752 4630 786 4684 ct
811 4639 939 4704 poenae
959 4635 1111 4688 aeternae
1133 4642 1193 4687 seu
1215 4642 1299 4707 opus
1320 4643 1435 4702 recon·
1481 4645 1534 4688 am
1555 4622 1697 4687 llebraei
1728 4632 1899 4705 peccatum
1931 4643 1993 4686 seu
2024 4621 2177 4688 delictum
2198 4635 2337 4699 vocant,
2373 4625 2456 4688 sicut

469 4697 586 4766 cilians
606 4703 714 4770 Deam
746 4715 779 4769 et
804 4703 944 4790 placans
965 4709 1044 4772 iram
1065 4705 1128 4771 Dei
1150 4727 1211 4791 pro
1233 4706 1306 4772 aliis
1329 4719 1361 4771 et
1382 4727 1436 4770 sa·
1482 4707 1589 4772 Latini
1611 4705 1786 4790 piaculum.
1830 4705 2014 4772 'l'eneamus
2036 4710 2135 4795 igitur
2157 4707 2233 4784 boc,
2255 4703 2366 4772 fuisse
2387 4709 2456 4773 uni·

469 4779 683 4855 tisiactorlum
713 4809 776 4872 pro
810 4789 908 4874 culpa
941 4802 972 4853 et
1002 4811 1109 4875 poena
1130 4803 1275 4855 aeterna.
1319 4790 1436 4855 Altera
1483 4813 1557 4858 cum
1589 4804 1712 4857 tantum
1743 4791 1777 4855 in
1808 4793 1927 4858 mundo
1960 4794 2154 4858 sacrificimn
2175 4791 2456 4876 Propitiatoriurn.

468 4871 600 4954 species
620 4883 672 4934 est
692 4871 897 4939 Sacrificium
918 4874 1135 4960 εὔχαρισιικὸν,
1169 4877 1257 4962 quod
1283 4896 1349 4939 nou
1371 4895 1438 4940 me·
1482 4877 1567 4942 Nam
1587 4873 1655 4951 illa,
1671 4894 1755 4958 quae
1777 4876 1810 4939 iu
1827 4874 1875 4941 Le
1941 4880 2132 4944 dicebantur
2152 4878 2406 4961 Propitiatoria,
2423 4889 2459 4942 nt

469 4963 558 5017 retur
579 4956 802 5021 remissionem
822 4971 1035 5061 peccatorum
1056 4972 1113 5024 aut
1128 4958 1438 5037 reconciliationem,
1483 4964 1560 5038 dixi,
1577 4973 1713 5045 propter
1730 4957 1968 5027 similitudmem
1990 4965 2039 5027 sic
2056 4966 2276 5039 vocabantur,
2309 4964 2458 5051 ideoque

469 5039 529 5102 sed
562 5035 599 5101 iit
640 5041 914 5121 areconcilratis‚
947 5054 982 5108 ut
1002 5063 1062 5128 pro
1085 5057 1222 5129 accepta
1243 5045 1438 5109 remissione
1482 5045 1606 5112 abolita
1637 5057 1725 5122 sunt,
1757 5057 1932 5131 postquam
1955 5045 2105 5111 Christus
2137 5047 2300 5131 apparuit·
2348 5049 2459 5116 Porro

468 5132 682 5204 peccatoram
703 5135 736 5186 et
755 5144 817 5208 pro
839 5125 913 5191 aliis
936 5127 1101 5193 beneficiis
1116 5128 1190 5194 Deo
1212 5131 1335 5214 gratias
1357 5148 1436 5214 aga·
1483 5151 1557 5196 cum
1578 5127 1795 5214 Evangelium
1827 5132 1901 5196 ideo
1928 5132 2124 5215 promissum
2146 5134 2199 5210 sit,
2220 5145 2257 5196 ut
2279 5129 2460 5202 exhiberet

469 5225 542 5270 mus
563 5225 625 5270 seu
647 5209 784 5291 gratiam
805 5207 988 5276 referamus
1014 5210 1077 5276 hac
1098 5224 1217 5278 nostra
1239 5213 1434 5278 obedientia.
1482 5234 1595 5279 veram
1605 5215 1876 5297 propitiationem,
1897 5233 2038 5280 necesse
2049 5229 2101 5279 est
2123 5217 2332 5282 ceremonias
2358 5218 2461 5286 Levi·

1488 5364 1683 5374 ...-———-

470 5477 516 5542 ιι)
535 5481 611 5532 aaa
628 5480 835 5544 memnonem
852 5481 986 5535 meant
1001 5483 1074 5536 arra
1096 5486 1167 5534 14
1185 5488 1210 5538 o.
1229 5486 1254 5536 ι.
1272 5485 1297 5536 ι.
1480 5487 1527 5546 ιι)
1544 5486 1580 5549 et]
1597 5486 1671 5540 aaa
1692 5491 1731 5541 ιι.
1752 5489 1793 5538 ιο.
1812 5488 1853 5536 ιι.
1873 5489 1914 5536 ιι.
1932 5490 1973 5538 ιι.
1993 5491 2033 5537 ιι.
2052 5488 2170 5544 ar-as.,
2188 5488 2249 5551 opp.
2271 5491 2295 5536 1.
2317 5492 2343 5542 ι.
2362 5503 2394 5546 ur
