5859 6734
518 676 580 740 431
1148 677 1257 742 PiltL.
1278 679 1382 747 MEL.
1404 681 1590 749 SCRIPTA
1610 685 1884 756 DOGMATICA.
2445 699 2510 766 4³2

520 874 573 926 ter·
607 861 702 924 nobis
738 863 897 942 propitius
926 875 988 924 est.
1044 861 1100 927 Sic
1128 865 1226 927 docet
1255 864 1396 943 Paulus,
1421 890 1494 932 eum
1537 869 1730 935 inlimritatis
1752 891 1842 938 suae.
1887 874 1938 937 Ac
1960 889 2134 960 postquam
2152 875 2217 941 hoc
2239 880 2337 942 modo
2357 894 2389 943 et
2407 903 2508 968 agno·

522 949 566 1010 ait
589 945 696 1022 [Rom.
718 945 751 1023 8,
776 948 836 1022 lq:
876 943 974 1010 Nulla
996 967 1083 1042 nunc
1104 949 1333 1012 condemnatio
1358 965 1408 1014 est
1429 951 1494 1028 his,
1537 954 1659 1018 scimus
1680 953 1897 1022 infirmitatem
1919 971 2077 1036 rtttstram,
2102 970 2134 1023 ct
2152 962 2215 1025 lide
2232 963 2507 1044 apprehendimus

522 1033 577 1114 qui
599 1026 817 1120 ambulantia
839 1027 983 1094 Christo.
1028 1032 1103 1094 hon
1121 1034 1164 1095 ait
1189 1053 1247 1094 eos
1266 1035 1337 1097 sine
1354 1049 1494 1116 peccato
1538 1036 1852 1118 reconciliationem,
1881 1057 1996 1124 postea
2025 1046 2167 1128 dignitas
2198 1067 2331 1126 operum
2358 1070 2424 1112 non
2455 1065 2509 1116 est

522 1134 611 1190 esse,
629 1115 688 1176 scd
707 1133 774 1176 non
797 1114 941 1178 danmari
959 1137 1018 1178 eos
1041 1118 1155 1198 inquit,
1179 1119 1253 1198 quia
1275 1119 1337 1180 iam
1359 1121 1423 1182 sint
1446 1115 1494 1182 l'a-
1537 1121 1757 1196 extenuanda3
1802 1144 1876 1187 nam
1915 1129 2077 1208 scriptura
2110 1130 2203 1190 ctiam
2237 1130 2323 1194 lranc
2354 1133 2507 1198 iustitiam

522 1202 565 1263 cti
586 1197 644 1262 filii
664 1210 800 1280 propter
822 1197 997 1263 Ciuistum.
1042 1198 1231 1276 ltemlibid.
1254 1199 1287 1279 6,
1312 1202 1494 1280 lapiton
1536 1222 1670 1286 operum
1692 1205 2021 1272 honorificentissime
2043 1213 2206 1292 praedicat
2229 1215 2261 1277 in
2286 1219 2419 1280 sanctis

521 1285 602 1346 estis
625 1285 687 1346 snb
710 1281 798 1366 lege,
821 1283 882 1346 sed
905 1287 966 1346 sab
989 1285 1113 1366 gratia3
1157 1285 1188 1346 id
1211 1298 1280 1360 est,
1310 1307 1494 1370 quanquam
1621 1287 1763 1352 l'rimmn
1811 1293 1895 1354 enim
1936 1296 2119 1358 necessitas
2160 1299 2397 1364 consideranda
2441 1315 2505 1366 est.

520 1389 587 1431 nan
610 1366 801 1431 satisfacitis
823 1365 908 1452 legi,
931 1383 1037 1432 tamen
1060 1388 1126 1430 non
1149 1383 1284 1434 accusat
1307 1390 1384 1446 vos,
1419 1375 1494 1454 quia
1536 1370 1674 1454 Oportet
1696 1376 1781 1436 enim
1803 1373 1899 1437 lidcm
1921 1378 1952 1438 in
1975 1379 2070 1440 nobis
2094 1380 2235 1442 assiduis
2264 1385 2441 1460 exercitiis,
2471 1387 2503 1448 in

520 1455 584 1516 iam
607 1453 686 1514 estis
709 1450 774 1514 srlii.
818 1450 859 1513 Et
881 1452 913 1516 in
936 1451 1064 1514 Galatis
1088 1452 1132 1528 13,
1156 1451 1238 1531 tat:
1267 1451 1419 1517 Cluistus
1442 1475 1492 1516 re·
1535 1456 1756 1533 invocatione,
1796 1461 2011 1538 poenitentia,
2044 1461 2196 1542 periculis
2235 1485 2397 1530 crescere.
2454 1469 2504 1532 lta

521 1538 620 1600 demit
648 1556 711 1599 nos
739 1537 780 1598 de
808 1533 983 1599 rrtaledicto
1013 1535 1114 1620 legis,
1142 1537 1310 1615 videlicet,
1332 1538 1403 1600 Lex
1424 1559 1492 1602 non
1536 1541 1657 1602 erescit
1679 1543 1807 1604 novitas
1830 1541 2024 1624 spiritantlis;
2047 1548 2088 1608 dc
2111 1567 2174 1628 qna
2196 1547 2317 1613 Paulus
2333 1551 2434 1634 inquit
2458 1553 2501 1628 12.

520 1633 656 1686 accusat
687 1639 767 1696 nos,
804 1633 978 1703 postquam
1006 1620 1070 1684 tide
1100 1622 1301 1686 reconciliat-i
1332 1622 1491 1686 habemus
1536 1620 1610 1687 Cor.
1634 1623 1666 1699 5,
1688 1623 1749 1702 34:
1778 1627 1973 1708 superindui
1996 1629 2233 1709 desiderantes,
2256 1635 2412 1716 siquidem
2435 1655 2503 1700 non

519 1704 625 1770 Deum
646 1705 831 1786 propitium.
877 1703 943 1768 lam
966 1707 1076 1790 cogita
1098 1718 1252 1790 quantana
1274 1708 1316 1770 sit
1338 1706 1491 1771 benefici·
1535 1709 1612 1770 nudi
1643 1708 1853 1790 reperiernm.
1901 1710 2029 1775 Deinde
2062 1717 2123 1775 etsi
2155 1734 2215 1796 per
2247 1719 2502 1782 misericortham

519 1811 590 1867 um,
645 1803 744 1855 nanta
766 1791 1002 1866 misericordia,
1060 1803 1178 1853 attritus
1199 1812 1292 1855 amor
1313 1811 1396 1876 erga
1416 1811 1491 1867 nos,
1534 1801 1670 1874 propter
1691 1790 1857 1858 Christum
1884 1815 2025 1878 persona
2053 1796 2151 1862 habet
2179 1802 2404 1865 remissionem
2428 1822 2504 1884 pec·

520 1876 608 1958 quod
665 1893 725 1937 ens
754 1871 836 1937 haec
867 1875 985 1958 esigua
1012 1811 1121 1938 allicio
1149 1887 1182 1938 et
1204 1875 1290 1939 banc
1312 1887 1362 1938 tot
1384 1877 1490 1938 modis
1535 1885 1700 1954 catorum,
1734 1887 1767 1940 et
1788 1891 1838 1942 cst
1860 1881 1961 1956 iusta,
1984 1881 2014 1942 id
2038 1897 2105 1958 est,
2128 1896 2276 1966 accepta,
2299 1897 2333 1948 ut
2356 1885 2433 1962 divi,
2455 1899 2503 1950 ta·

520 1961 771 2022 contaminatam
793 1959 1020 2034 obedientiam,
1042 1970 1150 2021 tamen
1167 1961 1345 2040 approbat3
1368 1971 1401 2022 et
1422 1961 1490 2042 qui-
1535 1978 1607 2022 nren
1629 1957 1711 2024 haec
1736 1981 1866 2044 quoque
1895 1983 2027 2044 operum
2050 1967 2171 2030 iustitia
2195 1971 2385 2034 necessario
2407 1973 2503 2055 sequi

520 2042 594 2106 dem
623 2055 719 2107 ornat
749 2041 990 2106 honestissimis
1015 2039 1167 2105 laudibus
1189 2065 1231 2106 ac
1253 2045 1422 2124 praemiis,
1455 2055 1491 2106 ut
1534 2042 1639 2108 debet.
1694 2043 1756 2108 Est
1796 2049 1880 2111 enim
1906 2049 2092 2112 mandatum
2118 2050 2199 2128 Dei,
2235 2067 2269 2114 ut
2297 2064 2502 2135 praestemus

519 2140 636 2211 postca
664 2127 780 2191 dicam.
837 2127 910 2190 lluc
939 2127 1081 2208 pertinet
1107 2128 1227 2190 dicttmr
1256 2125 1349 2190 Pauli
1382 2127 1488 2204 {Rom
1534 2125 1619 2190 banc
1649 2129 1883 2208 obedientiam,
1916 2136 1992 2216 quia
2024 2131 2175 2196 Christus
2209 2133 2298 2199 clare
2325 2140 2435 2220 praeci
2460 2141 2501 2202 a:

519 2211 551 2291 3,
573 2211 655 2290 314:
688 2211 814 2295 Legem
835 2210 1017 2274 stabilimus
1039 2231 1099 2292 per
1120 2211 1236 2287 lidem3
1266 2214 1361 2295 quasi
1382 2213 1487 2275 dicat:
1533 2211 1631 2296 Agite
1654 2215 1892 2294 poenitentiam.
1938 2217 1990 2279 Ac
2012 2219 2041 2278 si
2063 2219 2134 2300 quis
2157 2217 2211 2281 lric
2233 2220 2391 2303 disputat,
2413 2159 2500 2286 ullro

520 2297 604 2369 Quia
616 2315 711 2361 nemo
729 2294 794 2380 legi
812 2293 983 2372 satisfacit,
1005 2295 1079 2359 ideo
1098 2297 1174 2378 quia
1195 2317 1260 2359 non
1279 2309 1355 2359 sunt
1373 2317 1489 2360 recon-
1533 2297 1605 2359 sinc
1626 2299 1777 2361 mandato
1799 2297 1883 2363 haec
1904 2299 1975 2363 iicri
1996 2303 2028 2364 in
2052 2304 2228 2379 renovatis,
2250 2305 2278 2366 is
2325 2325 2360 2367 er
2376 2327 2428 2370 me
2447 2329 2500 2370 sa·

520 2379 619 2445 ciliati
648 2381 729 2458 tide,
759 2382 885 2444 etiamsi
912 2377 1019 2464 aliqua
1045 2378 1129 2466 legis
1152 2401 1252 2464 opera
1273 2379 1413 2454 faciunt,
1440 2392 1489 2443 ta·
1532 2399 1574 2444 ne
1604 2379 1784 2445 delectetur
1811 2382 1995 2448 huiusmodi
2025 2385 2251 2468 ἀκριβολογίας.
2295 2327 2367 2470 hgo
2395 2411 2415 2452 a
2443 2413 2501 2455 vo·

519 2487 594 2530 men
615 2487 682 2530 non
726 2477 843 2530 ossunt
864 2464 938 2528 Deo
961 2462 1112 2546 placere3
1135 2485 1265 2547 semper
1286 2467 1371 2529 enim
1391 2486 1489 2528 acca·
1533 2462 1651 2528 cabulo
1679 2469 1845 2550 praecepti
1873 2488 1932 2532 cur
1953 2468 2165 2548 abhorream,
2195 2490 2260 2534 non
2285 2475 2398 2550 video,
2427 2495 2500 2538 cum

519 2561 635 2614 santur
654 2571 676 2612 a
696 2487 791 2634 llege,
819 2561 850 2613 et
877 2560 1008 2613 ntanent
1031 2551 1064 2611 in
1086 2549 1289 2613 dubitatione
1309 2571 1350 2614 uc
1373 2549 1490 2632 despe·
1535 2561 1567 2612 et
1590 2547 1739 2614 Christus
1770 2552 1857 2614 dicat
1881 2552 1961 2628 {loia
1986 2553 2036 2632 15,
2060 2553 2137 2631 lat:
2182 2554 2371 2619 blandatunr
2393 2577 2500 2622 nteum

518 2637 652 2700 ratione.
696 2633 764 2698 Sed
785 2644 852 2698 tum
874 2635 1003 2698 demmn
1024 2631 1133 2716 placet
1155 2635 1356 2710 obedientia,
1389 2653 1490 2717 quan·
1533 2645 1594 2696 est.
1638 2633 1680 2698 Et
1707 2633 1831 2699 Pardus
1859 2635 1964 2710 lllom.
1994 2637 2026 2714 8,
2052 2637 2132 2716 lat:
2173 2637 2350 2704 Debitores
2373 2659 2498 2706 sumus.

543 2740 617 2784 uam
638 2717 842 2802 imperfecta,
907 2727 1038 2801 stqaam
1059 2716 1123 2780 lide
1145 2717 1346 2783 reconciliati
1364 2738 1488 2782 sumus.
1532 2715 1710 2782 Praeterea
1731 2731 1821 2782 tanta
1844 2724 2024 2784 necessitas
2048 2734 2111 2799 est,
2139 2734 2174 2786 ut
2197 2721 2286 2786 clare
2308 2725 2395 2787 dicat
2416 2723 2500 2790 l'au·

517 2741 594 2869 llon
615 2803 714 2890 igitar
734 2801 845 2868 abolet
889 2802 950 2866 des
971 2799 1097 2886 legem,
1126 2803 1186 2866 sed
1216 2801 1334 2878 eflicit,
1362 2813 1398 2864 ut
1419 2801 1490 2883 pla·
1531 2798 1584 2864 lus
1607 2802 1647 2865 de
1669 2800 1837 2880 adulteris,
1859 2807 2110 2882 scortatoribus,
2132 2805 2302 2872 homicidis
2325 2820 2386 2872 etc.
2412 2807 2499 2883 llial.

519 2897 603 2953 caat.
647 2886 826 2952 Praeterea
856 2906 900 2950 ne
932 2887 1064 2970 quidem
1095 2889 1254 2968 praestari
1291 2884 1422 2950 dilectio
1456 2898 1489 2949 et
1531 2885 1563 2962 5,
1584 2885 1666 2966 hit:
1691 2885 1753 2958 Qui
1775 2885 1850 2950 talia
1872 2901 1983 2972 agunt,
2005 2888 2155 2974 Regnum
2178 2890 2241 2954 Dei
2262 2912 2329 2956 non
2350 2894 2499 2974 posside-

517 2993 599 3038 vera
620 2973 732 3038 cordis
753 2971 940 3036 obedientia
962 2982 1089 3054 potest,
1113 2973 1174 3034 nisi
1197 2972 1299 3034 corda
1320 2971 1412 3052 prius
1434 2991 1488 3032 ac·
1531 2972 1621 3032 bunt.
1666 2971 1838 3035 Postremo
1860 2972 2019 3035 aeolides
2037 2985 2148 3056 potest
2165 2977 2305 3038 existere
2322 2997 2395 3040 cum
2415 2975 2501 3040 mala

519 3059 641 3142 cipiunt
664 3054 943 3132 consolationem,
976 3069 1009 3118 et
1031 3055 1167 3119 credant
1189 3057 1250 3118 sibi
1274 3055 1390 3118 remitti
1411 3074 1488 3136 pec-
1532 3057 1744 3132 conscientia,
1779 3057 1853 3138 quia
1874 3056 1957 3121 fides
1980 3069 2031 3120 est
2057 3057 2192 3136 fiducia,
2221 3058 2308 3143 quod
2335 3059 2428 3122 Deus
2456 3065 2500 3124 sit

519 3155 603 3209 cata.
646 3140 797 3206 Necesse
827 3151 880 3204 est
905 3141 1003 3224 igitur
1024 3141 1225 3222 praecedere
1251 3135 1488 3203 reconciliatio·
1531 3140 1626 3201 nobis
1648 3141 1817 3222 propitius.
1860 3140 1949 3204 lllula
1979 3144 2178 3205 conscientia
2200 3143 2396 3208 eontrarium
2419 3144 2500 3207 iudi-

516 3246 591 3291 nem
622 3245 802 3309 personae;
841 3238 874 3289 et
905 3223 989 3288 haec
1014 3223 1237 3288 reconciliatio
1267 3224 1320 3301 lit,
1348 3235 1384 3287 at
1412 3223 1488 3300 dixi,
1531 3233 1592 3288 cat.
1638 3222 1728 3300 ltem,
1751 3227 1806 3307 qui
1827 3245 1893 3290 non
1916 3240 2018 3311 agunt
2040 3227 2283 3308 poenitentiam,
2312 3227 2373 3291 sed
2394 3224 2499 3292 indul-

516 3311 594 3391 fide,
617 3330 702 3395 quae
724 3310 837 3376 nititur
857 3328 924 3373 non
947 3319 1063 3373 nostra
1083 3310 1258 3394 dignitate;
1281 3309 1342 3372 sed
1364 3319 1488 3371 tantum
1531 3318 1610 3454 gent
1631 3309 1757 3372 vitiosis
1781 3309 2028 3393 cupiditatibus,
2051 3331 2116 3374 non
2147 3313 2285 3374 retinent
2307 3309 2421 3386 lidem;
2460 3313 2499 3375 li-

515 3396 753 3460 misericordia.
797 3395 920 3459 Postea
940 3413 1020 3456 vero
1042 3391 1153 3475 placet
1175 3405 1207 3456 et
1229 3393 1414 3457 obedientia
1436 3411 1488 3454 se-
1554 3411 1590 3456 es
1614 3395 1698 3456 enim
1721 3395 1845 3476 quaerit
1867 3395 2093 3458 remissionem
2114 3407 2336 3476 peccatorum,
2358 3415 2424 3459 non
2444 3397 2500 3460 de-

517 3500 641 3567 quens‚
671 3482 747 3563 quia
775 3499 889 3544 sumus
911 3479 945 3540 iu
962 3475 1104 3542 Christo.
1148 3475 1304 3541 Nonnihil
1324 3475 1423 3540 faciet
1445 3478 1488 3540 ad
1529 3473 1670 3540 lectatur
1696 3479 1854 3559 peccatis.
1905 3479 1976 3542 Nec
2003 3489 2110 3542 manet
2132 3477 2273 3560 Spiritus
2303 3491 2437 3544 sanctus
2466 3483 2498 3544 in

538 3565 799 3647 erspicuitatem,
837 3564 867 3627 si
905 3563 1076 3626 discernas
1113 3582 1289 3644 personum
1326 3572 1359 3624 et
1391 3582 1486 3644 opus.
1530 3560 1597 3637 his,
1620 3563 1675 3645 qni
1698 3566 1920 3644 obtemperant
1944 3564 2068 3626 vitiosis
2090 3561 2280 3636 affectibus3
2309 3565 2399 3627 iusta
2418 3561 2498 3627 illud

514 3589 653 3715 litiamsi
685 3648 794 3713 David
830 3647 950 3712 babeat
988 3647 1078 3710 bona
1110 3667 1230 3730 opera,
1272 3657 1381 3708 tamen
1412 3647 1487 3729 quia
1531 3645 1701 3709 iohannis:
1726 3645 1788 3718 Qui
1811 3646 1889 3711 lacit
1910 3659 2093 3730 peccatum,
2116 3667 2156 3710 ex
2178 3644 2310 3710 diabolo
2335 3659 2398 3711 est.
2428 3646 2499 3711 llae

514 3735 615 3799 babet
654 3735 750 3797 etiam
791 3729 946 3816 reliquias
1008 3733 1131 3807 eccati,
1168 3751 1236 3794 non
1281 3740 1389 3811 potest
1420 3741 1488 3792 sta·
1530 3741 1577 3793 tot
1600 3750 1721 3794 causae
1743 3733 1951 3794 necessitatis
1975 3741 2188 3808 concurrunt,
2209 3752 2294 3814 quae
2316 3733 2431 3796 merito
2454 3732 2499 3794 di·

515 3831 623 3897 tuere,
662 3819 752 3902 quod
791 3829 925 3898 propter
963 3817 973 3877 i
1058 3816 1145 3878 bona
1177 3833 1279 3896 opera
1311 3812 1385 3876 Deo
1417 3811 1487 3897 pla-
1529 3814 1697 3899 ligantium
1719 3817 1803 3877 bene
1825 3816 1981 3897 operandi
2004 3816 2035 3876 in
2058 3816 2152 3878 nobis
2175 3834 2295 3878 acuere
2314 3816 2445 3892 debent,
2464 3827 2499 3878 ut

516 3916 600 3968 ceat.
645 3903 723 3967 ldeo
750 3920 890 3964 necesse
919 3910 970 3961 est
990 3900 1082 3981 prius
1109 3919 1183 3962 eum
1207 3911 1370 3976 statuere,
1398 3897 1486 3979 quod
1528 3896 1719 3961 beneficimn
1738 3898 1798 3960 Dei
1821 3900 2027 3962 retineamus.
2073 3899 2165 3962 Sicut
2187 3899 2304 3962 Petrus
2328 3899 2378 3976 ΙΙΙ.
2402 3901 2497 3982 epist.

514 4007 660 4072 persona
690 4005 753 4068 per
786 3984 1041 4048 misericordiam
1075 3979 1222 4064 placeat,
1254 3991 1372 4062 postea
1404 4000 1485 4044 vero
1534 3984 1562 4059 l,
1588 3981 1649 4059 rat
1674 3981 1902 4064 praecipiam)
1926 3981 2056 4060 Curate,
2085 3995 2120 4047 ut
2149 3983 2349 4046 vocationem
2378 3997 2410 4044 et
2432 3982 2498 4045 ele-

515 4074 602 4137 bona
624 4091 736 4152 opera.
776 4069 834 4134 Sic
854 4069 899 4132 ait
921 4079 954 4130 et
975 4063 1097 4130 Pardus
1121 4067 1164 4142 [l.
1187 4064 1266 4130 Cor.
1287 4065 1320 4142 4,
1341 4067 1406 4144 ld:
1429 4064 1485 4127 Ni·
1530 4068 1668 4129 ctionem
1698 4079 1840 4130 vestram
1863 4065 1987 4130 iitanam
2008 4065 2153 4144 faciatis,
2176 4069 2209 4130 id
2231 4078 2290 4143 est,
2312 4067 2401 4146 utffl)
2424 4084 2496 4148 per·

513 4154 559 4221 hil
581 4153 659 4220 milti
680 4155 836 4220 conscius
858 4173 942 4229 sum,
965 4153 1074 4215 sedin
1100 4149 1164 4215 hoo
1181 4149 1375 4214 iustilicatus
1393 4169 1484 4222 sum3
1528 4151 1686 4215 severatis
1709 4151 1741 4212 in
1764 4153 1937 4216 vocatione
1959 4161 1990 4214 et
2012 4151 2267 4215 sanctificatione
2286 4161 2410 4213 vestra.

514 4243 608 4326 quasi
636 4241 740 4306 dicat:
783 4238 854 4302 Etsi
876 4236 984 4300 babeo
1011 4237 1163 4299 iustitiam
1186 4237 1292 4300 bonae
1314 4234 1485 4299 conscien-
1615 4235 1767 4299 Secundo
1801 4257 1866 4299 rton
1899 4235 2006 4300 solum
2040 4237 2223 4300 necessitas
2257 4233 2496 4298 consideranda

513 4329 589 4404 tiae,
612 4337 719 4390 tamen
741 4321 828 4387 hanc
849 4344 916 4386 non
938 4341 1069 4406 oppono
1091 4322 1211 4384 iudicio
1233 4319 1315 4396 Dei,
1344 4319 1403 4382 sed
1426 4339 1484 4400 op
1527 4331 1590 4396 est,
1612 4322 1671 4384 sed
1689 4321 1801 4383 invitet
1819 4342 1881 4385 nos
1900 4323 1996 4385 etiam
2014 4322 2155 4466 dignitas
2174 4323 2333 4383 bonorum
2351 4339 2496 4402 operum.

512 4432 601 4498 pono
623 4407 789 4475 Christum
817 4410 1038 4473 irradiatorem.
1082 4405 1131 4468 lta
1152 4404 1260 4468 David
1289 4424 1361 4468 cum
1383 4404 1485 4486 inquit
1528 4403 1721 4487 Quanquam
1744 4407 1883 4469 enimin
1906 4406 2049 4468 tantuin
2076 4405 2202 4468 rmitate
2224 4413 2350 4480 nostra,
2375 4404 2416 4466 de
2439 4423 2496 4464 no-

515 4497 584 4574 {Ps
608 4497 686 4572 lta,
714 4497 777 4574 21:
822 4494 897 4556 Non
924 4491 1153 4558 iustificabitur
1179 4510 1290 4553 coram
1317 4501 1351 4552 te
1378 4489 1484 4550 onnds
1528 4490 1578 4551 bis
1601 4489 1729 4572 quidem
1752 4510 1816 4552 rron
1840 4490 1996 4552 debenms
2015 4500 2212 4572 arroganter
2233 4489 2367 4564 sentire,
2389 4500 2496 4551 tamen

513 4587 646 4659 vivens,
676 4582 773 4645 docet
801 4577 1020 4662 quaerendam
1045 4594 1122 4638 esse
1144 4573 1404 4637 iustificationem
1426 4590 1485 4654 per
1526 4575 1656 4637 vocatio
1678 4585 1792 4637 nostra
1814 4570 2076 4657 magnifacienda
2098 4585 2159 4634 est.
2203 4571 2275 4634 Etsi
2303 4573 2440 4634 virtutes
2464 4583 2499 4634 et

513 4666 788 4742 misericordiam,
827 4683 894 4726 non
931 4673 1066 4745 propter
1105 4670 1253 4722 nostram
1285 4661 1483 4742 dignitatem.
1528 4659 1633 4721 bonae
1661 4660 1810 4721 actiones
1840 4669 1974 4720 nostrae
2002 4677 2108 4740 nequa
2135 4679 2207 4720 uam
2229 4658 2310 4718 satis
2334 4657 2497 4719 excitatae

514 4750 597 4816 Cam
626 4752 723 4835 igitur
752 4769 813 4812 nos
842 4749 888 4810 eri
914 4749 997 4810 'mus
1026 4744 1091 4808 fide
1120 4757 1150 4807 et
1173 4744 1362 4820 statuimus,
1395 4742 1485 4824 quod
1528 4754 1581 4806 aut
1604 4743 1743 4806 mundae
1765 4753 1859 4818 sunt,
1888 4753 1995 4804 tanren
2024 4743 2066 4803 ad
2095 4679 2231 4825 gloriam
2255 4739 2378 4803 Christi
2399 4741 2496 4820 perti·

513 4854 659 4920 persona
681 4836 729 4896 sic
752 4831 879 4914 placeat
932 4852 971 4895 eo
994 4850 1053 4913 per
1070 4829 1338 4904 ntisericmdiam,
1356 4839 1385 4889 et
1407 4846 1485 4889 con·
1526 4839 1616 4906 nent,
1645 4829 1717 4890 ideo
1740 4846 1859 4910 magna
1882 4846 1990 4889 earum
2017 4826 2156 4911 dignitas
2185 4839 2246 4888 est.
2292 4823 2332 4885 Et
2356 4836 2391 4886 ut
2412 4825 2496 4886 scia-

514 4923 656 4984 donetnr
676 4919 771 4982 nobis
794 4916 961 4979 infirmitas
984 4927 1138 4986 naturae3
1161 4925 1278 4996 postea
1301 4913 1397 4974 etiam
1415 4909 1484 4990 pla·
1526 4933 1597 4976 mus
1621 4932 1678 4975 eas
1700 4909 1774 4972 Deo
1798 4906 1893 4973 valde
1915 4909 2057 4991 placere,
2081 4921 2175 4973 omat
2197 4929 2253 4972 eas
2275 4907 2368 4970 Deus
2391 4907 2496 4971 hono·

515 5017 568 5071 cet
590 5001 743 5067 inchoata
771 5001 972 5072 obedientia3
1007 5019 1082 5063 nam
1103 4995 1159 5060 illa
1182 4997 1263 5060 lidcs
1286 5017 1351 5058 non
1373 5005 1485 5077 potest
1526 4997 1626 5059 riiicis
1648 4993 1759 5059 titulis.
1803 4993 1974 5058 Vocantur
1996 4995 2173 5068 sacrificia,
2196 4992 2259 5056 hoc
2283 5003 2351 5068 est,
2374 4993 2495 5138 proprii

515 5091 572 5154 niti
595 5099 709 5151 nostra
733 5087 899 5171 dignitate.
944 5085 991 5145 lta
1012 5079 1108 5144 simul
1130 5082 1308 5144 retinentur
1330 5077 1482 5143 Christus
1526 5092 1558 5144 et
1585 5082 1654 5143 veri
1680 5077 1844 5156 honoreS,
1872 5081 1988 5162 quibus
2010 5078 2103 5142 Dens
2132 5077 2324 5141 delectatur.
2404 5087 2495 5138 etrus

514 5175 674 5238 mediator
706 5183 739 5233 et
766 5171 888 5256 agnitio
921 5181 1054 5230 nostrae
1087 5167 1297 5251 indignitatis.
1348 5162 1398 5225 Es
1430 5161 1482 5224 his
1526 5165 1627 5247 inquit
1651 5163 1686 5238 ΙΙ.
1710 5165 1803 5245 epist.
1827 5164 1866 5240 2,
1890 5165 1946 5241 at,
1973 5164 2045 5226 Nos
2065 5183 2142 5226 esse
2171 5162 2397 5226 Sacerdotium
2420 5180 2495 5222 san·

514 5260 665 5323 omnibus
692 5253 807 5338 liquet,
835 5254 924 5337 quod
953 5251 1138 5315 obedientia
1159 5261 1291 5326 nostra,
1313 5267 1373 5311 seu
1393 5247 1483 5310 iusti·
1525 5301 1724 5312 -..-

513 5344 558 5407 tia
591 5345 698 5406 bonae
732 5339 953 5403 conscientiae
985 5338 1027 5397 sit
1061 5335 1251 5398 necessaria
1288 5343 1320 5396 et
1352 5327 1481 5413 placeat
1526 5348 2310 5412 aa)paertptt]stesuta.t.t.11—1⁴.et0rr;iditt
2335 5350 2355 5396 l·
2382 5347 2405 5394 ²·
2425 5347 2450 5396 ⁴·
2469 5347 2494 5398 5-

513 5425 598 5503 Deo,
621 5445 688 5488 non
710 5426 786 5507 quia
808 5425 849 5485 sit
872 5419 1030 5504 perlecta,
1059 5417 1118 5480 sed
1141 5419 1216 5500 quia
1236 5419 1299 5479 iam
1321 5434 1482 5496 personae
1592 5420 1614 5466 ⁹·
1632 5419 1778 5480 praecepit:
1797 5417 1839 5470 Ed·
1858 5419 1880 5468 ⁶·
1899 5417 2008 5467 ostendit

513 5521 589 5576 sunt
621 5505 852 5573 reconciliatae
885 5505 965 5582 fide,
998 5517 1029 5568 et
1058 5502 1179 5566 habent
1209 5500 1482 5565 condonationem
1524 5514 2112 5580 ommommmfflqq11-13,010„,‚
