5859 6734
465 723 529 789 909
939 724 962 786 l.
984 721 1088 788 Loci
1108 720 1384 789 'summittat
1405 722 1449 787 D.
1471 721 1632 789 TERTIA
1652 718 1811 788 EORUM
1831 721 1987 789 AETAS.
2396 725 2460 790 910

466 913 625 976 universa
658 909 843 973 obedientia
874 907 950 972 Deo
983 910 1107 986 debita,
1147 920 1179 974 et
1211 909 1440 974 discernantur
1484 911 1548 974 insi
1595 911 1623 974 is
1646 905 1797 975 confirsio
1814 906 2041 993 hypocriticae
2062 919 2095 971 et
2105 926 2206 972 verae
2220 910 2459 992 castigationis.

468 998 538 1061 vari
561 992 668 1060 cultus
689 996 732 1058 ab
756 994 1043 1058 observationibus
1065 991 1226 1057 humanis.
1484 994 1581 1060 Paui
1609 995 1730 1059 dictum
1764 990 1919 1057 salutaris
1953 992 2104 1057 doctrina
2132 1004 2166 1056 et
2188 989 2372 1058 consolatio
2395 1007 2459 1075 est,

554 1078 705 1146 Clamant
727 1077 782 1142 alii
805 1080 846 1142 de
868 1079 1063 1142 ceremoniis
1081 1077 1322 1142 Canonicarum
1345 1078 1441 1141 satis·
1484 1099 1525 1144 ac
1545 1077 1692 1164 loquitur
1714 1079 1755 1142 de
1776 1088 1847 1142 tota
1868 1079 2083 1161 poenitentia:
2106 1076 2142 1141 Si
2154 1097 2216 1140 nos
2228 1079 2459 1157 indicaremus,

467 1163 658 1240 factionum,
680 1175 836 1247 quantum
858 1159 983 1240 volent,
1005 1174 1114 1227 tamen
1136 1162 1233 1240 baec,
1255 1181 1340 1246 quac
1364 1163 1441 1240 dixi,
1484 1165 1517 1227 id
1540 1175 1602 1240 est,
1621 1165 1650 1227 si
1671 1183 1734 1227 nos
1756 1164 1819 1246 ipsi
1831 1181 2068 1227 accusaremus
2081 1173 2112 1225 et
2125 1164 2364 1247 castigaremus
2376 1183 2458 1228 vero

467 1270 558 1328 vera,
579 1250 764 1333 perspicua,
788 1248 883 1312 firma
904 1260 937 1312 61
953 1249 1017 1330 piis
1039 1245 1131 1312 utilia
1147 1258 1225 1311 sunt
1236 1259 1268 1311 et
1279 1249 1311 1310 in
1323 1245 1441 1310 Eccle·
1485 1247 2456 1330 doloreatconverteremur,nonobrueremurpoenisaDeo.

466 1337 518 1399 sia
535 1354 636 1417 saepe
658 1334 885 1417 proponenda.
1486 1332 1578 1398 Sicut
1595 1333 1776 1397 sententiae
1793 1352 1895 1416 supra
1914 1333 2034 1395 citatae
2046 1331 2375 1414 docentpoenitentia
2386 1332 2458 1397 tolli

550 1419 623 1482 Neo
645 1438 709 1503 ego
732 1420 849 1503 ignoro
872 1419 985 1502 quaeri
1007 1436 1097 1481 nunc
1118 1417 1232 1481 varios
1249 1425 1440 1499 praetextus
1484 1415 1539 1483 vel
1551 1419 1692 1504 mitigari
1725 1436 1839 1482 oenas.
1861 1416 1925 1481 les.
1950 1416 1979 1480 1.
2001 1415 2044 1480 Et
2065 1413 2187 1480 16111.
2210 1419 2273 1494 [vs.
2288 1416 2352 1497 13]
2372 1416 2458 1481 Con·

466 1505 508 1569 ad
541 1500 767 1567 defensionem
790 1504 860 1566 eius
884 1503 1101 1567 ceremoniae.
1145 1499 1334 1584 Sopbistica
1356 1502 1441 1564 enirn
1485 1503 1647 1567 vertimini
1668 1523 1689 1566 a
1723 1501 1910 1580 Dominum,
1932 1502 2009 1585 quia
2030 1502 2137 1564 bonus
2160 1512 2212 1564 est
2236 1513 2269 1566 et
2290 1504 2458 1566 remittens

465 1587 590 1654 infinita
622 1600 684 1652 est.
728 1587 885 1674 Allegant
908 1586 1125 1673 cyprianum,
1158 1585 1277 1669 quide
1299 1603 1442 1649 censura
1484 1607 1637 1671 poenam.
1681 1585 1724 1650 Et
1746 1583 1831 1650 aliae
1851 1583 1977 1650 similes
1995 1586 2187 1649 sententiae.
2231 1584 2273 1648 Et
2294 1597 2384 1650 reete
2407 1606 2458 1650 se·

466 1673 622 1758 loquitur,
645 1692 729 1757 quae
751 1684 821 1737 erat
844 1693 916 1737 mos
937 1670 1103 1756 politicus,
1121 1670 1164 1734 ad
1175 1665 1357 1754 exemplum
1366 1689 1441 1754 per·-
1486 1672 1612 1756 quitur:
1657 1670 1851 1755 (instigante
1872 1668 2024 1734 Ecclesia
2045 1671 2187 1754 mitigari
2208 1672 2458 1756 castigationem

466 1761 587 1834 tinans,
620 1777 687 1820 non
709 1759 752 1822 ad
774 1759 999 1823 remissionem
1021 1767 1245 1838 peccatorum·
1289 1752 1441 1838 Denique
1485 1757 1635 1821 divinam.
1680 1753 1748 1819 Sed
1779 1753 1865 1819 haec
1898 1774 1964 1819 non
1996 1752 2221 1838 intelligantur
2252 1755 2458 1837 hvpocritice

467 1844 639 1927 opiniones
671 1841 909 1907 Monacborunr
946 1843 988 1907 de
1020 1841 1287 1924 compensatione
1317 1858 1441 1923 poena·
1484 1842 1526 1905 de
1559 1841 1766 1918 ceremoniis,
1798 1840 1859 1905 sed
1892 1840 1934 1904 de
1962 1857 2043 1903 vero
2075 1838 2254 1903 ministerio
2276 1826 2457 1917 Ecclesiae,

466 1949 539 1992 rurn
567 1929 748 2013 purgatorii
782 1939 844 1991 etc.
877 1928 1022 1991 nondum
1049 1937 1147 1991 natae
1169 1935 1263 1989 erant
1285 1921 1443 2009 Cypriani
1485 1946 1570 2010 quae
1589 1926 1824 2010 poenitentiam
1885 1925 1999 2008 oponit
2015 1943 2082 1988 non
2103 1924 2136 1987 in
2160 1926 2366 2001 ceremoniis,
2398 1926 2458 1989 sed

466 2026 624 2094 tempore.
1484 2012 1518 2075 in
1551 2011 1771 2075 conversione
1787 2008 1832 2074 ad
1887 2028 1972 2075 eum.
2017 2008 2080 2072 Est
2100 2009 2200 2094 igitur
2217 2028 2297 2072 vera
2317 2011 2458 2092 castiga·

437 2139 442 2148 ·
553 2097 691 2170 Quidam
732 2098 932 2162 contendunt
965 2094 1231 2161 satisfactionem
1263 2093 1441 2156 6661616-
1485 2097 1543 2173 tio,
1565 2113 1664 2160 verus
1687 2091 1784 2157 dolor
1805 2092 1917 2159 oordls
1940 2103 1974 2156 et
1994 2112 2123 2157 morum
2143 2094 2339 2157 emendatio.
2383 2093 2457 2158 Non

466 2185 549 2246 riam
566 2182 768 2246 retinendam
786 2201 873 2260 esse,
891 2184 976 2246 sicut
993 2182 1153 2244 incestum
1171 2178 1346 2264 castigavit
1384 2196 1441 2241 au·
1485 2192 1537 2245 est
1554 2199 1572 2243 s
1596 2176 1780 2243 acuculam
1801 2176 1883 2242 certl
1904 2180 1986 2241 ritus
2008 2196 2092 2241 exco
2119 2179 2187 2241 ‘tati
2204 2179 2247 2241 ab
2260 2177 2457 2254 hominibus,

465 2265 530 2332 lus.
562 2266 613 2330 Ea
634 2269 807 2351 castigatio
831 2278 902 2330 erat
923 2266 1226 2342 exeonununicatio,
1248 2281 1343 2348 quae,
1367 2280 1441 2325 cunr
1483 2277 1521 2330 ut
1596 2275 1692 2330 erunt
1724 2260 1919 2345 spectacula
1950 2258 2224 2345 satisfactionum.
2285 2259 2459 2327 Ecclesiae

466 2351 503 2414 lit
520 2369 601 2413 vero
618 2352 750 2428 iudicio,
772 2362 825 2415 est
847 2371 949 2435 grave
971 2348 1105 2425 fulmen,
1128 2350 1219 2413 addit
1235 2348 1322 2412 enirn
1343 2345 1439 2411 Deus
1484 2350 1697 2414 ministerium
1717 2344 1889 2432 spirituale
1910 2356 1972 2425 est,
1990 2359 2023 2412 et
2046 2347 2088 2410 de
2105 2349 2325 2412 conversione
2347 2347 2457 2412 cordis

465 2454 605 2521 poenas,
627 2446 663 2499 ut
684 2437 842 2518 scriptum
864 2434 1139 2514 ast[Genes.12,
1161 2432 1223 2513 3.]:
1245 2427 1440 2496 Maledicam
1483 2436 1527 2499 ad
1537 2433 1655 2511 Deum,
1677 2434 1719 2496 de
1739 2451 1820 2495 vero
1843 2429 1970 2508 dolore,
1994 2432 2035 2496 de
2056 2452 2137 2497 vera
2155 2434 2368 2496 renovatione
2391 2434 2457 2514 spi·

465 2517 736 2584 maledicentibus
767 2520 835 2583 tibi.
878 2518 992 2584 'lotias
1025 2530 1134 2583 autem
1163 2518 1302 2582 diximus
1327 2525 1440 2581 contu·
1483 2516 1603 2583 rituali·
1627 2518 1852 2581 concionatur.
1876 2532 1883 2545 ⁸
1904 2515 1997 2579 llaec
2024 2528 2191 2581 merentur
2223 2518 2458 2602 mitigationem

466 2624 578 2669 macas
607 2606 940 2669 excommunicatione
971 2601 1138 2668 feriendos
1171 2620 1258 2667 esse.
1302 2599 1338 2665 Si
1370 2597 1441 2665 vult
1482 2622 1677 2689 poenarum3
1721 2612 1772 2665 est
1793 2601 1878 2665 eninr
1899 2597 2009 2683 cultus
2030 2599 2105 2664 Deo
2125 2599 2272 2684 placens.
2315 2602 2386 2665 Nec
2403 2623 2458 2666 ve·

465 2687 620 2752 Ecclesia
642 2688 738 2752 etiam
760 2687 898 2773 exempli
928 2707 1050 2753 caussa
1071 2708 1145 2752 oum
1167 2686 1309 2773 quadam
1371 2686 1440 2749 avi·
1482 2708 1522 2753 ro
1554 2687 1795 2773 castigationes
1825 2698 1883 2751 aut
1903 2681 2096 2768 ullti'opera
2118 2686 2190 2749 sine
2210 2681 2282 2749 aliis
2310 2688 2458 2769 partibus

466 2784 535 2837 tate
557 2785 589 2838 et
611 2772 835 2837 moderatione
852 2774 974 2838 addere
992 2783 1104 2838 notam
1121 2775 1155 2836 in
1176 2771 1318 2856 recipien
1340 2788 1370 2833 rs
1391 2768 1440 2834 la·
1482 2775 1721 2858 poenitentiae,
1754 2772 1786 2835 id
1819 2782 1889 2850 est,
1918 2771 1991 2835 sine
2023 2771 2220 2835 contritione
2243 2782 2275 2834 et
2298 2774 2369 2836 sine
2391 2772 2457 2836 fide

465 2859 548 2941 psis,
571 2857 647 2923 talis
669 2877 741 2922 mos
764 2879 830 2923 non
850 2860 1063 2941 improbatur,
1081 2858 1179 2921 modo
1195 2876 1262 2921 non
1280 2856 1440 2919 miscean-
1482 2869 1650 2923 merentur
1659 2857 1905 2940 mitigationem,
1925 2856 2004 2940 quia
2015 2874 2116 2939 opera
2127 2857 2199 2919 sine
2210 2855 2327 2925 timore
2339 2869 2372 2920 et
2383 2858 2458 2921 sine

467 2958 521 3006 tur
542 2945 713 3029 opiniones
736 2943 778 3008 de
801 2945 1078 3028 compensatione.
1105 2941 1177 3006 Nec
1199 2939 1344 3026 fingatur
1363 2958 1438 3003 mos
1482 2941 1548 3007 fide
1566 2962 1632 3006 non
1650 2952 1728 3005 sunt
1744 2938 1853 3005 cultus
1863 2940 1938 3018 Dei,
1955 2942 2163 3025 quantumvis
2180 2937 2351 3025 splendida
2368 2954 2455 3006 sunt

466 3025 523 3092 1116
544 3030 755 3093 necessarius
779 3048 856 3093 esse
876 3038 1012 3112 propter
1041 3027 1340 3109 compensationem
1361 3044 1439 3108 poe·
1482 3027 1568 3091 Nam
1589 3026 1644 3092 lex
1665 3025 1729 3090 Dei
1751 3027 1793 3090 de
1814 3025 1916 3090 corde
1937 3026 2097 3108 praecipit
2118 3025 2232 3105 [Dent.
2256 3024 2287 3102 6,
2310 3027 2373 3103 til:
2397 3027 2455 3091 Di-

466 3132 580 3177 narum
603 3125 811 3178 aeternarum
834 3112 1101 3199 autPurgatorii,
1119 3113 1204 3176 sicut
1226 3107 1303 3174 olim
1324 3128 1439 3191 super·
1482 3110 1568 3196 ligas
1590 3111 1767 3175 Dominum
1784 3110 1891 3174 Deum
1913 3121 2004 3173 tuum
2025 3128 2067 3172 ex
2090 3120 2161 3172 toto
2183 3111 2286 3176 corde
2308 3123 2370 3175 etc.
2413 3111 2456 3176 Et

466 3197 634 3262 stitutione
651 3199 733 3262 ritus
756 3196 1018 3265 satisfactionum
1041 3205 1224 3260 creverunt.
1482 3196 1628 3260 Romi.
1653 3201 1715 3272 [vs.
1728 3192 1776 3274 6.]
1799 3195 1936 3257 dicitur:
1959 3192 2150 3257 Serviamus
2171 3195 2204 3257 in
2227 3196 2372 3258 novitate
2391 3198 2455 3277 spi-

552 3280 718 3347 0biicinnt
729 3285 911 3348 adversarii
933 3282 1017 3346 haec
1039 3289 1249 3364 argumenta:
1273 3275 1365 3341 Sicut
1381 3277 1440 3339 mi·
1484 3282 1578 3357 ritus,
1595 3299 1662 3343 non
1683 3280 1717 3342 in
1738 3288 1902 3343 vetustate
1923 3275 2051 3354 literae,
2072 3277 2107 3341 id
2128 3289 2191 3354 est,
2213 3299 2294 3343 vera
2318 3299 2455 3343 conver-

466 3368 667 3431 saricordiae
688 3364 751 3430 Dei
787 3380 839 3430 est
867 3368 1033 3431 remittere
1061 3374 1211 3511 ¹peccata,
1233 3363 1282 3425 sic
1299 3361 1440 3424 iustitiae
1483 3366 1578 3429 sione
1596 3363 1705 3428 cordis
1727 3363 1770 3427 ad
1787 3362 1907 3438 Deum,
1934 3380 2002 3425 non
2023 3363 2168 3427 externis
2189 3375 2314 3427 tantum
2335 3361 2455 3428 officiis

465 3462 518 3513 est
538 3453 665 3533 punire.
700 3449 850 3514 Necesse
872 3462 923 3514 est
942 3451 1042 3535 igitur
1086 3448 1133 3511 eri
1155 3446 1441 3511 commutationem
1484 3460 1516 3513 et
1537 3450 1665 3513 ritibus.
1709 3445 1895 3532 Diligenter
1917 3464 1998 3531 ergo
2016 3446 2050 3511 in
2071 3446 2137 3511 hoc
2158 3444 2235 3512 loco
2258 3450 2455 3514 observetur

466 3553 658 3617 poenarum,
692 3533 779 3597 sicut
810 3553 878 3597 non
911 3534 1036 3597 remisit
1057 3531 1152 3595 Adae
1173 3542 1207 3596 et
1226 3530 1347 3595 Davidi
1369 3532 1441 3593 sine
1482 3533 1567 3599 haec
1599 3529 1763 3610 confusio,
1793 3532 1884 3616 quod
1904 3550 1965 3614 pro
1984 3550 2065 3595 vera
2087 3533 2316 3617 castigatione,
2337 3533 2369 3596 id
2393 3546 2454 3612 est,

465 3636 584 3701 poena.
626 3616 846 3700 Responneo:
878 3618 1002 3681 Verum
1034 3629 1086 3682 cst
1113 3615 1326 3681 antecedens.
1380 3613 1441 3678 Est
1482 3620 1663 3703 intcgraw)
1694 3617 1895 3701 poenitentia
1925 3627 2114 3698 proponunt
2145 3620 2306 3695 umbram,
2327 3616 2456 3683 scilicet

467 3702 611 3768 iustitiae
632 3700 696 3766 Dei
716 3703 845 3786 punire,
867 3713 899 3767 et
918 3701 1109 3787 principalis
1125 3720 1234 3787 poena
1250 3697 1439 3783 acplacans
1484 3715 1638 3768 externas
1671 3702 1875 3772 ceremonias
1908 3696 2192 3780 satisfactionum,
2225 3723 2300 3767 cum
2335 3705 2454 3767 dictum

465 3789 547 3851 iram
568 3787 632 3852 Dei
664 3785 824 3852 translata
856 3799 908 3852 661
939 3789 974 3851 in
994 3786 1120 3852 Filium.
1164 3784 1293 3851 Deinde
1307 3787 1340 3848 in
1363 3803 1440 3849 con·
1482 3785 1588 3867 Pauli,
1619 3786 1655 3854 Si
1687 3806 1750 3851 nos
1781 3786 2000 3852 indicaremus
2022 3797 2084 3851 eto.
2105 3784 2307 3851 transferunt
2328 3789 2454 3853 adsue

467 3873 575 3937 versis
607 3872 705 3936 etiam
737 3869 967 3937 universaliter
993 3875 1085 3957 pu‘nit
1111 3870 1205 3936 Deus
1301 3880 1375 3935 cata
1406 3870 1439 3934 in
1482 3870 1677 3959 spectacula
1708 3867 1980 3937 satisfactionum.
2023 3868 2150 3956 Estque
2167 3868 2300 3935 fallacia
2322 3893 2343 3935 a
2365 3872 2452 3937 dicto

468 3957 674 4033 contritione,
697 3957 783 4022 sicut
803 3958 907 4042 inquit
926 3955 1088 4022 Ezechias
1111 3957 1185 4035 [les.
1209 3962 1217 3978 ·
1251 3953 1347 4035 ,13]
1369 3952 1439 4019 Sic·
1482 3959 1664 4024 secundum
1682 3957 1760 4043 quid
1780 3957 1823 4021 ad
1852 3952 2051 4040 simpliciter,
2069 3960 2113 4037 ⁹⁹)
2140 3958 2229 4021 iuxta
2251 3955 2452 4041 exemplum:

466 4052 503 4105 ut
533 4041 587 4106 leo
616 4042 768 4106 contrivit
800 4044 909 4107 omnia
942 4062 1022 4106 ossa
1053 4062 1137 4106 mea.
1182 4040 1244 4105 llio
1279 4036 1375 4104 dolor
1405 4041 1437 4103 in
1481 4044 1543 4108 Est
1563 4042 1662 4107 homo
1682 4043 1808 4129 pietus,
1842 4059 1924 4125 ergo
1953 4038 2139 4119 esthemo,
2170 4043 2227 4106 ubi
2256 4045 2372 4107 umbra
2392 4063 2454 4126 pro

466 4125 585 4205 Adam,
618 4127 651 4190 in
674 4126 803 4191 Davide
837 4139 869 4191 et
902 4125 974 4191 aliis
1005 4128 1068 4211 piis
1099 4123 1203 4191 multo
1235 4126 1345 4191 acrior
1377 4136 1440 4203 est,
1481 4131 1583 4195 rebus
1604 4126 1798 4192 ostenditur.
2265 4151 2271 4161 ·

467 4232 566 4296 quam
588 4229 679 4275 mors
701 4211 785 4295 ipsa.
827 4212 955 4276 Deinde
975 4213 1067 4294 punit
1086 4223 1118 4275 et
1139 4207 1299 4293 pleraque
1321 4207 1440 4275 delicta
1568 4211 1697 4277 Ornant
1727 4206 1975 4276 satisfactiones
2008 4220 2041 4274 et
2060 4210 2154 4275 titulo
2176 4211 2452 4275 mortificationis:

468 4297 568 4360 certis
590 4298 705 4379 poenis
727 4299 970 4379 praesentibus,
993 4316 1094 4380 saepe
1115 4308 1224 4361 tamen
1247 4296 1344 4358 etiam
1365 4314 1440 4378 par·
1482 4319 1558 4363 cum
1578 4306 1791 4443 111666ἷ111111
1819 4295 1863 4359 sit
1890 4293 1933 4359 da
1953 4293 2204 4361 mortificatione
2221 4299 2343 4372 carnia,
2364 4308 2454 4359 recte

469 4384 524 4458 cit,
547 4400 610 4443 nec
633 4400 746 4444 omnes
768 4403 894 4464 poenas
917 4383 1097 4466 exequitur.
1140 4381 1225 4444 Nam
1246 4376 1331 4443 baec
1352 4379 1440 4443 infir·
1482 4381 1663 4469 (inqurunt)
1716 4377 1841 4444 eclesia
1871 4378 2006 4462 imponit
2037 4376 2165 4463 aliquas
2187 4380 2454 4444 mortificationes

468 4487 522 4529 ma
542 4476 660 4528 natura
681 4475 804 4528 tantam
826 4468 907 4529 iram
935 4468 1098 4530 sustinere
1116 4484 1183 4529 noa
1200 4475 1322 4549 potest,
1355 4467 1440 4528 sicut
1481 4468 1656 4553 agentibus
1678 4465 1923 4548 poenitentiam.
1949 4463 2011 4527 llic
2032 4464 2150 4527 iterum
2168 4465 2362 4529 admonendi
2375 4477 2452 4529 sunt

468 4550 586 4613 dicitur
599 4546 666 4625 [Ps.
676 4546 818 4629 129,3.]:
831 4548 867 4613 Si
876 4552 920 4614 ini
944 4548 1440 4626 uitatesobservaveris,Domi·
1481 4554 1537 4637 pii,
1568 4561 1604 4616 ut
1635 4550 1824 4613 discernant
1854 4546 2046 4633 hypocrisin
2067 4567 2129 4612 seu
2150 4568 2248 4631 opera
2271 4551 2455 4614 indebitae·

469 4652 523 4707 ne,
535 4633 608 4715 quis
615 4631 864 4698 sustinebit‘lEt
871 4571 961 4698 Psll.
973 4635 1026 4698 11.
1039 4641 1105 4716 [vs.
1113 4634 1178 4713 38.i
1191 4633 1231 4698 Et
1242 4653 1310 4698 non
1323 4653 1441 4698 accen·
1482 4634 1732 4700 mortificatione
1754 4634 1875 4698 debita.
1917 4631 2127 4697 Mortificatio
2146 4653 2212 4697 non
2229 4633 2383 4698 simulata
2404 4647 2454 4698 est

469 4718 517 4781 dit
527 4720 863 4782 omnemiramsuam.
881 4719 958 4784 ldeo
968 4721 1126 4804 promittit
1137 4720 1373 4805 mitigationem
1383 4719 1440 4783 ba·
1482 4734 1539 4785 aut
1571 4738 1671 4783 verus
1706 4714 1802 4782 dolor
1833 4720 1865 4781 in
1889 4718 2085 4782 contritione
2106 4730 2162 4782 aut
2183 4720 2339 4801 patientia
2357 4723 2454 4784 susti-

467 4822 542 4867 rum
570 4820 750 4884 poenarum
772 4804 947 4889 agentibus
968 4807 1210 4887 poenitentiam.
1253 4800 1334 4868 Vult
1355 4805 1441 4868 enirn
1481 4825 1565 4870 nens
1588 4824 1686 4869 veras
1709 4800 1919 4878 afflictiones,
1941 4813 1977 4866 ut
2004 4802 2114 4868 David
2136 4805 2365 4887 obiurgatusa
2388 4805 2453 4867 Na-

468 4906 536 4951 non
568 4888 678 4954 subito
706 4889 856 4972 ¹extingui
887 4887 1055 4965 homines,
1087 4893 1148 4954 sed
1169 4908 1302 4954 manere
1323 4885 1440 4954 Eccle·
1481 4891 1571 4969 than,
1593 4910 1668 4954 cum
1684 4908 1766 4954 vere
1786 4889 1977 4971 expavisset
1997 4888 2163 4971 agnitione
2184 4890 2252 4951 irae
2263 4887 2327 4952 Dei
2348 4899 2381 4953 61
2403 4909 2454 4951 66-

469 4974 552 5036 siam
585 4984 618 5036 et
649 4971 769 5038 multos
803 4993 879 5036 esse
912 4974 1051 5037 idoneos
1078 4974 1121 5037 ad
1142 4973 1275 5040 labores
1298 4976 1385 5038 vitae
1408 4984 1441 5037 et
1482 4985 1534 5039 set
1556 4977 1588 5038 in
1617 4993 1698 5039 vero
1721 4971 1852 5047 dolore3
1896 4971 1977 5037 ltenr
2006 4972 2123 5036 deinde
2145 4993 2218 5037 curn
2240 4971 2455 5050 calamitates,

468 5055 643 5122 Ecclesiae
663 5061 886 5124 necessarios.
914 5055 1025 5123 Parcit
1047 5059 1145 5144 igitur
1166 5057 1288 5136 multis,
1308 5056 1440 5123 utbanc
1481 5080 1568 5145 quae
1590 5069 1726 5125 secutae
1746 5069 1833 5136 sunt,
1854 5054 2029 5141 perferret,
2057 5058 2210 5122 sustinuit
2231 5057 2455 5122 mortificatio·

469 5138 615 5207 militiam
636 5143 780 5209 tolerare
842 5144 936 5207 ssint.
1481 5165 1568 5224 nem,
1601 5145 1643 5208 de
1674 5164 1740 5228 qua
1761 5144 1878 5207 dicitur
1898 5141 1931 5204 2.
1955 5140 2033 5206 (lor.
2050 5141 2083 5205 4.
2106 5146 2170 5220 [vs.
2194 5142 2257 5222 11)]
2302 5141 2456 5226 Undique

556 5226 722 5294 Obiiciunt
739 5242 773 5294 et
793 5233 802 5293 i
831 5229 891 5293 udz
915 5227 1032 5293 sinos
1053 5229 1116 5311 ipsi
1132 5228 1362 5307 indicaremus,
1372 5247 1440 5291 non

470 5310 697 5381 iudicaremur.
740 5314 791 5378 Ne
821 5315 922 5399 igitur
944 5313 1038 5376 Deus
1072 5313 1224 5398 castiget,
1251 5324 1342 5377 recte
1362 5310 1441 5377 facit

469 5392 623 5460 Ecclesia
656 5400 828 5483 imponens
856 5418 994 5481 poenas,
1027 5409 1063 5462 ut
1095 5407 1281 5462 antevertat
1302 5398 1439 5462 divinas.
1481 5415 1656 5481 aninam]
1677 5416 1750 5470 11111
1769 5416 1810 5466 aa.
1831 5416 1874 5464 at.
1893 5415 2003 5466 as-at.
2022 5416 2165 5481 1111116116

470 5478 543 5544 Hoc
565 5496 802 5586 argumentum,
825 5505 898 5549 cum
920 5485 964 5548 str
980 5483 1272 5586 speciosissimum,
1305 5468 1441 5586 thgcn·
1482 5517 1529 5582 aa)
1547 5517 1581 5570 aa
1598 5518 1763 5584 amurcam
1794 5518 1869 5572 rna
1888 5515 1929 5566 aa.
1950 5519 2002 5582 aa,
2020 5519 2092 5582 carp.
2114 5518 2185 5570 1-a.
2202 5517 2235 5570 ar
2253 5518 2457 5580 111111111-

468 5576 519 5629 ter
547 5567 820 5633 consrderandum
843 5581 905 5633 ast.
948 5569 1032 5634 Nam
1054 5568 1108 5633 lrrc
1128 5589 1162 5631 rn
1184 5587 1221 5631 re
1241 5587 1384 5635 araxim
1405 5566 1441 5632 fit
1551 5587 1621 5646 citer,
2422 5602 2425 5607 ·
