5859 6734
481 667 548 756 a'ra
984 707 1003 720 ·-
1115 687 1227 752 rma.
1248 667 1353 752 rrae.
1374 673 1563 754 sermm
1582 683 1859 752 poeninen
2428 679 2493 746 ure

476 885 590 946 'cesse
611 883 681 952 est,
710 874 803 959 quia,
825 885 862 938 ut
881 875 979 938 toties
1001 875 1065 938 iam
1088 875 1302 952 dictumest,
1332 874 1374 938 de
1393 872 1470 939 Deo
1512 874 1659 940 secunda
1679 891 1826 957 persona
1847 869 1950 934 Filius
1972 870 2107 948 dicitur,
2140 869 2281 953 quiade
2303 869 2491 936 substantia

478 962 699 1062 sentiendum
726 973 795 1062 est,
822 961 905 1024 sicut
935 980 973 1024 se
999 956 1166 1108 pgtefecit.
1210 957 1343 1024 Etbnici
1369 979 1471 1062 vaga·
1511 957 1622 1024 Patris
1639 969 1736 1022 natum
1749 968 1806 1060 ,εει
1822 969 1855 1020 ει
1875 969 1926 1020 εει
1944 957 2014 1058 eius
2031 956 2152 1056 imago.
2195 951 2386 1035 Proprietas
2408 975 2489 1058 ergo

491 1050 612 1113 bantur
640 1065 758 1108 ammrs
787 1056 986 1129 quaerentes
1042 1063 1116 1108 eum
1145 1044 1216 1108 suls
1237 1039 1472 1128 specularium·
1513 1044 1709 1108 discernens
1720 1039 1999 1106 Filrumaeeterrs
2034 1057 2163 1103 ersoms
2173 1035 2258 1102 haec
2271 1049 2335 1116 est,
2346 1053 2490 1125 gemtum

490 1133 576 1206 busr
607 1129 654 1193 At
663 1124 818 1193 Ecclesia
834 1127 1107 1216 agnoseitDeum
1125 1139 1291 1192 aeteruum
1314 1139 1348 1192 ει
1368 1129 1473 1194 οιιιιιί·
1514 1147 1590 1192 esse
1618 1137 1653 1192 et
1680 1127 1854 1212 imaginem
1877 1145 1963 1190 esse.
2008 1061 2051 1188 Et
2077 1122 2113 1187 iit
2138 1119 2277 1186 illustris
2304 1125 2491 1204 dismbneu,

489 1226 662 1304 potentem
690 1215 894 1278 conditorem
920 1211 1038 1289 talem,
1067 1213 1155 1276 sicut
1174 1233 1213 1276 se
1232 1211 1410 1295 patefecit3
1439 1224 1473 1277 et
1515 1233 1587 1278 cnm
1606 1211 1768 1290 addimus,
1790 1209 1877 1274 hauc
1889 1209 2069 1274 secundam
2079 1227 2254 1293 personam
2266 1227 2378 1274 assmn
2454 1229 2491 1274 se

492 1319 682 1387 quanquam
709 1297 793 1363 baec
825 1317 949 1362 arcana
980 1317 1047 1361 non
1080 1298 1209 1380 penitus
1238 1298 1471 1382 perspicimus,
1514 1309 1606 1362 certo
1636 1307 1785 1384 tempore
1811 1294 1984 1360 humanam
2012 1305 2163 1358 naturam
2189 1295 2223 1356 in
2252 1293 2330 1357 alvo
2386 1297 2490 1360 ariae.

491 1397 604 1450 tamen
625 1385 659 1448 in
680 1383 744 1447 bae
766 1381 940 1447 vitaDeus
960 1379 1108 1446 inchoari
1130 1381 1203 1447 vult
1222 1381 1311 1446 hanc
1334 1383 1473 1470 agnitio·
1515 1381 1615 1447 Pater
1636 1381 1721 1446 enlm
1741 1402 1810 1445 non
1831 1381 2012 1461 assumpsit
2033 1376 2210 1442 humanam
2232 1390 2397 1458 naturam,
2424 1399 2490 1445 uec

491 1489 569 1536 nem
591 1478 623 1532 et
645 1470 888 1531 invocationem
902 1467 950 1550 ⁸²)
977 1476 1125 1530 nostram
1154 1487 1175 1531 a
1201 1464 1289 1531 salsa
1316 1467 1472 1546 discerni,
1515 1465 1817 1616 Sffltussanctus
1840 1465 2021 1548 assumpsit
2042 1461 2217 1526 humanam
2239 1473 2402 1541 naturam,
2424 1467 2491 1528 sed

493 1566 527 1620 et
549 1550 786 1618 revelationem
809 1552 908 1615 certis
929 1552 1127 1616 testimoniis
1144 1553 1178 1616 in
1195 1553 1300 1617 verbo
1316 1571 1381 1618 suo
1396 1571 1473 1636 pro·
1514 1551 1540 1616 F
1645 1563 1698 1614 est
1726 1549 1894 1627 Christum,
1920 1550 1954 1612 id
1982 1559 2049 1624 est,
2077 1549 2264 1631 promissus
2289 1549 2491 1634 redmnptor,

490 1638 623 1726 posuit,
650 1637 684 1700 in
706 1656 791 1720 quo,
819 1656 880 1701 eeu
906 1632 1017 1701 foetus
1043 1638 1076 1700 in
1098 1633 1176 1701 alvo
1199 1647 1349 1701 materno
1369 1636 1473 1702 nutri·
1514 1657 1582 1702 uua
1601 1655 1747 1721 persona
1768 1637 1896 1700 duabus
1918 1635 2043 1698 naturis
2070 1630 2261 1698 mirabiliter
2281 1634 2394 1711 unitis,
2424 1636 2491 1698 sci-

491 1733 636 1788 mentum
670 1720 845 1808 attrahens·
870 1718 1027 1787 umbilico
1054 1729 1088 1785 et
1108 1718 1382 1806 cotyledonibus,
1401 1733 1472 1786 rius
1515 1719 1594 1786 licet
1614 1717 1670 1786 illa
1692 1731 1829 1784 aeterna
1842 1717 1951 1782 Patris
1968 1718 2111 1803 imagine
2133 1737 2193 1781 seu
2216 1719 2294 1805 λόγῳ
2317 1729 2350 1782 ει
2370 1730 2491 1783 ιιιιιιιιιι

381 1837 383 1846 ·
492 1824 626 1958 ὒιιιῖᾳιιῗ
648 1807 803 1956 memus
831 1803 951 1956 mclulli
980 1817 1017 1955 εὖ
1041 1803 1240 1954 attrghinms
1270 1807 1473 1910 agnitionem
1514 1805 1669 1908 huruuua.
1711 1805 1922 1953 NarthJerPlgo
1943 1804 2075 1951 ἰιιιίειὲίε
2090 1801 2218 1952 tlluloe
2238 1801 2378 1868 articulo
2402 1823 2491 1869 corn·

527 1913 547 1956 e
591 1911 611 1955 ε
725 1911 759 1954 nr
784 1909 828 1954 ex
854 1910 957 1955 vero
1021 1911 1049 1954 ει
1097 1913 1120 1954 u
1162 1909 1237 1955 eum
1268 1909 1473 1968 invocemus,
1516 1910 1623 1956 munrs
1647 1907 1772 1954 consue
1832 1911 1852 1953 o
1904 1907 2027 1952 ccesra
2067 1909 2088 1950 u
2169 1933 2178 1949 .

494 1977 582 2043 sieut
604 1996 643 2041 se
664 1972 830 2060 patefecit.
1055 1936 1065 1969 ³
1601 1975 1688 2039 Mira
1708 1985 1786 2038 sunt
1805 1972 1889 2038 haec
1911 1985 1943 2036 et
1963 1971 2063 2059 longe
2086 1993 2189 2057 supra
2211 1992 2340 2036 omnem
2363 1985 2491 2038 creatu·

1517 2080 1627 2124 rarum
1660 2071 1789 2144 captum
1821 2060 1941 2143 posita.
1997 2057 2064 2122 Sed
2096 2060 2220 2121 scimus
2251 2055 2337 2121 haec
2370 2078 2491 2122 arcana

874 2157 938 2223 DE
966 2159 1092 2224 mlo,
1516 2141 1692 2209 Ecclesiae
1708 2141 1872 2228 patefacta
1894 2162 1980 2221 esse,
2002 2153 2038 2206 ut
2058 2141 2166 2206 Demn
2187 2157 2277 2206 recte
2298 2145 2490 2206 invocemus

493 2257 497 2264 ¹
1518 2241 1550 2294 et
1572 2247 1710 2294 caussas
1733 2229 1919 2316 cogitemus
1940 2227 2037 2290 huius
2056 2229 2197 2291 mirandi
2218 2226 2381 2306 beneficii,
2404 2229 2491 2312 quod

480 2329 484 2334 ·
582 2311 640 2378 Sic
664 2323 774 2378 autem
796 2312 995 2377 describitur
1014 2310 1128 2377 Filius.
1172 2311 1263 2376 loen.
1287 2311 1316 2374 l.
1341 2317 1405 2390 [vs.
1430 2309 1473 2390 1.]
1517 2312 1611 2377 Deus
1622 2325 1775 2378 aeternus
1783 2317 1828 2384 ⁸⁹)
1844 2309 1980 2378 foedere
1999 2313 2061 2375 sibi
2076 2323 2225 2376 naturam
2242 2310 2422 2376 humanam·
2436 2332 2490 2376 oo·

491 2397 684 2464 nominatur
711 2397 806 2478 λόγος.
856 2397 893 2461 Ιιι
921 2394 1074 2544 Epistola
1102 2399 1145 2462 ad
1174 2394 1310 2462 Coloss.
1340 2393 1385 2474 [1,
1409 2395 1472 2474 15.]
1517 2397 1652 2484 pulavit.
1674 2397 1764 2462 Vere
1774 2399 1873 2483 igitur
1884 2417 1957 2462 earn
1969 2407 2114 2461 curatae
2124 2395 2380 2482 diligitetbunc
2390 2395 2490 2460 lilimn

495 2483 684 2548 nominatur
703 2483 814 2568 imago
834 2480 910 2546 Dei.
957 2481 1022 2544 nE
1045 2485 1099 2546 ist.
1120 2481 1348 2548 adssebraeos
1370 2481 1473 2564 [t‚⁷.]
1516 2485 1615 2562 misit,
1636 2494 1673 2548 ut
1695 2494 1785 2546 esset
1805 2485 1992 2566 redemptor
2012 2493 2044 2546 et
2065 2483 2146 2544 iram
2169 2481 2331 2546 adversus
2353 2493 2491 2567 peccata

496 2578 638 2633 vocatur
659 2563 818 2649 splendor
838 2564 977 2652 ¹gloriae,
999 2505 1116 2646 iilest,
1138 2563 1269 2654 effigies
1287 2585 1349 2630 sen
1363 2568 1475 2714 imago
1516 2566 1675 2653 placaret,
1697 2578 1733 2631 ut
1749 2579 1868 2652 postea
1888 2568 2023 2650 saepius
2047 2567 2219 2631 dioendmn
2242 2579 2304 2630 est.

498 2652 705 2718 substantiae
725 2651 855 2726 Patris3
883 2671 925 2714 ae
950 2651 1042 2737 loqui
1071 2661 1193 2716 textum
1220 2650 1261 2715 de
1289 2662 1407 2716 natura
1450 2652 1476 2714 i·
1601 2651 1709 2717 Tertia
1729 2671 1884 2736 persona,
1906 2651 2047 2734 Spiritus
2069 2663 2216 2730 sanctus,
2237 2653 2354 2716 dieitur
2374 2672 2491 2736 proee-

496 2739 576 2802 vlna
597 2733 671 2799 Filii
693 2732 903 2802 manifestum
924 2747 995 2814 est,
1023 2739 1100 2820 quia
1125 2735 1247 2821 inquit,
1277 2735 1395 2800 Omnia
1414 2755 1477 2819 per
1519 2738 1598 2802 dere
1618 2758 1639 2801 a
1660 2735 1759 2800 Patre
1780 2749 1813 2802 ει
1830 2757 1850 2800 ιι
1871 2734 1965 2800 Filio.
2010 2735 2100 2800 llaec
2121 2738 2308 2820 proprietas
2329 2735 2406 2801 huie
2427 2749 2491 2802 ter-

498 2829 574 2888 'eum
597 2821 730 2886 condita
752 2841 839 2886 esse.
883 2819 920 2884 ln
942 2819 1102 2906 Symbolo
1126 2822 1260 2884 diciturr
1286 2819 1412 2886 Lumen
1434 2821 1476 2884 de
1517 2823 1582 2886 tiae
1604 2840 1769 2906 personae
1789 2823 1948 2887 tribuitur.
1993 2821 2158 2885 Tribuitur
2186 2821 2323 2886 ethaeo
2367 2825 2492 2906 roprie·

497 2907 631 2973 lumine.
664 2905 788 2970 Harum
810 2903 1066 2990 appellationum
1086 2903 1219 2970 collatio
1239 2901 1387 2970 declarat
1404 2924 1475 2969 eas.
1517 2919 1581 2985 tas,
1604 2906 1691 2992 quod
1714 2908 1757 2970 sit
1777 2925 1933 2991 persona,
1956 2926 2042 2991 quae
2063 2907 2197 2970 mittitur
2217 2908 2251 2969 in
2274 2845 2376 2971 ιονιξ
2397 2927 2492 2972 rena·

497 2989 603 3058 Filius
625 2991 744 3055 dicitur
765 2993 874 3076 imago
896 3001 929 3053 et
950 2991 1045 3072 λόγος.
1084 2990 1145 3054 Est
1165 2990 1267 3075 igitur
1287 2990 1397 3076 imago
1420 3011 1476 3056 co-
1518 2995 1697 3070 scentium,
1730 2991 1762 3054 id
1787 3001 1854 3070 est,
1884 3012 1948 3077 qua
1970 3011 2117 3074 persona
2137 2989 2237 3056 Pater
2257 3003 2290 3054 et
2310 2992 2413 3056 Filius
2437 3012 2492 3057 ac-

499 3077 657 3164 gitatione
677 3074 787 3140 Patris
809 3076 936 3162 genita,
965 3076 1054 3161 quod
1075 3085 1112 3140 ut
1139 3071 1251 3162 aliquo
1276 3077 1376 3140 modo
1397 3095 1476 3140 eon·
1519 3078 1663 3142 cendunt
1679 3096 1800 3142 novam
1821 3075 1939 3155 lucem,
1960 3097 2068 3141 novos
2090 3085 2196 3140 motus
2210 3073 2284 3139 Deo
2306 3075 2493 3160 placentes,

498 3163 638 3228 siderari
660 3163 783 3244 possit,
812 3183 834 3226 a
855 3171 973 3227 nostra
992 3171 1102 3226 mente
1122 3156 1274 3243 exempla
1296 3161 1475 3247 capiamus.
1517 3163 1672 3228 iustitiam
1704 3173 1737 3226 et
1769 3163 1868 3227 vitam
1895 3162 1929 3226 in
1962 3163 2117 3226 cordibus
2148 3163 2398 3224 renascentium.
2450 3160 2494 3226 Et

483 3267 487 3274 ·
583 3243 700 3312 Voluit
727 3249 813 3312 enim
835 3245 929 3310 Deus
955 3246 989 3309 in
1011 3244 1144 3311 homine
1165 3246 1315 3329 conspici
1336 3247 1476 3330 vestigia
1518 3267 1636 3312 revera
1657 3260 1736 3313 tunc
1756 3248 1851 3312 adest
1862 3247 2003 3331 Spiritus
2021 3257 2156 3312 sanetus
2176 3247 2210 3310 in
2233 3246 2398 3325 cordibus,
2412 3265 2494 3310 cum

499 3355 573 3412 sua,
595 3345 629 3397 et
650 3333 680 3395 si
701 3327 843 3396 hominis
864 3344 983 3396 natura
999 3333 1187 3396 retinuisset
1203 3333 1341 3414 primam
1353 3329 1474 3410 lucem,
1520 3353 1560 3398 ea
1580 3334 1677 3420 regit,
1697 3343 1810 3398 movet
1832 3343 1864 3397 et
1885 3335 2054 3410 accendit,
2079 3344 2116 3397 ut
2139 3331 2168 3394 l.
2191 3329 2267 3396 Cor.
2290 3331 2311 3395 3
2332 3337 2400 3411 [vs.
2423 3331 2492 3410 164

499 3415 672 3483 seculum
705 3427 798 3481 esset
827 3417 956 3482 divinae
983 3429 1122 3482 naturae
1150 3415 1257 3479 minus
1285 3417 1474 3482 obscurum.
1519 3418 1651 3482 dicitur:
1686 3416 1855 3502 Templum
1877 3418 1940 3482 Dei
1963 3419 2055 3496 estis,
2077 3428 2110 3481 et
2127 3418 2261 3500 spiritus
2282 3417 2346 3480 Dei
2366 3417 2495 3481 habitat

483 3513 488 3524 '
530 3521 596 3568 unc
621 3503 654 3564 in
683 3499 748 3566 bae
777 3497 918 3588 caligine
939 3512 1049 3566 tamen
1071 3499 1115 3565 ali
1138 3521 1183 3564 ua
1203 3503 1311 3566 notari
1332 3501 1476 3588 vestigia
1517 3505 1550 3568 in
1572 3504 1680 3569 vobis.
1723 3502 1815 3568 llaec
1837 3505 2031 3588 gubernatio
2059 3515 2092 3567 et
2113 3502 2329 3567 sanctificatio
2351 3512 2493 3567 vocatur

497 3597 652 3686 possum.
677 3585 789 3690 'Mens
809 3584 952 3650 humana
974 3521 1153 3674 cogitanrlo
1174 3605 1252 3650 mox
1272 3587 1377 3672 pingit
1391 3587 1476 3690 ima·
1517 3591 1603 3694 actio
1626 3587 1781 3693 specialis
1798 3588 1873 3693 Dei.
1916 3588 1961 3652 Ut
1982 3601 2090 3652 autem
2107 3587 2211 3652 Filius
2227 3589 2379 3692 nascitur
2402 3588 2492 3672 eogi-

491 3673 903 3834 ffiisiillil‘ii
924 3670 999 3820 iit
1021 3691 1198 3842 itit,
1217 3668 1476 3841 iiitqittti?
1517 3670 2493 3844 ‘titt‘e“tritttitrsis'tisztttiistitit

499 3843 641 3918 tationes
663 3839 741 3905 illae
763 3843 891 3906 subitae
914 3853 947 3904 et
968 3851 1206 3906 evanescentes
1229 3843 1386 3906 actiones.
1430 3840 1476 3903 Ar
1518 3863 1616 3928 gere,
1648 3844 1734 3906 sieut
1755 3853 1787 3906 et
1810 3863 1868 3906 eor
1889 3840 2066 3908 humanum
2082 3863 2150 3906 non
2171 3845 2396 3928 imagines,⁴¹)
2430 3842 2492 3905 sed

499 3923 597 4010 poter
616 3937 770 3989 aeternus
792 3945 870 3989 sese
886 3927 1020 3989 intuens
1039 3926 1145 4012 gignit
1163 3925 1395 4009 cogitationem
1413 3926 1476 4002 sui,
1520 3930 1654 4012 spiritus
1677 3946 1738 3991 seu
1759 3925 1881 3991 halitus
1903 3931 2017 4013 gignit.

501 4031 588 4098 quae
609 4021 661 4074 est
680 4010 790 4094 imago
811 4011 928 4093 ipsius,
953 4029 1021 4073 non
1043 4029 1262 4087 evanescens,
1285 4012 1346 4075 sed
1369 4011 1477 4090 subsi7

501 4107 595 4160 stens
618 4094 857 4160 communicata
877 4095 941 4180 ipsi
963 4095 1117 4158 essentia.
1130 4097 1175 4168 ⁸⁸)
1969 4156 1977 4171 ,
2134 4155 2142 4172 ,

531 4205 534 4210 ·
588 4180 681 4244 llaec
712 4180 812 4264 igitur
843 4181 953 4265 imago
986 4191 1038 4243 est
1069 4179 1219 4244 secunda
1250 4197 1411 4262 persona,
1444 4189 1478 4242 et
1813 4156 1979 4236 Testr
1995 4185 2036 4236 m
2052 4185 2076 4234 0
2090 4186 2118 4236 n
2132 4185 2145 4235 l
2160 4185 2195 4236 a·

499 4265 704 4342 'adveniunt
724 4261 973 4349 appellationes.
1014 4261 1146 4329 Dicitur
1167 4263 1263 4345 λόγος,
1286 4265 1362 4348 quia
1386 4265 1477 4350 cog·-

486 4351 627 4418 ·iatione
656 4361 843 4434 generatur.
886 4348 1018 4440 Dicitur
1049 4352 1177 4436 imago,
1209 4351 1286 4434 quia
1319 4349 1477 4497 cogitatio
1605 4347 1720 4415 blattlr.
1741 4347 1853 4415 ultimo
1890 4349 2416 4437 28,19.]:Brprrzanreseostn
2433 4370 2494 4414 no-

488 4437 688 4523 'bstimago
712 4436 759 4499 rei
781 4438 956 4522 cogitatae.
999 4433 1131 4500 Dicitur
1157 4432 1315 4518 splendor
1337 4435 1476 4521 gorlae,
1519 4437 1606 4500 mine
1628 4433 1737 4500 Patris
1766 4447 1799 4500 et
1819 4433 1895 4500 Filii
1922 4447 1953 4500 et
1975 4437 2116 4520 Spiritus
2145 4439 2261 4501 saneti.
2305 4435 2366 4499 llio
2388 4436 2494 4498 nomi-

487 4523 592 4606 ·quod
614 4521 745 4586 Graece
773 4520 1011 4606 significantius
1033 4521 1100 4585 scri
1123 4531 1190 4584 tum
1213 4532 1263 4584 est
1284 4519 1477 4600 ἀπαύγασμα,
1519 4523 1620 4585 ιιειὶιιι
1653 4531 1721 4584 tres
1753 4539 1916 4605 personas
1948 4534 2100 4587 recenset
2122 4535 2153 4587 ει
2174 4523 2282 4586 tribuit
2304 4523 2353 4585 eis
2375 4539 2492 4605 parem

491 4607 538 4688 id
557 4615 621 4684 est,
642 4608 686 4671 ab
707 4603 773 4670 alia
793 4605 870 4671 luce
891 4604 1051 4690 splendor
1112 4606 1188 4668 itus.
1220 4605 1277 4670 Sic
1300 4603 1404 4671 Filius
1426 4616 1478 4668 est
1543 4608 1697 4672 otentiam
1731 4616 1763 4669 et
1793 4605 1965 4671 honorem.
2010 4605 2121 4672 Voluit
2154 4612 2238 4672 enim
2272 4605 2424 4670 Christus
2457 4607 2493 4668 in

491 4689 665 4774 splendor
692 4711 713 4754 a
738 4689 813 4756 luce
840 4690 1126 4774 paterna.edtrus;
1154 4691 1238 4755 siout
1261 4693 1293 4755 in
1316 4688 1477 4776 Symbolo
1519 4628 1583 4756 lac
1604 4693 1711 4776 prima
1731 4695 1917 4756 ceremonia
1939 4691 2112 4776 complecti
2132 4713 2289 4758 summam
2306 4688 2490 4775 Evangelii.

503 4774 640 4861 legitur:
661 4774 788 4840 Lumen
812 4777 853 4840 de
874 4775 1007 4841 lumine.
1051 4774 1144 4838 item:
1165 4773 1303 4860 Effigies
1324 4778 1478 4841 substan·
1520 4776 1631 4850 Quare
1663 4775 1761 4840 simul
1794 4787 1828 4839 et
1860 4775 2054 4842 testificatur
2085 4779 2187 4861 recipi
2219 4797 2281 4840 nos
2302 4797 2323 4839 a
2343 4775 2436 4854 Deo,
2459 4787 2491 4839 et

502 4863 570 4926 tiae
590 4862 707 4943 patris,
728 4862 761 4924 id
784 4871 848 4938 est,
868 4863 979 4948 imago
1000 4880 1068 4925 norr
1085 4880 1302 4939 evanescens,
1324 4861 1384 4925 sed
1401 4862 1478 4925 sub·
1521 4863 1636 4939 docet,
1667 4861 1741 5010 guis
1769 4861 1812 4925 sit
1833 4859 1941 4941 Deus,
1975 4883 2070 4947 quem
2097 4863 2204 4927 Deum
2229 4865 2433 4940 invocemus,
2459 4872 2492 4924 et

501 4947 629 5012 sistens
652 4947 892 5010 communicata
914 4948 1069 5010 essentia
1520 4946 1598 5032 quid
1630 4947 1726 5011 nois
1758 4945 1869 5010 donet.
1913 4948 1986 5035 Ego
2013 4951 2145 5031 baptizo
2168 4960 2201 5012 ιε
2223 4948 2404 5012 innomine
2428 4945 2493 5009 Pa·

591 5029 637 5095 Ut
664 5030 762 5116 igitur
788 5035 822 5096 in
850 5043 968 5096 natura
995 5030 1161 5094 hominum
1189 5028 1306 5096 Filium
1338 5031 1477 5095 dicimus
1519 5033 1578 5094 tris
1597 5042 1630 5094 et
1650 5025 1721 5094 Filii
1744 5041 1777 5096 et
1794 5029 1935 5115 Spiritus
1954 5035 2072 5111 saneti,
2094 5034 2125 5096 id
2149 5046 2215 5097 est:
2237 5031 2310 5120 Ego
2327 5029 2494 5096 testificor

505 5117 652 5205 genitum
682 5117 723 5179 de
754 5117 941 5180 substantia
966 5115 1090 5194 Patris,
1121 5113 1259 5181 similem
1289 5115 1398 5190 Patri3
1429 5113 1479 5180 lta

1519 5286 1566 5350 89)
1585 5285 1718 5351 aeternus]
1738 5288 1810 5341 liditt.
1830 5289 1903 5338 1-7.
1922 5288 1946 5338 9.
1969 5289 2007 5336 tt.
2025 5293 2130 5342 aeterno

505 5389 553 5453 ³7)
572 5393 598 5440 et
615 5387 811 5452 invocationem}
831 5387 904 5440 iidltt.
925 5389 948 5436 1.
966 5387 991 5436 3.
1010 5390 1036 5439 et
1052 5388 1107 5441 ruit
1124 5389 1309 5442 invocationem
1519 5386 1566 5448 4ο)
1585 5388 1652 5439 enlm
1670 5388 1721 5454 est]
1741 5390 1813 5443 iiditt
1835 5393 1856 5439 1.
1876 5391 1899 5441 3.
1919 5393 1960 5444 est
1977 5391 2044 5442 enirn

505 5489 553 5554 ³8)
571 5503 623 5544 non
640 5501 798 5542 evanescens
868 5488 1000 5554 essentia]
1020 5488 1094 5542 Editt
1109 5490 1165 5539 ts.
1183 5489 1393 5553 etbuieimeglui
1409 5501 1479 5542 com·
1518 5489 1566 5554 41)
1582 5489 1717 5555 imagines]
1746 5492 1783 5544 stc
1808 5503 1897 5544 omnes
1923 5492 2005 5555 Editt,
2032 5499 2138 5557 excepta
2156 5494 2199 5546 Ed.
2230 5493 2282 5557 ab„
2312 5505 2378 5557 quae
2397 5493 2496 5547 babet:

575 5559 688 5613 munitat
704 5570 779 5612 susm
797 5559 945 5612 essentiam.
1586 5557 1732 5619 inermem.
