5859 6734
1176 723 1287 804 Ptin„
1308 736 1411 804 nini.
1433 737 1620 806 SCRIPTA
1640 733 1914 804 DOGMATlCA.

535 739 610 804 atii
2478 737 2543 808 668

547 915 679 990 actuale
701 921 780 989 iacit
801 944 878 988 reos
899 937 1034 1009 propter
1055 938 1206 990 nostrum
1228 924 1369 1003 factum,
1402 937 1437 990 ai
1459 930 1522 991 ori·
1564 926 1652 1012 quod
1686 927 1882 990 comitantur
1914 923 2090 990 horribiles
2112 943 2250 1009 poenae.
2295 924 2436 997 Quoties
2458 947 2540 1014 ergo

548 1007 657 1096 ginale
679 1029 755 1072 reos
782 1021 871 1074 tenet
893 1021 961 1073 111111
982 1023 1118 1094 propter
1140 1007 1280 1074 alienum
1301 1008 1522 1093 lapsum,tum
1562 1011 1749 1076 nominatur
1769 1022 1955 1094 peccatum,
1978 1011 2184 1074 discernatur
2204 1008 2289 1073 haec
2306 1009 2486 1093 appellatio
2508 1017 2540 1078 in

546 1107 682 1178 propter
711 1106 859 1158 nostram
884 1097 1110 1172 immuditiem,
1133 1115 1219 1179 quae
1240 1098 1389 1159 nascitur
1409 1098 1521 1160 nobis·
1563 1091 1717 1159 Ecclesia
1736 1115 1757 1157 a
1774 1094 2009 1177 Philosophica
2027 1092 2247 1178 appellatione
2269 1096 2353 1170 viiii3
2376 1097 2462 1162 Nam
2479 1097 2540 1163 Ec·

547 1199 633 1244 cum.
1564 1178 1669 1244 clesia
1692 1182 1904 1245 concionatur
1926 1182 1967 1243 de
1990 1181 2107 1244 iudicio
2131 1191 2163 1242 et
2185 1180 2226 1243 de
2247 1182 2297 1243 ira
2318 1179 2392 1244 Dei.
2459 1217 2461 1222 .

540 1311 543 1316 -
630 1263 759 1329 Deinde
780 1263 907 1349 fingunt
927 1266 990 1347 ipsi
1012 1273 1045 1328 et
1067 1262 1142 1342 hoc,
1164 1262 1290 1348 Legem
1310 1263 1376 1328 Dei
1397 1275 1522 1330 tantum
1650 1263 1687 1328 Si
1719 1267 1793 1348 quis
1818 1266 2031 1349 imaginatur,
2064 1276 2235 1347 peccatum
2258 1267 2394 1350 originis
2415 1279 2540 1334 tantum

545 1347 689 1414 actualia
708 1361 849 1431 peccata
871 1351 1036 1426 damnare,
1059 1350 1148 1434 quod
1169 1346 1521 1416 ialsumesseconstat
1564 1368 1641 1412 esse
1662 1360 1787 1413 reatum
1808 1362 1944 1434 propter
1965 1348 2093 1433 lapsum
2115 1350 2210 1414 Adae
2232 1351 2304 1414 sine
2326 1354 2487 1435 pravitate
2506 1357 2539 1417 in

545 1451 627 1498 aas
669 1435 746 1498 timo
769 1436 876 1517 capite
898 1435 941 1498 ad
961 1433 1141 1498 Romanos.
1563 1436 1678 1512 nobis,
1711 1449 1807 1498 errat.
1852 1435 1987 1518 Siquis
2017 1445 2124 1498 autem
2149 1438 2333 1514 contendit,
2363 1449 2538 1504 nascentes

661 1521 777 1584 ominis
799 1520 882 1584 ratio
904 1520 937 1581 in
960 1518 1140 1601 Scripturis
1161 1516 1335 1584 manifesta
1355 1531 1423 1598 est,
1443 1541 1521 1604 peo-
1563 1538 1640 1582 esse
1670 1540 1746 1582 reos
1773 1533 1805 1583 et
1827 1533 1963 1603 propter
1982 1520 2077 1587 Adae
2099 1518 2229 1602 lapsum
2252 1533 2285 1584 et
2306 1533 2440 1605 propter
2459 1546 2538 1607 pra-

541 1618 654 1672 catum
698 1606 808 1687 ropn'e
830 1603 1020 1689 significare
1041 1604 1197 1689 quiddam
1217 1624 1309 1668 reum
1332 1626 1372 1669 ac
1389 1606 1521 1670 damna·
1563 1606 1696 1668 vitatem
1718 1606 1891 1669 nobiscum
1912 1616 2114 1683 nascentem,
2137 1626 2202 1668 non
2221 1607 2372 1689 impedio,
2397 1629 2461 1693 quo
2479 1612 2538 1672 mi·

543 1703 613 1756 turn
633 1710 655 1755 a
709 1709 768 1767 eo,
794 1690 858 1753 nisi
880 1690 937 1754 fiat
958 1690 1120 1753 remissio.
1165 1688 1256 1753 Haec
1277 1687 1442 1774 generalis
1464 1691 1520 1754 de-
1562 1708 1625 1752 nus
1658 1690 1758 1752 addat
1791 1710 1863 1753 eam
1884 1686 2077 1773 particulam
2100 1690 2288 1768 definitioni,
2311 1694 2398 1775 quod
2421 1713 2539 1775 pecca·

544 1776 680 1858 scriptio
708 1774 863 1840 convenit
889 1786 1029 1859 peccato
1056 1775 1193 1859 originis
1223 1784 1256 1838 et
1276 1772 1407 1840 actuali.
1451 1774 1520 1839 Sed
1562 1785 1631 1837 tum
1652 1775 1695 1837 sit
1716 1785 1782 1838 tum
1806 1786 1916 1838 reatus
1933 1775 2173 1859 propterAdae
2195 1773 2336 1858 lapsum,
2359 1788 2427 1840 tum
2451 1777 2538 1842 defe-

543 1863 621 1946 quia
653 1870 781 1924 tantum
812 1859 849 1923 fit
880 1861 1002 1923 mentio
1030 1857 1217 1937 relationis,
1244 1859 1374 1924 scilicet
1394 1872 1519 1937 reatus,
1563 1869 1636 1922 ctus
1658 1856 1712 1923 vel
1734 1856 1901 1923 inclinatio
1924 1858 1979 1922 vel
2000 1859 2086 1924 actio
2108 1880 2260 1943 pugnans
2284 1883 2357 1924 cum
2369 1861 2463 1948 Lege
2474 1863 2539 1927 Dei

542 1946 672 2030 quaerit
702 1964 796 2010 mens
829 1947 925 2009 etiam
952 1945 1003 2022 id,
1035 1957 1171 2029 propter
1203 1946 1293 2028 quod
1318 1944 1417 2009 homo
1439 1964 1518 2009 reus
1561 1954 1624 2006 etc.
1669 1943 1736 2007 Sed
1758 1942 1836 2007 nolo
1854 1946 2044 2008 tenuissime
2067 1947 2175 2008 onmia
2196 1943 2320 2009 limare.
2364 1946 2439 2010 Hoc
2462 1969 2539 2013 con·

542 2043 606 2096 est.
650 2030 728 2094 ldeo
750 2028 815 2092 hac
836 2029 1025 2094 definitione
1050 2041 1144 2106 utor,
1174 2038 1207 2091 et
1234 2031 1372 2110 optarim
1405 2040 1518 2093 extare
1560 2038 1644 2106 stat,
1676 2039 1811 2112 propter
1832 2030 1927 2094 Adae
1954 2027 2082 2113 lapsum
2108 2032 2290 2112 posteritati
2324 2031 2444 2095 deesse
2467 2055 2538 2098 eam

543 2113 688 2217 aliquam
707 2117 742 2177 in
758 2112 924 2191 Ecclesia,
945 2111 1121 2179 multorum
1143 2114 1315 2178 ductorum
1336 2125 1370 2178 et
1390 2117 1518 2199 piorum
1559 2110 1678 2192 lucem,
1701 2133 1785 2197 quac
1806 2111 1897 2178 fulsit
1918 2115 1951 2177 in
1973 2127 2091 2178 natura
2112 2116 2179 2177 inte
2221 2136 2252 2192 a,
2266 2127 2297 2178 et
2309 2119 2539 2184 rectitudinem

541 2199 669 2263 iudiciis
690 2200 921 2282 compositam:
943 2197 1121 2263 Peccatum
1143 2209 1196 2261 est
1218 2195 1369 2264 defectus
1392 2197 1447 2264 vel
1469 2219 1517 2263 m·
1560 2195 1742 2264 voluntatis
1764 2212 1797 2263 et
1818 2200 1946 2275 cordis,
1968 2221 2008 2263 ac
2030 2212 2166 2283 propter
2206 2219 2265 2264 aec
2287 2197 2374 2265 mala
2398 2222 2538 2267 nascen-

543 2280 674 2348 cliuatio
697 2282 753 2349 vel
774 2285 860 2348 actio
882 2303 1036 2367 pugnans
1058 2305 1133 2348 cum
1145 2281 1239 2369 Lege
1249 2282 1323 2362 Dei,
1345 2284 1516 2348 offendens
1560 2294 1615 2346 tes
1638 2301 1715 2348 esse
1735 2302 1812 2347 reos
1834 2304 1900 2348 non
1922 2284 2055 2348 dubium
2077 2296 2138 2347 est.
2411 2363 2413 2368 Ι

543 2368 663 2447 Deum,
697 2370 849 2433 damnata
870 2390 893 2432 a
912 2368 1009 2446 Deo,
1043 2381 1076 2431 et
1102 2366 1230 2432 iaciens
1258 2388 1335 2431 reos
1363 2382 1518 2434 aeternae
1647 2367 1835 2433 Constituto
1856 2381 1963 2432 autem
1991 2369 2178 2432 definitione
2199 2374 2324 2452 peccati
2346 2374 2380 2435 in
2402 2391 2538 2458 genere,

542 2456 613 2517 irae
646 2463 678 2517 et
700 2466 909 2518 aeternarum
929 2472 1121 2535 poenarum,
1143 2455 1206 2516 nisi
1227 2454 1271 2517 sit
1291 2449 1382 2517 iacta
1402 2455 1517 2518 remis·
1561 2453 1677 2517 deinde
1700 2455 1742 2518 de
1763 2455 1937 2537 speciebus
1959 2454 2098 2533 dicutur,
2122 2456 2162 2517 de
2185 2455 2334 2539 originali
2352 2469 2385 2519 et
2404 2459 2538 2540 actuali,

541 2538 605 2602 sio.
647 2536 686 2604 ln
716 2537 781 2603 bac
813 2538 1001 2602 definitione
1033 2558 1158 2623 genera
1190 2550 1267 2602 sunt
1301 2536 1451 2604 desectus
1485 2549 1518 2602 ct
1560 2558 1622 2602 nec
1655 2556 1805 2602 seramus
1839 2543 2020 2619 λογομαχίας
2042 2551 2075 2602 et
2097 2538 2324 2605 cavillationes
2347 2545 2538 2622 verborum,

542 2623 728 2706 inclinatio,
772 2643 857 2708 quae
904 2635 1089 2707 congruunt
1127 2625 1171 2687 ad
1209 2621 1331 2687 malum
1370 2625 1518 2709 originis.
1561 2625 1622 2687 sed
1656 2643 1710 2687 res
1742 2625 1953 2687 necessarias
1985 2626 2019 2687 in
2052 2623 2253 2707 Prophetica
2286 2638 2318 2689 et
2340 2626 2538 2711 Apostolica

541 2711 641 2776 Actio
661 2708 915 2792 comprehendit
935 2709 1044 2773 omnia
1066 2706 1209 2772 actualia
1228 2709 1385 2773 interiora
1407 2721 1440 2773 et
1462 2729 1518 2773 ex·
1561 2708 1725 2791 scriptura
1757 2719 1790 2771 et
1818 2710 2011 2773 testimoniis
2046 2711 2146 2773 certis
2168 2712 2365 2793 scriptorum
2387 2725 2538 2779 retemm

541 2797 673 2862 teriora.
1561 2794 1698 2856 traditas
1725 2794 1923 2858 retineamus
1930 2839 1940 2872 ,
1975 2815 2057 2878 quas
2086 2796 2114 2857 si
2144 2793 2199 2858 alii
2220 2795 2337 2860 melius
2359 2796 2538 2882 explicant,

626 2879 821 2946 Diiiermtia
847 2880 1029 2945 communis
1050 2891 1120 2956 esi,
1151 2897 1306 2963 pugnans
1328 2898 1403 2943 cum
1425 2877 1518 2965 Lege
1559 2874 1700 2942 libenter
1731 2879 1878 2960 ipsorum
1907 2898 2061 2943 sermone
2092 2891 2232 2944 utamur.
2282 2882 2356 2946 Non
2387 2885 2472 2947 enim
2495 2885 2538 2948 de

541 2963 616 3030 Dei.
659 2965 745 3030 Nam
756 2965 828 3031 Lex
849 2984 917 3028 non
934 2975 1059 3030 tantmn
1081 2964 1297 3028 concionatur
1319 2964 1361 3026 de
1384 2965 1518 3028 actioni-
1559 2963 1671 3026 verbis
1699 2983 1903 3047 pugnamus,
1936 2965 1996 3027 sed
2017 2985 2073 3029 res
2096 2969 2307 3029 necessarias
2330 2970 2536 3050 exponimus.

542 3050 622 3128 bus,
649 3061 686 3116 ut
707 3052 820 3117 dicunt
840 3051 1041 3128 adversarii,
1073 3049 1252 3113 sedetiam
1275 3049 1407 3112 damnat
1427 3060 1518 3113 tene·
1559 3045 1641 3110 Mihi
1651 3063 1721 3112 non·
1730 3046 1882 3132 displicet
1892 3050 2024 3113 retineri
2036 3048 2209 3115 Ansbelmi
2221 3052 2537 3137 descriptionern.⁸⁹)

474 3163 482 3176 r
541 3134 630 3216 bras,
653 3133 803 3201 desectus
823 3148 855 3201 et
875 3154 998 3221 pravas
1020 3132 1250 3199 inclinationes
1271 3133 1306 3196 in
1322 3143 1441 3198 namra
1459 3133 1517 3198 lio·

539 3224 647 3301 minis,
667 3235 705 3289 ut
725 3221 821 3287 Rom
845 3223 876 3285 7.
898 3218 1022 3286 Paulus
1044 3221 1203 3284 acerrime
1224 3218 1403 3282 contendit.

624 3308 753 3373 Deinde
786 3308 899 3372 addita
929 3318 1007 3370 sunt
1026 3307 1177 3389 propria,
1211 3304 1366 3368 damnata
1386 3323 1407 3366 a
1427 3302 1515 3382 Deo,
1791 3286 1852 3352 DE
1874 3286 2077 3354 PEGCATO
2100 3291 2300 3358 (lRlGlNlS.

540 3392 710 3458 offendens
732 3391 840 3457 Deum
869 3403 902 3455 et
928 3389 1054 3455 faciens
1085 3409 1163 3454 reos
1188 3390 1259 3466 irae
1281 3400 1314 3452 et
1334 3408 1516 3470 poenarum

540 3489 604 3541 etc.
648 3478 743 3542 lianc
774 3478 1008 3561 proprietatem
1028 3473 1232 3550 Ecclesiae)
1261 3474 1439 3557 praecipue
1466 3474 1515 3535 in-

540 3559 661 3628 culcat.
714 3563 799 3628 Nam
830 3563 914 3625 ratio
946 3558 1098 3646 intelligit
1129 3561 1207 3624 vitia
1240 3569 1357 3622 contra
1389 3559 1514 3645 Legem

539 3645 603 3712 Dei
637 3665 727 3726 esse,
760 3647 823 3712 sed
853 3648 936 3710 iram
957 3645 1022 3709 Dei
1050 3656 1169 3729 postea
1190 3641 1338 3729 negligit.
1382 3643 1514 3708 Praeci-

538 3753 605 3816 pua
621 3737 668 3811 ⁴⁸)
709 3734 810 3822 igitur
840 3730 935 3796 baec.
956 3732 1144 3815 proprietas
1177 3730 1418 3793 consideranda
1450 3740 1512 3807 est,

539 3819 667 3900 quoties
698 3819 883 3884 nominatur
913 3826 1103 3900 peccatum,
1134 3825 1172 3878 ut
1199 3814 1343 3878 sciamus
1374 3811 1513 3899 intelligi

539 3902 694 3986 quiddam
714 3922 805 3968 reum
826 3913 860 3966 et
880 3902 1066 3966 damnmum
1088 3919 1110 3962 a
1129 3898 1217 3962 Deo.

623 3987 762 4072 Sumpta
782 3997 964 4052 astantem
984 3984 1070 4050 haec
1091 3981 1235 4048 definitio
1258 4003 1301 4047 ex
1316 3981 1368 4046 bis
1383 3985 1511 4047 verbisz

539 4067 736 4137 Maledictus
757 4074 815 4158 qui
834 4091 903 4138 non
923 4080 1035 4134 manet
1055 4070 1089 4134 in
1106 4069 1269 4145 omnibus,
1291 4088 1377 4153 quae
1387 4069 1514 4153 scripta

539 4169 618 4222 sunt
638 4158 672 4222 iu
685 4157 795 4244 Lege.
839 4155 1019 4222 Peccatum
1040 4153 1152 4219 definit
1171 4155 1424 4217 inobedientiam
1446 4175 1512 4218 ma—

539 4240 691 4310 ledictam
718 4263 741 4308 a
767 4242 854 4308 Deo.
904 4241 946 4306 Et
974 4237 1174 4322 intelligatur
1200 4238 1422 4302 inobedientia
1446 4257 1513 4301 non

539 4341 664 4400 matum
688 4327 847 4407 actualis,
879 4329 939 4392 sed
960 4328 1130 4402 universa,
1162 4344 1247 4409 quae
1269 4325 1376 4389 estin
1396 4334 1514 4387 natura

539 4415 679 4482 borninis
702 4417 863 4480 adversus
884 4411 1003 4478 Deum.
1046 4407 1107 4472 Est
1135 4420 1244 4473 autem
1265 4421 1361 4474 auox
1380 4409 1514 4485 additio,

541 4501 605 4566 dici
626 4498 834 4564 maledictum
856 4496 973 4576 aDeo,
994 4496 1027 4559 id
1049 4505 1111 4575 est,
1133 4495 1298 4578 quiddam,
1321 4493 1514 4580 quodDeus

539 4585 642 4649 iratus
669 4585 776 4650 reiicit
805 4596 838 4649 et
864 4579 1115 4666 propterquod
1145 4591 1328 4645 creaturam
1349 4581 1460 4645 abiicit
1481 4581 1513 4642 in

539 4668 715 4736 horribiles
738 4688 876 4753 poenas.

626 4753 821 4841 Congruunt
857 4756 955 4818 ctiam
988 4773 1061 4817 cuni
1093 4749 1159 4816 hac
1192 4750 1379 4815 definitione
1411 4751 1516 4815 verba

540 4837 633 4908 Pauli
659 4841 755 4906 Rom.
783 4839 813 4903 1.
856 4835 1035 4904 Revelatur
1061 4837 1111 4900 ira
1131 4835 1195 4899 Dei
1223 4836 1264 4898 de
1291 4834 1387 4899 coelo
1415 4854 1517 4918 super

541 4947 670 4994 omnem
691 4927 887 5011 impietatem
906 4935 970 4988 etc.
1013 4920 1056 4985 Et
1077 4920 1171 4985 Rom.
1194 4920 1225 4983 i.
1248 4921 1351 5005 inquit
1372 4917 1514 4983 Paulus:

541 5011 607 5080 l’sr
626 5011 752 5096 Legem
777 5019 950 5093 peccatum
976 5005 1015 5070 fit
1043 5003 1246 5071 excellenter
1267 5015 1460 5090 peccatum,
1481 5005 1516 5069 id

541 5111 607 5166 asta
648 5096 721 5164 Lex
741 5104 902 5160 monstrat
922 5093 1007 5158 iram
1025 5089 1108 5170 Dei,
1141 5111 1207 5176 qua
1228 5092 1343 5176 agnita
1363 5087 1515 5176 intelligi·

539 5202 614 5250 mus
634 5191 783 5260 noscam
801 5178 1011 5244 immuditicm
1031 5196 1099 5241 non
1120 5197 1198 5242 esse
1213 5176 1289 5242 leve
1298 5174 1432 5256 1111111111,
1453 5176 1515 5241 sed

541 5286 620 5332 esse
640 5266 796 5351 quiddam
817 5282 921 5340 raian,
944 5263 1140 5341 demiratum,
1162 5259 1369 5332 maledictum
1390 5260 1514 5340 aDeo,

541 5523 588 5584 42)
604 5519 727 5588 maesia]
746 5520 818 5574 mitt
836 5522 859 5573 2.
878 5523 903 5572 9.
923 5523 947 5572 7.
967 5522 993 5571 9.
1013 5521 1050 5572 12.
1070 5520 1112 5571 22.
1131 5521 1171 5571 21.
1188 5520 1298 5572 29-91.
1315 5520 1442 5576 nassae

540 5624 587 5687 it)
605 5621 843 5698 PraecipuaJaiditt
860 5624 886 5675 2.
905 5624 997 5675 4-11.
1019 5623 1058 5674 19.
1077 5623 1119 5676 tt.
1138 5621 1178 5673 27.
1196 5621 1334 5684 Praecipue

1613 3438 1844 3516 ⁴⁴)Peccaium
1867 3443 2005 3527 originis
2029 3457 2080 3509 est
2103 3448 2247 3510 carentia
2265 3447 2410 3510 iustitiae
2432 3452 2534 3534 origi-

1558 3521 1642 3590 nalis
1672 3525 1804 3592 debitae
1831 3529 1952 3592 inesse.
2005 3529 2073 3593 Sed
2100 3527 2184 3596 baec
2212 3532 2392 3615 descriptio
2424 3534 2536 3598 brevis

1556 3622 1589 3673 et
1622 3611 1765 3675 obscura
1798 3613 1924 3699 indiget
1952 3611 2103 3698 longiore
2126 3617 2341 3680 enarratione.
2386 3617 2536 3682 Necesse

1556 3708 1609 3759 cst
1631 3696 1718 3759 eninr
1741 3700 1873 3779 quaeri,
1908 3700 1987 3782 quid
2015 3699 2180 3784 significet
2213 3702 2333 3766 iustitia
2355 3700 2534 3786 originalis.

1555 3987 1771 4050 1091111111.
1807 3988 1939 4041 Peccatum
1967 3991 2071 4052 originis
2090 3995 2131 4042 est
2155 4017 2188 4027 -
2206 4017 2238 4029 -
2256 3997 2283 4044 et
2300 3996 2475 4055 magnitudine
2494 4009 2535 4047 ra·

1623 4055 1907 4122 ammudatemque
1925 4058 2062 4110 aestimare
2081 4059 2241 4111 eadebebai.
2261 4061 2372 4113 infiditt
2392 4065 2415 4110 i.
2428 4067 2452 4115 9.
2466 4068 2535 4116 aas!

1623 4134 1672 4186 ea,
1699 4135 1772 4186 qaue
1796 4124 1825 4177 in
1843 4125 1914 4178 Editt
1932 4127 2061 4178 secundae
2080 4128 2172 4180 artatis
2191 4140 2248 4190 pag.
2267 4131 2325 4182 979.
2344 4131 2389 4182 iio,
2408 4133 2433 4183 2.
2452 4144 2532 4196 usque

1625 4189 1659 4241 ad
1685 4203 1710 4254 p.
1728 4191 1787 4244 995.
1807 4193 1907 4245 111122.
1926 4197 2029 4245 nostrae
2046 4193 2091 4245 ni.
2108 4195 2254 4258 tulerim,
2283 4207 2339 4248 aori
2356 4198 2471 4250 omissis
2490 4199 2534 4262 iia,

1625 4269 1699 4320 quae
1716 4260 1754 4312 itt
1770 4258 1880 4312 addunt
1895 4260 1968 4312 Editt.
1989 4260 2095 4312 11-13.
2114 4268 2140 4313 et
2152 4263 2223 4324 opp..
2239 4264 2292 4316 doc
2308 4265 2403 4318 modo:
2421 4268 2456 4319 iie
2474 4277 2534 4330 pec-

1626 4332 1682 4378 cato
1705 4328 1808 4389 originis
1833 4328 1892 4379 ideo
1919 4330 2015 4380 multae
2034 4355 2066 4364 -
2085 4355 2118 4365 -
2137 4331 2204 4382 inter
2229 4333 2317 4383 titium
2335 4333 2397 4384 iiiud
2416 4344 2535 4396 pugnans

1626 4407 1683 4446 mm
1702 4396 1759 4457 iege
1776 4395 1821 4448 liei
1839 4398 1865 4446 rt
1881 4400 1989 4448 reatum.
2007 4397 2050 4459 (ia
2075 4398 2177 4458 quibas
2194 4399 2321 4451 Editiones
2341 4403 2362 4451 1.
2379 4401 2403 4450 3.
2423 4401 2459 4456 at
2477 4403 2535 4453 titis

1627 4463 1699 4516 Ediit
1718 4461 1846 4516 secundae
1865 4464 1958 4516 aetatis
1976 4468 2088 4518 tutatum
2105 4466 2180 4518 aiace
2197 4468 2287 4519 tritus
2304 4468 2374 4520 iocis
2390 4468 2536 4534 differam

1627 4529 1706 4593 cuod
1729 4533 1818 4594 ipro
1842 4532 1910 4582 iiasc
1931 4531 1953 4582 si
1976 4532 2002 4583 in
2026 4531 2080 4583 ioco
2098 4533 2228 4590 dicantur.
2255 4535 2332 4598 (pou.
2351 4537 2474 4591 9791111.
2497 4539 2535 4589 12.

1626 4603 1743 4653 nostrae
1759 4597 1825 4662 Ed.)
1842 4597 1991 4652 abibeat:
2009 4601 2077 4651 ilaec
2095 4612 2152 4652 cnm
2170 4602 2195 4652 in
2213 4602 2269 4653 ioco
2281 4603 2414 4666 dicuntum
2436 4604 2536 4658 deinde

1628 4669 1652 4719 2.
1658 4678 1715 4732 pro
1724 4669 1774 4720 Nos
1792 4668 1869 4728 igitur
1886 4672 1975 4718 contra
1992 4668 2030 4719 sic
2046 4670 2178 4721 antimus
2207 4671 2340 4724 Peccatum
2360 4673 2466 4733 crimnis
2484 4685 2536 4725 uon

1629 4739 1726 4788 tantum
1744 4746 1803 4787 esse
1820 4736 2012 4797 imputationem
2031 4749 2077 4789 seu
2094 4741 2203 4790 maiam.
2220 4739 2357 4791 sedetiam
2370 4747 2477 4793 naturae
2491 4743 2537 4793 bo·

1627 4804 1702 4856 minu
1721 4803 1916 4865 corruptionem,
1942 4815 2006 4866 quae
2024 4804 2060 4866 iit,
2085 4817 2118 4856 nc
2135 4806 2265 4868 passinus
2284 4820 2343 4859 vere
2362 4808 2465 4862 obedire
2484 4810 2538 4872 iegi

1626 4871 1672 4926 Dei
1684 4877 1709 4921 ct
1719 4871 1774 4922 sine
1788 4875 1892 4933 peccato
1902 4883 1969 4923 esse.
1977 4871 2056 4936 (pua.
2068 4875 2127 4926 979.
2139 4873 2187 4926 lia.
2195 4875 2364 4937 antennam.
2372 4888 2454 4938 usque
2463 4877 2498 4928 ad
2505 4890 2536 4940 p.

1626 4940 1685 4992 999.
1702 4937 1750 4990 iar.
1769 4939 1793 4989 9.
1810 4941 1927 4991 metrae
1943 4939 2008 5004 ita.)
2025 4941 2126 4994 tatem
2141 4940 2258 4995 taceae:
2287 4944 2337 4996 iios
2355 4944 2430 5003 igitur
2446 4949 2537 4996 eontn

1626 5008 1663 5059 sic
1679 5006 1817 5058 sentimus:
1835 5008 1969 5059 Peccatum
1987 5010 2089 5071 originis
2107 5021 2158 5061 uon
2175 5023 2234 5063 esse
2247 5012 2328 5063 sciam
2340 5012 2536 5075 imputationem

1626 5086 1673 5126 seu
1699 5077 1799 5125 reatum
1824 5075 1879 5127 siue
1906 5077 2018 5129 tenebris
2035 5078 2061 5130 in
2078 5082 2165 5130 mente
2184 5084 2211 5131 et
2236 5081 2369 5131 aversione
2395 5080 2536 5132 voluntatis

1625 5141 1690 5194 adeo
1708 5146 1735 5194 et
1751 5145 1909 5196 mniamacia
1919 5144 2022 5209 cordis.;
2039 5145 2158 5209 dmiccc
2174 5149 2260 5209 apro
2277 5149 2410 5200 Peccatum
2429 5148 2536 5209 crimnis

1625 5212 1666 5262 esi
1682 5211 1779 5270 reatus,
1796 5223 1845 5276 quo
1862 5240 1895 5249 -
1907 5215 1941 5266 iia
1957 5213 2072 5276 pravitas
2091 5214 2204 5266 continet
2219 5215 2355 5268 horribiles
2372 5215 2490 5267 deiectus
2509 5220 2537 5267 et

1624 5289 1717 5341 pratas
1742 5277 1926 5332 inclinationes.
1951 5279 2029 5344 (pac.
2055 5280 2115 5334 983.
2138 5281 2186 5335 iba
2204 5283 2314 5334 99-17.
2332 5285 2450 5335 nostrae
2465 5282 2536 5347 Ed)

1624 5345 1755 5402 adicem
1770 5347 1855 5400 laet:
1872 5347 2003 5400 Peccatum
2023 5348 2128 5408 originis
2146 5351 2187 5401 est
2203 5350 2317 5402 urentia
2333 5350 2537 5413 1111111111ήεὶ-

1625 5415 1701 5476 uaiis,
1719 5413 1746 5465 id
1764 5419 1812 5474 est,
1829 5419 1916 5468 reatus
1933 5418 2036 5478 pmpier
2052 5415 2154 5477 lapsum
2172 5416 2249 5479 adae,
2267 5421 2294 5469 et
2310 5418 2424 5480 partas
2443 5424 2537 5472 secuta

1624 5482 1739 5544 iapsun.
1769 5485 1820 5536 iioc
1837 5487 1878 5535 est
1894 5484 2016 5535 tenebrae
2033 5483 2060 5533 in
2076 5487 2170 5542 11111111,
2188 5485 2288 5537 arersio
2306 5487 2332 5537 iu
2348 5485 2489 5546 voiuntaie,
2508 5495 2536 5539 et

1623 5553 1785 5603 tantunacia
1802 5549 1893 5612 curia
1911 5549 1935 5600 id
1953 5553 2000 5612 esi,
2018 5550 2133 5602 nomines
2150 5555 2210 5604 sunt
2227 5554 2265 5605 rei
2283 5555 2310 5604 et
2317 5555 2420 5617 propter
2428 5554 2536 5618 iapsum

1623 5617 1693 5670 idae
1711 5621 1739 5672 et
1755 5621 1857 5682 propter
1873 5627 1930 5669 eam
1948 5618 2106 5681 entitatem,
2124 5630 2189 5683 quaa
2209 5624 2297 5673 secuta
2316 5625 2365 5672 est.
