5859 6734
518 613 584 680 aa
1140 601 1252 668 mun.
1274 602 1378 669 trau.
1398 600 1583 669 scamna
1599 600 1871 682 nonnanes.
1957 627 1960 632 ·
2132 680 2147 698 ,
2442 611 2509 680 aa
2559 649 2564 664 .

563 797 645 876 litia,
667 795 835 861 dissimilis
857 792 930 858 aliis
951 788 1074 876 politiie
1095 788 1279 852 humaniter
1292 786 1489 850 constitutis.
1531 786 1582 848 ria
1609 786 1643 848 in
1675 783 1739 848 hac
1766 787 1834 849 vita
1861 783 2035 868 corporali.
2080 787 2122 852 Et
2147 794 2325 874 praecipit,
2359 808 2393 858 ut
2422 794 2505 862 haec

535 895 570 948 ta
596 880 811 947 confuderunt
846 877 1025 941 discrimen
1055 876 1141 938 vitae
1168 869 1346 954 spiritualis
1375 881 1408 933 et
1432 890 1492 951 po-
1533 870 1620 933 dona
1641 867 1703 931 Dei
1727 888 1962 933 conservemus
1984 881 2017 934 et
2038 892 2205 950 ornemus,
2228 889 2261 937 et
2281 877 2314 938 in
2336 877 2389 941 his
2412 899 2505 944 occa-

520 967 638 1033 pfim
1533 953 1694 1017 sionibus.
1713 952 1810 1016 iidem
1837 966 1869 1015 et
1895 950 2101 1018 dilectionem
2135 977 2364 1025 exerceamus.
2415 963 2506 1030 Sicut

605 1049 778 1114 Adversus
813 1045 998 1109 huiusmodi
1034 1060 1166 1106 errores
1211 1039 1376 1106 muniendi
1413 1048 1493 1101 sunt
1534 1038 1633 1121 igitur
1663 1034 1744 1099 nihil
1778 1048 1901 1121 pugnat
1930 1058 2003 1101 cum
2033 1039 2219 1186 Evanqelio
2250 1044 2505 1113 architectonica

523 1135 638 1211 unhul,
659 1145 692 1197 et
711 1152 793 1196 vera
815 1132 965 1194 doctrina
984 1127 1028 1192 de
1047 1125 1235 1192 discrimine
1256 1121 1436 1205 spiritualis
1459 1132 1492 1184 et
1535 1133 1591 1185 aut
1612 1120 1756 1196 Musica;
1777 1123 1822 1184 ita
1843 1119 1924 1185 nihil
1944 1136 2069 1207 pugnat
2090 1145 2133 1207 po
2148 1127 2205 1188 itia
2227 1128 2505 1215 cumEvangelio.

521 1217 676 1304 politicae
698 1217 785 1280 vitae
805 1215 967 1290 tenenda,
988 1221 1022 1275 et
1043 1210 1186 1294 dignitas
1207 1227 1318 1272 rerum
1343 1204 1491 1290 politica·
1534 1207 1628 1271 Sicut
1659 1206 1744 1268 enirn
1772 1204 2028 1270 architectonica
2053 1220 2207 1272 versatur
2235 1211 2268 1273 in
2299 1211 2505 1280 fabricandis

522 1325 595 1368 rum
615 1299 811 1366 illustranda
832 1309 892 1360 est.
935 1295 974 1360 ld
992 1295 1130 1378 prodest
1150 1293 1193 1356 ad
1214 1292 1368 1375 pietatem
1389 1301 1422 1353 et
1448 1291 1492 1353 ad
1534 1290 1692 1353 aedificiis
1714 1291 1757 1353 ad
1777 1290 1953 1374 tegendum
1970 1311 2104 1372 corpus,
2126 1294 2172 1356 ita
2187 1292 2300 1376 politia
2308 1297 2504 1364 architecta·

522 1385 687 1472 publicam
708 1379 983 1466 tranquillitatem.
1014 1375 1140 1462 Magna
1161 1387 1214 1439 est
1234 1377 1319 1438 anim
1340 1373 1492 1438 consola·
1535 1385 1588 1437 tur
1610 1375 1796 1436 discrimina
1822 1375 2090 1456 possessionum,
2118 1379 2321 1460 negotiorum
2348 1401 2504 1464 corpora·

524 1473 569 1535 tio
590 1471 653 1553 piis
679 1465 879 1549 intelligere,
907 1463 996 1547 quod
1023 1459 1099 1525 Deo
1147 1458 1256 1524 laceat
1276 1459 1359 1523 haec
1385 1456 1491 1522 civilis
1535 1456 1624 1535 lium,
1648 1469 1890 1535 contractuum,
1916 1478 2116 1541 poenarum,
2138 1462 2259 1544 gradus
2287 1483 2503 1546 personarum

522 1556 602 1632 vita,
624 1551 711 1637 quod
739 1552 783 1614 sit
804 1549 925 1611 donum
945 1546 1026 1624 Dei,
1052 1483 1148 1628 quod
1157 1542 1250 1608 Deus
1275 1544 1492 1627 praeceperit,
1534 1544 1577 1606 ad
1599 1544 1883 1607 conservationem
1906 1544 2075 1608 societatis
2097 1555 2273 1623 externae,
2305 1552 2504 1631 quac'vitae

523 1649 560 1701 ut
581 1654 662 1700 suae
682 1633 847 1697 vocationi
875 1632 973 1696 etiam
1000 1632 1035 1693 in
1062 1631 1132 1692 vita
1160 1625 1247 1693 civili
1296 1630 1412 1710 uisque
1434 1628 1492 1691 ob·
1536 1624 1700 1711 corporali
1721 1627 1913 1689 necessaria
1934 1639 1995 1690 est.
2439 1648 2441 1654 ·

523 1731 700 1804 temperet,
728 1718 817 1802 quod
846 1717 954 1780 omnia
977 1710 1087 1778 officia
1106 1713 1196 1777 vitae
1224 1648 1347 1788 civlts,
1373 1728 1492 1796 regere
1621 1710 1773 1775 Secunda
1801 1707 1916 1793 regula
1938 1722 1989 1773 est
2002 1715 2065 1787 θῦε
2095 1712 2206 1796 Opera
2232 1717 2318 1778 vitae
2332 1720 2379 1799 87)
2409 1738 2505 1782 oeco-

524 1801 741 1887 raspuhlicas,
763 1819 919 1864 exercere
934 1799 1063 1875 iudicia,
1086 1793 1174 1860 bella
1195 1815 1322 1880 gerere,
1343 1791 1493 1871 militare,
1536 1796 1685 1859 uomicae
1707 1804 1740 1858 et
1759 1792 1929 1878 politicae,
1958 1814 2043 1877 quae
2069 1797 2208 1881 quisque
2235 1821 2296 1881 pro
2326 1820 2388 1864 sua
2408 1823 2505 1866 voca·

523 1887 771 1974 magistratibus
793 1887 903 1947 obtem
962 1903 1039 1958 are,
1063 1882 1263 1965 coniugium,
1284 1890 1398 1943 tenere
1417 1897 1493 1961 pro·
1537 1880 1627 1942 tione
1654 1875 1751 1956 lacit,
1786 1890 1862 1942 suut
1890 1881 1978 1941 bona
2005 1899 2108 1961 opera
2133 1893 2166 1944 et
2195 1884 2229 1945 in
2255 1884 2318 1965 piis
2340 1896 2416 1948 sunt
2438 1889 2506 1949 veri

524 1973 641 2056 primu,
662 1968 832 2034 laboribus
861 1979 894 2030 et
929 1967 1067 2050 egitimis
1089 1965 1312 2028 contractibus
1333 1980 1494 2046 quaerere
1538 1962 1648 2027 cultus
1664 1962 1739 2041 Dei,
1761 1974 1838 2026 sunt
1858 1963 1943 2026 enim
1966 1981 2068 2045 opera
2083 1962 2188 2028 aDeo
2202 1980 2389 2050 praecepm.
2428 1970 2505 2034 ldeo

526 2067 559 2119 at
579 2055 664 2119 tueri
684 2072 753 2116 rem
775 2049 985 2127 familiarem,
1007 2067 1129 2113 ornare
1153 2059 1243 2111 artes
1271 2046 1370 2110 utiles
1396 2047 1495 2123 vitae,
1537 2045 1724 2130 Prophetae
1745 2065 1847 2130 saepe
1874 2042 2047 2112 conferunt
2068 2046 2152 2111 haec
2180 2068 2282 2130 opera
2310 2073 2385 2116 oum
2407 2055 2508 2117 sacri-

526 2149 616 2204 recta
633 2139 755 2202 docere
774 2137 974 2200 iuventutem
996 2143 1029 2196 et
1049 2128 1177 2209 similia,
1199 2132 1329 2194 suntin
1351 2131 1414 2213 piis
1425 2131 1495 2194 veri
1539 2130 1640 2209 liciis,
1661 2133 1724 2208 ita,
1750 2141 1787 2194 ut
1815 2129 1900 2193 alias
1921 2125 2022 2214 longe
2043 2129 2229 2196 anteferant
2251 2155 2354 2217 opera
2375 2135 2508 2219 politica

526 2221 635 2288 cultus
667 2219 741 2284 Dei.
795 2218 953 2304 Magnum
988 2220 1067 2281 item
1106 2213 1274 2280 vinculum
1305 2215 1399 2297 pacis
1430 2225 1496 2291 est,
1539 2213 1733 2292 sacrificiis,
1758 2212 1841 2277 alias
1867 2212 2031 2278 sacrificia
2056 2214 2270 2281 hunrauarum
2300 2222 2507 2286 traditionum

525 2309 628 2384 scire,
654 2304 743 2390 quod
763 2303 857 2367 Deus
872 2302 1095 2385 praeceperit,
1117 2308 1154 2363 ut
1173 2299 1403 2382 praesentibus
1424 2297 1495 2361 Ma·
1538 2317 1678 2383 prorsus
1701 2299 1862 2362 damnem
1906 2296 1997 2361 Talis
2025 2309 2076 2361 est
2098 2298 2231 2364 collatio
2249 2301 2369 2368 Esaiae
2387 2304 2416 2368 l.
2445 2311 2506 2381 [vs.

527 2390 717 2478 gistraffius
749 2389 1028 2489 obtemperemus,
1066 2403 1108 2447 ne
1148 2383 1323 2466 eripiamus
1359 2383 1497 2464 imparia
1541 2383 1624 2485 121·
1648 2380 1702 2446 De
1729 2381 1900 2484 sacrificiis
1927 2383 2046 2486 inquit:
2078 2382 2161 2454 Quis
2191 2388 2326 2488 requirit
2356 2387 2442 2491 haec
2468 2390 2508 2453 de

525 2464 1497 2637 satissime,tttltttf’titil
1539 2465 2064 2627 mitittttttidd
2086 2466 2507 2634 ltpsttftttttlt:

527 2657 612 2704 mus.
655 2639 768 2722 ltaque
784 2635 957 2721 diligenter
976 2635 1161 2699 hominihus
1182 2633 1398 2699 inculcandae
1419 2643 1498 2697 sunt
1541 2636 1647 2697 duam.
1691 2634 1734 2697 Et
1758 2634 1850 2697 addit
1874 2634 2017 2718 ingentia
2044 2638 2204 2717 praemia:
2233 2638 2271 2702 st
2295 2651 2434 2719 peccata
2455 2661 2509 2705 va-

527 2723 645 2788 laudes
673 2724 760 2786 vitae
785 2718 955 2802 politicae,
987 2732 1020 2782 et
1051 2720 1244 2801 praesertim
1272 2720 1377 2802 prima
1403 2729 1497 2781 aetas
1540 2729 1611 2781 stra
1630 2715 1751 2782 fuerint
1778 2719 1864 2781 sicut
1895 2719 2081 2793 coccinum,
2111 2719 2200 2784 velut
2227 2722 2283 2784 nix
2311 2722 2509 2789 dealbabun-

678 2825 758 2869 cura
786 2815 819 2868 et
845 2816 917 2867 arte
944 2802 1194 2868 assuefacienda
1221 2813 1286 2878 est,
1320 2813 1357 2865 ut
1393 2803 1498 2865 discat
1540 2815 1603 2865 tur.
1645 2801 1688 2866 Et
1711 2800 1812 2866 Zacla
1835 2803 1867 2863 7.
1891 2807 1953 2878 {vs
1970 2802 2017 2880 9.]
2046 2801 2204 2869 ludicium
2230 2824 2345 2871 verum
2370 2808 2511 2874 iudicate

528 2887 584 2974 vql
607 2900 834 2954 ereverenter
854 2889 976 2952 sentire
1003 2888 1045 2951 de
1073 2887 1340 2971 magistratibus,
1366 2881 1498 2969 legibus
1541 2897 1604 2950 etc.
1648 2886 1691 2949 Et
1717 2887 1805 2968 apud
1834 2884 1955 2949 Ossam
1983 2884 2027 2963 [6,
2037 2885 2101 2965 dl:
2133 2888 2394 2955 Misericordiam
2421 2891 2510 2970 volo,

527 2969 732 3040 et'ournibus
754 2974 854 3036 rebus
877 2969 1031 3058 politicis.
1075 2971 1166 3035 Haec
1188 2971 1372 3034 reverentia
1393 2971 1498 3033 etrei-
1540 2990 1607 3034 non
1630 2969 1838 3033 sacrificium.
1882 2969 1935 3032 De
1957 2973 2179 3038 oeconomiois
2201 2975 2320 3038 officiis
2343 2988 2395 3038 est
2417 2996 2510 3061 egre-

527 3053 679 3141 publlae'e
710 3054 798 3122 utilis
833 3068 899 3133 est,
932 3067 965 3121 et
997 3057 1107 3119 nutrix
1135 3066 1187 3118 est
1221 3057 1436 3118 maximarum
1449 3053 1497 3136 ⁸⁴)
1541 3056 1596 3145 gia
1629 3074 1693 3119 vox
1732 3051 1825 3118 Pauli
1865 3055 1908 3129 [l.
1926 3052 2007 3118 Tim.
2034 3056 2067 3133 2,
2096 3056 2178 3136 ld.]:
2209 3056 2330 3122 Mulier
2361 3059 2510 3125 salvatur

527 3131 690 3216 virtutffi
717 3173 722 3182 ¹
1539 3159 1599 3222 per
1620 3135 1761 3203 filiorum
1783 3138 2043 3223 generationem,
2069 3140 2098 3203 si
2123 3143 2277 3206 manserit
2304 3146 2337 3206 in
2358 3143 2428 3207 lide-
2444 3157 2508 3209 etc.

603 3223 752 3303 Celsae,
786 3223 931 3289 lulianus
960 3235 994 3287 et
1023 3222 1172 3307 plerique
1202 3220 1257 3285 alii
1289 3223 1498 3285 criminantur
1539 3226 1601 3289 Hic
1623 3235 1715 3287 tanto
1736 3223 1864 3286 honre
1887 3235 1984 3288 omat
2007 3221 2117 3289 officia
2138 3224 2341 3310 coniugalia,
2362 3240 2398 3290 ut
2419 3229 2510 3292 dicat

527 3307 759 3396 Evangelium,
788 3310 877 3394 quod
899 3328 972 3372 cum
992 3307 1168 3391 prohibeat
1187 3306 1379 3385 afflictam,
1402 3305 1497 3369 dissi-
1561 3319 1674 3391 ropter
1706 3328 1745 3372 ea
1777 3306 1799 3370 li
1825 3305 1895 3371 eles
1928 3305 2068 3384 salvari3
2082 3311 2129 3389 88)
2159 3312 2331 3396 coniungit
2362 3313 2447 3376 enim
2461 3315 2509 3396 89)

527 3406 583 3480 pet
593 3392 811 3477 respublicas,
832 3390 928 3456 tollat
937 3396 983 3466 ⁸⁶)
1005 3393 1077 3456 iura
1099 3388 1187 3469 belli,
1209 3391 1338 3468 iudicia,
1359 3409 1497 3474 poenas,
1538 3329 1637 3457 idem
1663 3405 1696 3456 et
1723 3412 1826 3476 opera
1849 3394 2048 3471 vocationis,
2075 3394 2162 3458 sicut
2183 3407 2313 3460 constat
2338 3408 2445 3461 utram
2468 3418 2510 3460 ue

528 3478 700 3543 conhnnet
720 3474 914 3551 latrocinia,
937 3478 1099 3540 concedat
1118 3474 1287 3540 licentiam
1308 3485 1340 3538 et
1362 3475 1497 3557 impuni·
1539 3478 1694 3542 iustitiam
1725 3478 1950 3542 necessariam
1983 3497 2070 3542 esse.
2113 3477 2223 3543 Docet
2253 3482 2353 3565 igitur
2385 3479 2434 3544 Pa
2470 3502 2509 3545 us

527 3573 628 3626 tatem
650 3562 790 3626 omnium
818 3556 990 3623 scelerum.
1033 3559 1075 3623 Et
1102 3559 1167 3623 hac
1194 3559 1417 3623 criminatione
1438 3560 1496 3622 mi·
1539 3562 1594 3625 hic
1616 3583 1635 3624 o
1660 3582 1718 3625 era
1747 3563 1948 3638 vocationis,
1978 3563 2139 3648 coniugii,
2164 3564 2318 3629 iustitiam
2347 3567 2512 3648 quandam

528 3665 600 3710 rrun
620 3647 655 3709 in
682 3643 814 3708 modum
842 3639 1066 3708 desormarunt
1093 3641 1320 3726 Evarrgelium.
1368 3643 1497 3707 Tenere
1539 3657 1573 3710 et
1648 3657 1716 3710 tum
1737 3643 1801 3710 Dei
1824 3665 1916 3723 esse,
1938 3648 1990 3711 cui
2011 3647 2104 3710 Deus
2126 3649 2231 3712 reddit
2254 3652 2410 3732 praemia.
2454 3651 2510 3716 Sic

528 3731 626 3813 igitur
650 3727 857 3793 Christianos
884 3738 1030 3810 oportet,
1063 3728 1141 3810 quid
1171 3728 1212 3790 de
1239 3729 1396 3813 dignitate
1419 3728 1496 3790 civi-
1538 3729 2510 3819 Petms[1.ep.a,13.]deobedientiaergamagistratus

528 3810 606 3876 lium
626 3832 735 3875 rerum
757 3813 960 3875 sentiendum
981 3811 1039 3888 sit,
1063 3823 1096 3874 et
1121 3822 1158 3875 ut
1184 3807 1323 3874 liberent
1344 3811 1495 3895 Evange·
1538 3817 1769 3878 concionatur:
1792 3813 1930 3878 Ohedite
1953 3818 2039 3879 onmi
2060 3814 2222 3881 humanae
2243 3819 2440 3884 ordinationi
2454 3825 2508 3888 ⁴⁰).

527 3894 606 3959 lium
626 3895 690 3959 hac
710 3895 924 3958 iniustissima
945 3904 978 3957 et
999 3895 1250 3958 venenatissima
1270 3892 1443 3972 calumnia,
1465 3907 1497 3958 et
1538 3898 1580 3961 Et
1601 3899 1706 3962 addit:
1750 3909 1861 3979 ropter
1882 3896 2067 3964 Dominum.
2100 3901 2195 3965 ltem:
2218 3901 2309 3966 Haec
2322 3915 2373 3966 est
2394 3904 2508 3969 volun-

528 3993 564 4042 ut
584 3998 663 4043 suas
685 3979 903 4041 conscientias
925 3978 967 4040 de
988 3974 1108 4042 officiis
1129 3975 1280 4043 civilibus
1301 3981 1495 4043 recteinsti·
1538 3994 1590 4046 tas
1611 3982 1685 4046 Dei.
1727 3919 1866 4047 l’lacent
1888 3986 1987 4069 igitur
2007 3984 2090 4049 haec
2113 3983 2222 4050 officia
2242 3985 2327 4051 Deo.
2370 3988 2413 4051 Et
2423 3988 2507 4051 Pau-

528 4074 630 4126 tuant.
662 4060 815 4126 Monachi
837 4080 904 4124 non
926 4059 1040 4124 volunt
1061 4063 1164 4127 videri
1182 4082 1320 4144 prorsus
1338 4064 1495 4126 damnare
1536 4064 1590 4130 lus
1611 4067 1727 4152 inquit,
1744 4065 1850 4142 iRom.
1871 4069 1922 4146 13,
1940 4069 2003 4148 5.]=
2036 4069 2183 4134 Necesse
2210 4085 2262 4135 est
2289 4072 2422 4136 obedire
2439 4093 2506 4137 non

526 4143 655 4236 civilem
680 4147 795 4221 vitam,
827 4145 887 4208 sed
912 4154 1023 4210 tamen
1051 4149 1229 4211 obscurant
1257 4149 1328 4211 eius
1356 4147 1496 4233 dignita·
1538 4150 1644 4216 solum
1694 4163 1806 4232 ropter
1834 4153 1932 4228 iram,
1965 4154 2026 4216 sed
2053 4156 2149 4218 etiam
2177 4166 2310 4239 propter
2338 4159 2507 4221 eonscien-

526 4245 608 4309 tem,
640 4249 716 4294 cum
745 4229 872 4314 fingrmt
896 4228 1131 4314 Evangelioam
1151 4228 1385 4314 perfectionem
1407 4252 1495 4311 esse,
1537 4239 1624 4300 tiam.
1701 4249 1774 4300 ocet
1797 4257 1878 4322 ergo
1900 4238 1986 4301 hanc
2007 4238 2225 4304 obedientiam
2245 4241 2378 4305 iudicari
2402 4240 2508 4306 aDeo

527 4335 595 4418 qou
616 4324 728 4378 tenere
742 4315 913 4461 proprium
920 4357 938 4417 3·
959 4335 1043 4462 nupll
1048 4317 1174 4379 versari
1200 4317 1233 4379 in
1255 4317 1396 4420 negotiis
1418 4319 1496 4381 civi-
1539 4333 1624 4424 etc..
1645 4317 1686 4384 lli
1714 4318 1780 4422 loci
1808 4333 1840 4385 et
1867 4319 1990 4424 similes
2018 4324 2101 4386 satis
2130 4327 2303 4407 perspicue
2336 4336 2508 4430 testantur,

527 4399 750 4548 ididia
773 4416 1025 4546 ¹⁸1i0⁰0¹¹¹¹¹0¹¹idt
1044 4401 1402 4550 ‘tddtttittt
1423 4422 1497 4552 ttt:
1538 4424 1648 4555 titt
1670 4401 1790 4553 iifl
1817 4402 1953 4489 ''⁰¹¹⁰‘'
1978 4424 2055 4468 ‘²⁹⁵⁶
2084 4409 2172 4473 *³⁰⁰⁸
2198 4428 2301 4491 Μ
2329 4421 2362 4474 ⁰⁸
2383 4431 2415 4473 ¹¹¹
2444 4431 2507 4495 ⁹¹¹⁸

528 4567 648 4630 nienda
679 4585 773 4632 mens
806 4576 858 4630 est
889 4564 1014 4652 aliquot
1044 4566 1185 4654 regulis,
1219 4587 1357 4652 quarum
1392 4572 1498 4653 prima
1626 4574 1721 4638 lianc
1742 4571 1889 4658 regulam
1913 4588 2025 4638 tenere
2046 4576 2090 4656 pii
2119 4589 2235 4642 contra
2262 4579 2508 4663 hypocritanrm

526 4648 611 4715 haec
632 4661 693 4713 est.
1369 4725 1373 4734 ,
1541 4660 1712 4742 opiniones
1735 4658 1872 4735 dehent,
1905 4660 1959 4741 qui
1988 4660 2146 4725 mirantur
2174 4677 2206 4726 et
2235 4660 2369 4728 laudant
2397 4684 2508 4728 mona-

613 4732 829 4837 Evanpelium
851 4734 950 4798 docet
972 4737 1012 4797 de
1038 4736 1179 4819 quadam
1206 4735 1365 4820 spirituali
1387 4750 1420 4802 et
1441 4759 1498 4803 ae·

526 4831 620 4882 terne
645 4815 770 4882 insuda
796 4818 830 4880 in
856 4819 975 4894 corde,
1008 4837 1071 4881 nec
1091 4817 1203 4885 abolet
1223 4823 1350 4884 interim
1376 4824 1409 4887 in
1431 4825 1498 4888 vita

524 4887 697 5012 mmm.
725 4902 948 4964 ⁰⁰⁰⁰¹¹⁰¹¹¹i³¹¹¹
974 4914 1031 4965 ‘¹¹¹‘
1056 4901 1221 5007 P⁰¹ffl⁸¹l¹’
1252 4907 1312 4969 ⁵⁶¹¹
1340 4907 1437 5010 ‘¹⁰9⁰‘
1464 4920 1497 4972 εἴ
1537 4961 1976 5026 &secundantiumque
1997 4967 2178 5020 11-14.et0
2214 5002 2219 5014 .

527 5002 751 5049 oeconomiam
773 4995 806 5047 et
834 5005 948 5048 omnes
974 4982 1105 5069 polinas
1135 5000 1262 5053 ratione
1287 5001 1494 5070 constitutas,
2179 4980 2211 5031 ¹³⁹

527 5070 635 5132 bonas
657 5068 879 5132 ordinationes
899 5066 964 5133 Dei
985 5089 1074 5149 esse,
1096 5083 1128 5135 et
1149 5073 1238 5137 dona
1254 5071 1320 5137 Dei
1339 5091 1495 5140 necessa·
1536 5061 1583 5124 ⁸⁷)
1601 5060 1679 5124 “⁶¹⁸1
1705 5061 1748 5112 ⁵⁶·
1769 5064 1791 5114 ¹·
1808 5063 1860 5114 ¹¹¹st

1536 5164 1582 5225 88)
1599 5165 1750 5225 propterea
1767 5163 1858 5218 fideles
1875 5167 1993 5232 salvara]
2013 5168 2086 5220 aaut
2104 5170 2129 5218 8.
2151 5169 2258 5218 11-13
2282 5175 2309 5223 et
2326 5171 2400 5233 buu-t
2428 5173 2508 5222 homi-

1603 5241 1651 5282 nes
1668 5230 1763 5282 advari
1779 5231 1830 5284 nde
1848 5234 1873 5285 tn
1892 5234 1937 5287 trit
1953 5236 2031 5298 mlta,

527 5320 579 5385 84),
591 5317 772 5385 muneram]
788 5319 862 5372 aditi„
879 5321 904 5368 8.
925 5321 1031 5371 11-13.
1049 5328 1076 5375 et
1092 5324 1166 5388 opp:
1183 5336 1333 5388 manarum
1534 5331 1582 5392 88)
1599 5329 1679 5392 enim]
1697 5331 1740 5383 Ed
1760 5335 1798 5384 tt.
1817 5337 1844 5386 et
1862 5335 1935 5398 opp:
1952 5339 2037 5385 autem

527 5420 573 5484 88)
591 5419 674 5482 tollat]
691 5419 764 5471 Edltt„
785 5419 824 5466 1a.
844 5418 883 5468 18.
903 5423 953 5484 1η),
969 5433 1083 5475 errrore:
1099 5425 1165 5477 tollit
1534 5428 1581 5491 to)
1599 5430 1760 5495 ordtnattont]
1779 5434 1850 5486 adra.
1872 5438 1910 5486 12.
1933 5437 1972 5486 18.
1989 5434 2124 5485 conditioni
