<?xml version="1.0" encoding="UTF-8"?>
<!DOCTYPE html PUBLIC "-//W3C//DTD XHTML 1.0 Transitional//EN"
    "http://www.w3.org/TR/xhtml1/DTD/xhtml1-transitional.dtd">
<html xmlns="http://www.w3.org/1999/xhtml" xml:lang="en" lang="en">
 <head>
  <title>
</title>
<meta http-equiv="Content-Type" content="text/html;charset=utf-8" />
  <meta name='ocr-system' content='tesseract 3.04.00' />
  <meta name='ocr-capabilities' content='ocr_page ocr_carea ocr_par ocr_line ocrx_word'/>
</head>
<body>
  <div class='ocr_page' id='page_1' title='image "./philippimelanth08melagoog_0163.png"; bbox 0 0 5859 6734; ppageno 0'>
   <div class='ocr_carea' id='block_1_1' title="bbox 911 744 2019 839">
    <p class='ocr_par' dir='ltr' id='par_1_1' title="bbox 911 744 2019 839">
     <span class='ocr_line' id='line_1_1' title="bbox 911 744 2019 839; baseline -0.008 -20"><span class='ocrx_word' id='word_1_1' title='bbox 911 757 936 819; x_wconf 96' lang='lat' dir='ltr'><strong>l.</strong></span> <span class='ocrx_word' id='word_1_2' title='bbox 957 754 1061 821; x_wconf 76' lang='lat' dir='ltr'><strong>toci</strong></span> <span class='ocrx_word' id='word_1_3' title='bbox 1082 747 1362 818; x_wconf 74' lang='lat' dir='ltr'><strong>ruuouofflcu</strong></span> <span class='ocrx_word' id='word_1_4' title='bbox 1385 749 1424 814; x_wconf 83' lang='lat' dir='ltr'><strong>C.</strong></span> <span class='ocrx_word' id='word_1_5' title='bbox 1449 747 1659 816; x_wconf 80' lang='lat' dir='ltr'>SECUNDA</span> <span class='ocrx_word' id='word_1_6' title='bbox 1681 747 1838 813; x_wconf 84' lang='lat' dir='ltr'><strong>EORUM</strong></span> <span class='ocrx_word' id='word_1_7' title='bbox 1863 744 2019 839; x_wconf 68' lang='lat' dir='ltr'><strong>AETAS.</strong></span> 
     </span>
    </p>
   </div>
   <div class='ocr_carea' id='block_1_2' title="bbox 536 929 2426 5318">
    <p class='ocr_par' dir='ltr' id='par_1_2' title="bbox 536 929 2426 5318">
     <span class='ocr_line' id='line_1_2' title="bbox 622 929 2307 1032; baseline -0.01 -21"><span class='ocrx_word' id='word_1_8' title='bbox 622 946 769 1032; x_wconf 83' lang='lat' dir='ltr'><strong>originis.</strong></span> <span class='ocrx_word' id='word_1_9' title='bbox 812 941 903 1005; x_wconf 85' lang='lat' dir='ltr'><strong>llaec</strong></span> <span class='ocrx_word' id='word_1_10' title='bbox 932 952 1012 1003; x_wconf 93' lang='lat' dir='ltr'><strong>nota</strong></span> <span class='ocrx_word' id='word_1_11' title='bbox 1039 940 1156 1002; x_wconf 91' lang='lat' dir='ltr'><strong>iterum</strong></span> <span class='ocrx_word' id='word_1_12' title='bbox 1183 935 1348 1020; x_wconf 86' lang='lat' dir='ltr'><strong>significat</strong></span> <span class='ocrx_word' id='word_1_13' title='bbox 1377 954 1437 998; x_wconf 90' lang='lat' dir='ltr'><strong>eos</strong></span> <span class='ocrx_word' id='word_1_14' title='bbox 1488 954 1567 999; x_wconf 91' lang='lat' dir='ltr'><strong>nere</strong></span> <span class='ocrx_word' id='word_1_15' title='bbox 1589 933 1870 1017; x_wconf 51' lang='lat' dir='ltr'><strong>promissionem..</strong></span> <span class='ocrx_word' id='word_1_16' title='bbox 1893 929 2002 996; x_wconf 82' lang='lat' dir='ltr'><strong>Maior</strong></span> <span class='ocrx_word' id='word_1_17' title='bbox 2029 943 2080 995; x_wconf 92' lang='lat' dir='ltr'><strong>est</strong></span> <span class='ocrx_word' id='word_1_18' title='bbox 2103 943 2195 995; x_wconf 89' lang='lat' dir='ltr'><strong>certa</strong></span> <span class='ocrx_word' id='word_1_19' title='bbox 2216 930 2307 1014; x_wconf 91' lang='lat' dir='ltr'><strong>quod</strong></span> 
     </span>
     <span class='ocr_line' id='line_1_3' title="bbox 622 1013 2306 1111; baseline -0.008 -18"><span class='ocrx_word' id='word_1_20' title='bbox 622 1043 745 1097; x_wconf 81' lang='lat' dir='ltr'><strong>tantum</strong></span> <span class='ocrx_word' id='word_1_21' title='bbox 765 1025 939 1111; x_wconf 89' lang='lat' dir='ltr'><strong>prophano</strong></span> <span class='ocrx_word' id='word_1_22' title='bbox 960 1042 1053 1087; x_wconf 89' lang='lat' dir='ltr'><strong>more</strong></span> <span class='ocrx_word' id='word_1_23' title='bbox 1073 1023 1219 1085; x_wconf 87' lang='lat' dir='ltr'><strong>iudicare</strong></span> <span class='ocrx_word' id='word_1_24' title='bbox 1236 1022 1277 1084; x_wconf 92' lang='lat' dir='ltr'><strong>de</strong></span> <span class='ocrx_word' id='word_1_25' title='bbox 1297 1030 1437 1103; x_wconf 90' lang='lat' dir='ltr'><strong>peccato</strong></span> <span class='ocrx_word' id='word_1_26' title='bbox 1488 1021 1532 1083; x_wconf 90' lang='lat' dir='ltr'><strong>ad</strong></span> <span class='ocrx_word' id='word_1_27' title='bbox 1548 1037 1671 1104; x_wconf 91' lang='lat' dir='ltr'><strong>pueros</strong></span> <span class='ocrx_word' id='word_1_28' title='bbox 1690 1018 1851 1101; x_wconf 82' lang='lat' dir='ltr'>pertineat</span> <span class='ocrx_word' id='word_1_29' title='bbox 1873 1035 2012 1101; x_wconf 88' lang='lat' dir='ltr'><strong>regnum</strong></span> <span class='ocrx_word' id='word_1_30' title='bbox 2034 1013 2156 1078; x_wconf 81' lang='lat' dir='ltr'>Christi</span> <span class='ocrx_word' id='word_1_31' title='bbox 2174 1028 2213 1098; x_wconf 82' lang='lat' dir='ltr'><strong>et</strong></span> <span class='ocrx_word' id='word_1_32' title='bbox 2229 1034 2306 1098; x_wconf 90' lang='lat' dir='ltr'><strong>pro·</strong></span> 
     </span>
     <span class='ocr_line' id='line_1_4' title="bbox 622 1097 2306 1192; baseline -0.008 -20"><span class='ocrx_word' id='word_1_33' title='bbox 622 1127 656 1183; x_wconf 72' lang='grc' dir='ltr'><strong>οι</strong></span> <span class='ocrx_word' id='word_1_34' title='bbox 671 1113 806 1189; x_wconf 81' lang='lat' dir='ltr'><strong>iustitia,</strong></span> <span class='ocrx_word' id='word_1_35' title='bbox 822 1108 956 1174; x_wconf 88' lang='lat' dir='ltr'><strong>Nullum</strong></span> <span class='ocrx_word' id='word_1_36' title='bbox 969 1105 1155 1192; x_wconf 81' lang='lat' dir='ltr'><strong>intelligiurt</strong></span> <span class='ocrx_word' id='word_1_37' title='bbox 1172 1125 1249 1168; x_wconf 91' lang='lat' dir='ltr'><strong>esse</strong></span> <span class='ocrx_word' id='word_1_38' title='bbox 1265 1114 1438 1189; x_wconf 90' lang='lat' dir='ltr'><strong>peccatum</strong></span> <span class='ocrx_word' id='word_1_39' title='bbox 1488 1105 1603 1167; x_wconf 87' lang='lat' dir='ltr'><strong>missio</strong></span> <span class='ocrx_word' id='word_1_40' title='bbox 1637 1100 1819 1186; x_wconf 80' lang='lat' dir='ltr'><strong>Evangelii.</strong></span> <span class='ocrx_word' id='word_1_41' title='bbox 1880 1100 1966 1173; x_wconf 83' lang='lat' dir='ltr'>Quia</span> <span class='ocrx_word' id='word_1_42' title='bbox 2000 1097 2153 1165; x_wconf 85' lang='lat' dir='ltr'><strong>Christus</strong></span> <span class='ocrx_word' id='word_1_43' title='bbox 2192 1101 2226 1163; x_wconf 94' lang='lat' dir='ltr'><strong>in</strong></span> <span class='ocrx_word' id='word_1_44' title='bbox 2248 1100 2306 1163; x_wconf 89' lang='lat' dir='ltr'><strong>uit.</strong></span> 
     </span>
     <span class='ocr_line' id='line_1_5' title="bbox 621 1183 2307 1276; baseline -0.011 -11"><span class='ocrx_word' id='word_1_45' title='bbox 621 1200 684 1265; x_wconf 91' lang='lat' dir='ltr'><strong>nisi</strong></span> <span class='ocrx_word' id='word_1_46' title='bbox 706 1193 844 1262; x_wconf 87' lang='lat' dir='ltr'><strong>actuale.</strong></span> <span class='ocrx_word' id='word_1_47' title='bbox 890 1193 972 1259; x_wconf 81' lang='lat' dir='ltr'><strong>Cum</strong></span> <span class='ocrx_word' id='word_1_48' title='bbox 996 1194 1095 1276; x_wconf 82' lang='lat' dir='ltr'><strong>igitur</strong></span> <span class='ocrx_word' id='word_1_49' title='bbox 1118 1200 1249 1255; x_wconf 91' lang='lat' dir='ltr'><strong>constet</strong></span> <span class='ocrx_word' id='word_1_50' title='bbox 1270 1189 1438 1270; x_wconf 87' lang='lat' dir='ltr'><strong>anabapti·</strong></span> <span class='ocrx_word' id='word_1_51' title='bbox 1488 1186 1615 1251; x_wconf 87' lang='lat' dir='ltr'><strong>Talimrr</strong></span> <span class='ocrx_word' id='word_1_52' title='bbox 1643 1198 1694 1250; x_wconf 91' lang='lat' dir='ltr'><strong>est</strong></span> <span class='ocrx_word' id='word_1_53' title='bbox 1722 1190 1860 1272; x_wconf 85' lang='lat' dir='ltr'><strong>regnum</strong></span> <span class='ocrx_word' id='word_1_54' title='bbox 1894 1183 2071 1249; x_wconf 91' lang='lat' dir='ltr'><strong>caelorum.</strong></span> <span class='ocrx_word' id='word_1_55' title='bbox 2122 1184 2202 1248; x_wconf 92' lang='lat' dir='ltr'><strong>ltem</strong></span> <span class='ocrx_word' id='word_1_56' title='bbox 2263 1204 2307 1247; x_wconf 91' lang='lat' dir='ltr'><strong>on</strong></span> 
     </span>
     <span class='ocr_line' id='line_1_6' title="bbox 621 1269 2307 1368; baseline -0.011 -19"><span class='ocrx_word' id='word_1_57' title='bbox 621 1297 692 1349; x_wconf 87' lang='lat' dir='ltr'><strong>stas</strong></span> <span class='ocrx_word' id='word_1_58' title='bbox 715 1283 771 1368; x_wconf 82' lang='lat' dir='ltr'><strong>agi</strong></span> <span class='ocrx_word' id='word_1_59' title='bbox 787 1279 963 1363; x_wconf 85' lang='lat' dir='ltr'><strong>phanatico</strong></span> <span class='ocrx_word' id='word_1_60' title='bbox 983 1278 1110 1361; x_wconf 90' lang='lat' dir='ltr'><strong>spiritu,</strong></span> <span class='ocrx_word' id='word_1_61' title='bbox 1131 1294 1199 1338; x_wconf 94' lang='lat' dir='ltr'><strong>non</strong></span> <span class='ocrx_word' id='word_1_62' title='bbox 1220 1284 1352 1338; x_wconf 88' lang='lat' dir='ltr'><strong>moveat</strong></span> <span class='ocrx_word' id='word_1_63' title='bbox 1374 1293 1438 1336; x_wconf 91' lang='lat' dir='ltr'><strong>nos</strong></span> <span class='ocrx_word' id='word_1_64' title='bbox 1490 1283 1543 1336; x_wconf 88' lang='lat' dir='ltr'><strong>est</strong></span> <span class='ocrx_word' id='word_1_65' title='bbox 1561 1269 1714 1336; x_wconf 89' lang='lat' dir='ltr'><strong>voluntas</strong></span> <span class='ocrx_word' id='word_1_66' title='bbox 1737 1290 1849 1334; x_wconf 87' lang='lat' dir='ltr'><strong>coram</strong></span> <span class='ocrx_word' id='word_1_67' title='bbox 1865 1280 1960 1353; x_wconf 89' lang='lat' dir='ltr'><strong>patre</strong></span> <span class='ocrx_word' id='word_1_68' title='bbox 1977 1280 2089 1335; x_wconf 87' lang='lat' dir='ltr'><strong>vestro</strong></span> <span class='ocrx_word' id='word_1_69' title='bbox 2108 1269 2214 1354; x_wconf 93' lang='lat' dir='ltr'><strong>quiin</strong></span> <span class='ocrx_word' id='word_1_70' title='bbox 2233 1286 2307 1332; x_wconf 91' lang='lat' dir='ltr'><strong>cae-</strong></span> 
     </span>
     <span class='ocr_line' id='line_1_7' title="bbox 621 1352 2308 1442; baseline -0.011 -7"><span class='ocrx_word' id='word_1_71' title='bbox 621 1388 736 1434; x_wconf 87' lang='lat' dir='ltr'><strong>corum</strong></span> <span class='ocrx_word' id='word_1_72' title='bbox 752 1365 925 1442; x_wconf 81' lang='lat' dir='ltr'><strong>autoritas,</strong></span> <span class='ocrx_word' id='word_1_73' title='bbox 948 1375 985 1426; x_wconf 92' lang='lat' dir='ltr'><strong>ut</strong></span> <span class='ocrx_word' id='word_1_74' title='bbox 1008 1360 1216 1426; x_wconf 77' lang='lat' dir='ltr'><strong>discedamus</strong></span> <span class='ocrx_word' id='word_1_75' title='bbox 1238 1380 1259 1423; x_wconf 94' lang='lat' dir='ltr'><strong>a</strong></span> <span class='ocrx_word' id='word_1_76' title='bbox 1277 1358 1438 1423; x_wconf 91' lang='lat' dir='ltr'><strong>communi</strong></span> <span class='ocrx_word' id='word_1_77' title='bbox 1487 1354 1530 1420; x_wconf 89' lang='lat' dir='ltr'><strong>lis</strong></span> <span class='ocrx_word' id='word_1_78' title='bbox 1547 1367 1601 1420; x_wconf 91' lang='lat' dir='ltr'><strong>est</strong></span> <span class='ocrx_word' id='word_1_79' title='bbox 1616 1368 1652 1419; x_wconf 92' lang='lat' dir='ltr'><strong>ut</strong></span> <span class='ocrx_word' id='word_1_80' title='bbox 1668 1367 1785 1439; x_wconf 88' lang='lat' dir='ltr'><strong>pereat</strong></span> <span class='ocrx_word' id='word_1_81' title='bbox 1800 1375 1886 1420; x_wconf 91' lang='lat' dir='ltr'><strong>unus</strong></span> <span class='ocrx_word' id='word_1_82' title='bbox 1904 1355 1946 1417; x_wconf 92' lang='lat' dir='ltr'><strong>de</strong></span> <span class='ocrx_word' id='word_1_83' title='bbox 1963 1352 2094 1438; x_wconf 90' lang='lat' dir='ltr'><strong>pusillis</strong></span> <span class='ocrx_word' id='word_1_84' title='bbox 2104 1355 2189 1419; x_wconf 89' lang='lat' dir='ltr'><strong>istis.</strong></span> <span class='ocrx_word' id='word_1_85' title='bbox 2222 1352 2308 1417; x_wconf 90' lang='lat' dir='ltr'><strong>Nam</strong></span> 
     </span>
     <span class='ocr_line' id='line_1_8' title="bbox 536 1436 2309 1529; baseline -0.011 -9"><span class='ocrx_word' id='word_1_86' title='bbox 536 1495 544 1520; x_wconf 76' lang='lat'>‚</span> <span class='ocrx_word' id='word_1_87' title='bbox 578 1496 584 1510; x_wconf 89' lang='lat'><strong>·</strong></span> <span class='ocrx_word' id='word_1_88' title='bbox 623 1446 804 1518; x_wconf 84' lang='lat' dir='ltr'><strong>consensui</strong></span> <span class='ocrx_word' id='word_1_89' title='bbox 833 1448 956 1512; x_wconf 80' lang='lat' dir='ltr'><strong>veteris</strong></span> <span class='ocrx_word' id='word_1_90' title='bbox 979 1446 1142 1511; x_wconf 87' lang='lat' dir='ltr'><strong>ecclesiae</strong></span> <span class='ocrx_word' id='word_1_91' title='bbox 1165 1445 1206 1508; x_wconf 91' lang='lat' dir='ltr'><strong>de</strong></span> <span class='ocrx_word' id='word_1_92' title='bbox 1233 1444 1438 1529; x_wconf 84' lang='lat' dir='ltr'><strong>baptizandis</strong></span> <span class='ocrx_word' id='word_1_93' title='bbox 1489 1442 1572 1506; x_wconf 85' lang='lat' dir='ltr'><strong>haec</strong></span> <span class='ocrx_word' id='word_1_94' title='bbox 1589 1437 1668 1506; x_wconf 85' lang='lat' dir='ltr'><strong>loeo</strong></span> <span class='ocrx_word' id='word_1_95' title='bbox 1681 1459 1748 1503; x_wconf 94' lang='lat' dir='ltr'><strong>non</strong></span> <span class='ocrx_word' id='word_1_96' title='bbox 1846 1450 1905 1503; x_wconf 93' lang='lat' dir='ltr'><strong>unt</strong></span> <span class='ocrx_word' id='word_1_97' title='bbox 1922 1436 2011 1504; x_wconf 89' lang='lat' dir='ltr'><strong>eludi</strong></span> <span class='ocrx_word' id='word_1_98' title='bbox 2020 1437 2085 1504; x_wconf 88' lang='lat' dir='ltr'><strong>hac</strong></span> <span class='ocrx_word' id='word_1_99' title='bbox 2096 1436 2309 1503; x_wconf 85' lang='lat' dir='ltr'><strong>cavillatione</strong></span> 
     </span>
     <span class='ocr_line' id='line_1_9' title="bbox 619 1520 2309 1612; baseline -0.009 -10"><span class='ocrx_word' id='word_1_100' title='bbox 619 1535 809 1602; x_wconf 80' lang='lat' dir='ltr'><strong>infantibus.</strong></span> <span class='ocrx_word' id='word_1_101' title='bbox 851 1533 937 1596; x_wconf 89' lang='lat' dir='ltr'><strong>Nam</strong></span> <span class='ocrx_word' id='word_1_102' title='bbox 954 1530 1167 1595; x_wconf 89' lang='lat' dir='ltr'><strong>vetustissimi</strong></span> <span class='ocrx_word' id='word_1_103' title='bbox 1184 1531 1366 1610; x_wconf 83' lang='lat' dir='ltr'><strong>scriptores</strong></span> <span class='ocrx_word' id='word_1_104' title='bbox 1384 1548 1438 1591; x_wconf 88' lang='lat' dir='ltr'><strong>ec-</strong></span> <span class='ocrx_word' id='word_1_105' title='bbox 1490 1526 1578 1612; x_wconf 86' lang='lat' dir='ltr'><strong>quod</strong></span> <span class='ocrx_word' id='word_1_106' title='bbox 1592 1523 1744 1589; x_wconf 83' lang='lat' dir='ltr'><strong>Christus</strong></span> <span class='ocrx_word' id='word_1_107' title='bbox 1786 1526 1817 1587; x_wconf 85' lang='lat' dir='ltr'><strong>&#39;e</strong></span> <span class='ocrx_word' id='word_1_108' title='bbox 1838 1520 1920 1587; x_wconf 90' lang='lat' dir='ltr'><strong>nihil</strong></span> <span class='ocrx_word' id='word_1_109' title='bbox 1936 1526 2103 1607; x_wconf 81' lang='lat' dir='ltr'><strong>promittat</strong></span> <span class='ocrx_word' id='word_1_110' title='bbox 2119 1526 2231 1608; x_wconf 89' lang='lat' dir='ltr'><strong>pneris</strong></span> <span class='ocrx_word' id='word_1_111' title='bbox 2248 1524 2309 1587; x_wconf 88' lang='lat' dir='ltr'><strong>sed</strong></span> 
     </span>
     <span class='ocr_line' id='line_1_10' title="bbox 621 1605 2308 1710; baseline -0.008 -23"><span class='ocrx_word' id='word_1_112' title='bbox 621 1619 799 1687; x_wconf 88' lang='lat' dir='ltr'><strong>clesiastici</strong></span> <span class='ocrx_word' id='word_1_113' title='bbox 842 1619 985 1699; x_wconf 90' lang='lat' dir='ltr'><strong>probant</strong></span> <span class='ocrx_word' id='word_1_114' title='bbox 1030 1615 1226 1698; x_wconf 88' lang='lat' dir='ltr'><strong>baptismum</strong></span> <span class='ocrx_word' id='word_1_115' title='bbox 1269 1610 1437 1677; x_wconf 83' lang='lat' dir='ltr'><strong>infantum.</strong></span> <span class='ocrx_word' id='word_1_116' title='bbox 1489 1622 1615 1676; x_wconf 76' lang='lat' dir='ltr'><strong>tantuna</strong></span> <span class='ocrx_word' id='word_1_117' title='bbox 1626 1605 1704 1673; x_wconf 89' lang='lat' dir='ltr'><strong>velit</strong></span> <span class='ocrx_word' id='word_1_118' title='bbox 1720 1628 1786 1672; x_wconf 90' lang='lat' dir='ltr'><strong>nos</strong></span> <span class='ocrx_word' id='word_1_119' title='bbox 1795 1608 2045 1710; x_wconf 77' lang='lat' dir='ltr'><strong>unitari-eorum</strong></span> <span class='ocrx_word' id='word_1_120' title='bbox 2057 1607 2308 1693; x_wconf 81' lang='lat' dir='ltr'><strong>simplicitatem,</strong></span> 
     </span>
     <span class='ocr_line' id='line_1_11' title="bbox 622 1690 2310 1787; baseline -0.005 -20"><span class='ocrx_word' id='word_1_121' title='bbox 622 1704 784 1787; x_wconf 76' lang='lat' dir='ltr'><strong>Origenes</strong></span> <span class='ocrx_word' id='word_1_122' title='bbox 807 1702 946 1766; x_wconf 88' lang='lat' dir='ltr'><strong>enimin</strong></span> <span class='ocrx_word' id='word_1_123' title='bbox 963 1699 1021 1763; x_wconf 87' lang='lat' dir='ltr'><strong>Vl.</strong></span> <span class='ocrx_word' id='word_1_124' title='bbox 1040 1719 1069 1762; x_wconf 88' lang='lat' dir='ltr'><strong>c.</strong></span> <span class='ocrx_word' id='word_1_125' title='bbox 1092 1700 1135 1762; x_wconf 88' lang='lat' dir='ltr'><strong>ad</strong></span> <span class='ocrx_word' id='word_1_126' title='bbox 1155 1696 1218 1761; x_wconf 87' lang='lat' dir='ltr'><strong>Ro.</strong></span> <span class='ocrx_word' id='word_1_127' title='bbox 1241 1697 1293 1761; x_wconf 88' lang='lat' dir='ltr'><strong>sic</strong></span> <span class='ocrx_word' id='word_1_128' title='bbox 1313 1698 1438 1761; x_wconf 81' lang='lat' dir='ltr'><strong>scribit.</strong></span> <span class='ocrx_word' id='word_1_129' title='bbox 1489 1695 1580 1760; x_wconf 88' lang='lat' dir='ltr'><strong>llaec</strong></span> <span class='ocrx_word' id='word_1_130' title='bbox 1603 1690 1766 1759; x_wconf 84' lang='lat' dir='ltr'><strong>cavillatio</strong></span> <span class='ocrx_word' id='word_1_131' title='bbox 1783 1712 1923 1776; x_wconf 89' lang='lat' dir='ltr'><strong>prorsus</strong></span> <span class='ocrx_word' id='word_1_132' title='bbox 1940 1695 2047 1757; x_wconf 90' lang='lat' dir='ltr'><strong>manis</strong></span> <span class='ocrx_word' id='word_1_133' title='bbox 2070 1705 2132 1758; x_wconf 90' lang='lat' dir='ltr'><strong>est.</strong></span> <span class='ocrx_word' id='word_1_134' title='bbox 2168 1694 2310 1759; x_wconf 84' lang='lat' dir='ltr'><strong>Constat</strong></span> 
     </span>
     <span class='ocr_line' id='line_1_12' title="bbox 622 1774 2309 1872; baseline -0.006 -19"><span class='ocrx_word' id='word_1_135' title='bbox 622 1789 735 1872; x_wconf 86' lang='lat' dir='ltr'><strong>ltaque</strong></span> <span class='ocrx_word' id='word_1_136' title='bbox 756 1798 789 1850; x_wconf 93' lang='lat' dir='ltr'><strong>et</strong></span> <span class='ocrx_word' id='word_1_137' title='bbox 811 1783 954 1850; x_wconf 88' lang='lat' dir='ltr'><strong>ecclesia</strong></span> <span class='ocrx_word' id='word_1_138' title='bbox 977 1787 1019 1848; x_wconf 92' lang='lat' dir='ltr'><strong>ab</strong></span> <span class='ocrx_word' id='word_1_139' title='bbox 1041 1779 1204 1867; x_wconf 88' lang='lat' dir='ltr'><strong>apostolis</strong></span> <span class='ocrx_word' id='word_1_140' title='bbox 1231 1782 1439 1846; x_wconf 89' lang='lat' dir='ltr'><strong>traditionem</strong></span> <span class='ocrx_word' id='word_1_141' title='bbox 1490 1781 1575 1845; x_wconf 91' lang='lat' dir='ltr'><strong>enim</strong></span> <span class='ocrx_word' id='word_1_142' title='bbox 1599 1780 1634 1843; x_wconf 91' lang='lat' dir='ltr'><strong>in</strong></span> <span class='ocrx_word' id='word_1_143' title='bbox 1660 1776 1727 1842; x_wconf 93' lang='lat' dir='ltr'><strong>illis</strong></span> <span class='ocrx_word' id='word_1_144' title='bbox 1749 1774 1833 1841; x_wconf 85' lang='lat' dir='ltr'><strong>locis</strong></span> <span class='ocrx_word' id='word_1_145' title='bbox 1862 1797 1942 1842; x_wconf 90' lang='lat' dir='ltr'><strong>vere</strong></span> <span class='ocrx_word' id='word_1_146' title='bbox 1963 1778 2005 1842; x_wconf 91' lang='lat' dir='ltr'><strong>de</strong></span> <span class='ocrx_word' id='word_1_147' title='bbox 2030 1789 2138 1842; x_wconf 88' lang='lat' dir='ltr'><strong>aetate</strong></span> <span class='ocrx_word' id='word_1_148' title='bbox 2160 1778 2309 1862; x_wconf 87' lang='lat' dir='ltr'><strong>parvulis</strong></span> 
     </span>
     <span class='ocr_line' id='line_1_13' title="bbox 623 1860 2308 1955; baseline -0.007 -17"><span class='ocrx_word' id='word_1_149' title='bbox 623 1872 752 1955; x_wconf 86' lang='lat' dir='ltr'><strong>accepit</strong></span> <span class='ocrx_word' id='word_1_150' title='bbox 790 1873 887 1934; x_wconf 88' lang='lat' dir='ltr'><strong>etiam</strong></span> <span class='ocrx_word' id='word_1_151' title='bbox 947 1867 1071 1932; x_wconf 86' lang='lat' dir='ltr'><strong>arvulis</strong></span> <span class='ocrx_word' id='word_1_152' title='bbox 1114 1868 1194 1931; x_wconf 89' lang='lat' dir='ltr'><strong>dare</strong></span> <span class='ocrx_word' id='word_1_153' title='bbox 1231 1867 1438 1951; x_wconf 87' lang='lat' dir='ltr'><strong>baptismum.</strong></span> <span class='ocrx_word' id='word_1_154' title='bbox 1490 1865 1564 1929; x_wconf 85' lang='lat' dir='ltr'><strong>diei.</strong></span> <span class='ocrx_word' id='word_1_155' title='bbox 1607 1862 1650 1926; x_wconf 87' lang='lat' dir='ltr'><strong>Et</strong></span> <span class='ocrx_word' id='word_1_156' title='bbox 1668 1861 1822 1927; x_wconf 88' lang='lat' dir='ltr'><strong>Christus</strong></span> <span class='ocrx_word' id='word_1_157' title='bbox 1843 1862 1946 1946; x_wconf 91' lang='lat' dir='ltr'><strong>inquit</strong></span> <span class='ocrx_word' id='word_1_158' title='bbox 1968 1860 2089 1946; x_wconf 86' lang='lat' dir='ltr'><strong>Angeli</strong></span> <span class='ocrx_word' id='word_1_159' title='bbox 2107 1882 2220 1927; x_wconf 89' lang='lat' dir='ltr'><strong>eorum</strong></span> <span class='ocrx_word' id='word_1_160' title='bbox 2245 1874 2308 1927; x_wconf 91' lang='lat' dir='ltr'><strong>etc.</strong></span> 
     </span>
     <span class='ocr_line' id='line_1_14' title="bbox 623 1942 2310 2036; baseline -0.005 -15"><span class='ocrx_word' id='word_1_161' title='bbox 623 1956 779 2021; x_wconf 86' lang='lat' dir='ltr'><strong>Sciebant</strong></span> <span class='ocrx_word' id='word_1_162' title='bbox 797 1953 907 2018; x_wconf 88' lang='lat' dir='ltr'><strong>euim&#39;</strong></span> <span class='ocrx_word' id='word_1_163' title='bbox 937 1953 947 2014; x_wconf 92' lang='lat' dir='ltr'><strong>i</strong></span> <span class='ocrx_word' id='word_1_164' title='bbox 970 1954 1089 2036; x_wconf 91' lang='lat' dir='ltr'><strong>quibus</strong></span> <span class='ocrx_word' id='word_1_165' title='bbox 1107 1963 1240 2016; x_wconf 81' lang='lat' dir='ltr'><strong>secreta</strong></span> <span class='ocrx_word' id='word_1_166' title='bbox 1257 1951 1439 2015; x_wconf 90' lang='lat' dir='ltr'><strong>divinorum</strong></span> <span class='ocrx_word' id='word_1_167' title='bbox 1489 1968 1592 2033; x_wconf 88' lang='lat' dir='ltr'><strong>quare</strong></span> <span class='ocrx_word' id='word_1_168' title='bbox 1608 1957 1749 2011; x_wconf 87' lang='lat' dir='ltr'><strong>testatur</strong></span> <span class='ocrx_word' id='word_1_169' title='bbox 1770 1963 1830 2009; x_wconf 88' lang='lat' dir='ltr'><strong>eos</strong></span> <span class='ocrx_word' id='word_1_170' title='bbox 1854 1947 1917 2009; x_wconf 92' lang='lat' dir='ltr'><strong>deo</strong></span> <span class='ocrx_word' id='word_1_171' title='bbox 1938 1942 2074 2031; x_wconf 87' lang='lat' dir='ltr'><strong>placere</strong></span> <span class='ocrx_word' id='word_1_172' title='bbox 2097 1959 2130 2011; x_wconf 93' lang='lat' dir='ltr'><strong>et</strong></span> <span class='ocrx_word' id='word_1_173' title='bbox 2150 1949 2310 2013; x_wconf 83' lang='lat' dir='ltr'><strong>custodiri</strong></span> 
     </span>
     <span class='ocr_line' id='line_1_15' title="bbox 621 2028 2309 2125; baseline -0.003 -21"><span class='ocrx_word' id='word_1_174' title='bbox 621 2041 851 2125; x_wconf 80' lang='lat' dir='ltr'><strong>mysteriorum</strong></span> <span class='ocrx_word' id='word_1_175' title='bbox 869 2038 1045 2103; x_wconf 87' lang='lat' dir='ltr'><strong>commissa</strong></span> <span class='ocrx_word' id='word_1_176' title='bbox 1061 2047 1148 2113; x_wconf 85' lang='lat' dir='ltr'><strong>sunt,</strong></span> <span class='ocrx_word' id='word_1_177' title='bbox 1169 2035 1260 2119; x_wconf 92' lang='lat' dir='ltr'><strong>quod</strong></span> <span class='ocrx_word' id='word_1_178' title='bbox 1277 2044 1389 2098; x_wconf 88' lang='lat' dir='ltr'><strong>essent</strong></span> <span class='ocrx_word' id='word_1_179' title='bbox 1405 2035 1439 2097; x_wconf 91' lang='lat' dir='ltr'><strong>in</strong></span> <span class='ocrx_word' id='word_1_180' title='bbox 1533 2053 1549 2095; x_wconf 92' lang='lat' dir='ltr'><strong>r</strong></span> <span class='ocrx_word' id='word_1_181' title='bbox 1577 2028 1728 2117; x_wconf 78' lang='lat' dir='ltr'><strong>angelos.</strong></span> <span class='ocrx_word' id='word_1_182' title='bbox 1771 2028 1814 2093; x_wconf 90' lang='lat' dir='ltr'><strong>Et</strong></span> <span class='ocrx_word' id='word_1_183' title='bbox 1841 2031 1919 2114; x_wconf 91' lang='lat' dir='ltr'><strong>quid</strong></span> <span class='ocrx_word' id='word_1_184' title='bbox 1945 2041 2056 2114; x_wconf 85' lang='lat' dir='ltr'><strong>potest</strong></span> <span class='ocrx_word' id='word_1_185' title='bbox 2084 2032 2148 2095; x_wconf 93' lang='lat' dir='ltr'><strong>dici</strong></span> <span class='ocrx_word' id='word_1_186' title='bbox 2175 2031 2309 2100; x_wconf 84' lang='lat' dir='ltr'><strong>clarius.</strong></span> 
     </span>
     <span class='ocr_line' id='line_1_16' title="bbox 623 2112 2310 2209; baseline -0.004 -21"><span class='ocrx_word' id='word_1_187' title='bbox 623 2124 773 2188; x_wconf 89' lang='lat' dir='ltr'><strong>omnibns</strong></span> <span class='ocrx_word' id='word_1_188' title='bbox 795 2123 955 2209; x_wconf 87' lang='lat' dir='ltr'><strong>genuinae</strong></span> <span class='ocrx_word' id='word_1_189' title='bbox 982 2122 1101 2184; x_wconf 89' lang='lat' dir='ltr'><strong>sordes</strong></span> <span class='ocrx_word' id='word_1_190' title='bbox 1123 2119 1251 2201; x_wconf 88' lang='lat' dir='ltr'><strong>peccati</strong></span> <span class='ocrx_word' id='word_1_191' title='bbox 1272 2138 1357 2202; x_wconf 88' lang='lat' dir='ltr'><strong>quae</strong></span> <span class='ocrx_word' id='word_1_192' title='bbox 1378 2137 1439 2199; x_wconf 89' lang='lat' dir='ltr'><strong>per</strong></span> <span class='ocrx_word' id='word_1_193' title='bbox 1523 2136 1567 2180; x_wconf 91' lang='lat' dir='ltr'><strong>on</strong></span> <span class='ocrx_word' id='word_1_194' title='bbox 1586 2127 1638 2180; x_wconf 92' lang='lat' dir='ltr'><strong>est</strong></span> <span class='ocrx_word' id='word_1_195' title='bbox 1660 2112 1814 2179; x_wconf 85' lang='lat' dir='ltr'><strong>voluntas</strong></span> <span class='ocrx_word' id='word_1_196' title='bbox 1832 2113 1885 2178; x_wconf 90' lang='lat' dir='ltr'><strong>dei</strong></span> <span class='ocrx_word' id='word_1_197' title='bbox 1902 2125 1938 2179; x_wconf 94' lang='lat' dir='ltr'><strong>ut</strong></span> <span class='ocrx_word' id='word_1_198' title='bbox 1955 2127 2069 2197; x_wconf 90' lang='lat' dir='ltr'><strong>pereat</strong></span> <span class='ocrx_word' id='word_1_199' title='bbox 2086 2136 2172 2180; x_wconf 75' lang='lat' dir='ltr'><strong>rinus</strong></span> <span class='ocrx_word' id='word_1_200' title='bbox 2193 2119 2235 2182; x_wconf 90' lang='lat' dir='ltr'><strong>de</strong></span> <span class='ocrx_word' id='word_1_201' title='bbox 2252 2140 2310 2201; x_wconf 93' lang='lat' dir='ltr'><strong>pu·</strong></span> 
     </span>
     <span class='ocr_line' id='line_1_17' title="bbox 622 2198 2309 2292; baseline -0.004 -21"><span class='ocrx_word' id='word_1_202' title='bbox 622 2228 742 2292; x_wconf 87' lang='lat' dir='ltr'><strong>aquam</strong></span> <span class='ocrx_word' id='word_1_203' title='bbox 769 2218 802 2271; x_wconf 84' lang='lat' dir='ltr'><strong>et</strong></span> <span class='ocrx_word' id='word_1_204' title='bbox 834 2207 983 2289; x_wconf 87' lang='lat' dir='ltr'><strong>spiritum</strong></span> <span class='ocrx_word' id='word_1_205' title='bbox 1013 2203 1102 2269; x_wconf 91' lang='lat' dir='ltr'><strong>ablui</strong></span> <span class='ocrx_word' id='word_1_206' title='bbox 1136 2204 1303 2267; x_wconf 92' lang='lat' dir='ltr'><strong>deberent.</strong></span> <span class='ocrx_word' id='word_1_207' title='bbox 1347 2200 1439 2266; x_wconf 89' lang='lat' dir='ltr'><strong>llaec</strong></span> <span class='ocrx_word' id='word_1_208' title='bbox 1491 2199 1574 2264; x_wconf 82' lang='lat' dir='ltr'><strong>sillia</strong></span> <span class='ocrx_word' id='word_1_209' title='bbox 1602 2201 1684 2264; x_wconf 87' lang='lat' dir='ltr'><strong>istis.</strong></span> <span class='ocrx_word' id='word_1_210' title='bbox 1734 2198 1826 2262; x_wconf 89' lang='lat' dir='ltr'><strong>Haec</strong></span> <span class='ocrx_word' id='word_1_211' title='bbox 1861 2200 2024 2263; x_wconf 90' lang='lat' dir='ltr'><strong>sententia</strong></span> <span class='ocrx_word' id='word_1_212' title='bbox 2059 2198 2186 2265; x_wconf 86' lang='lat' dir='ltr'><strong>clarum</strong></span> <span class='ocrx_word' id='word_1_213' title='bbox 2218 2205 2309 2267; x_wconf 90' lang='lat' dir='ltr'><strong>testi·</strong></span> 
     </span>
     <span class='ocr_line' id='line_1_18' title="bbox 622 2279 2309 2377; baseline -0.003 -22"><span class='ocrx_word' id='word_1_214' title='bbox 622 2290 865 2377; x_wconf 83' lang='lat' dir='ltr'><strong>suntOrigenis</strong></span> <span class='ocrx_word' id='word_1_215' title='bbox 883 2291 996 2366; x_wconf 87' lang='lat' dir='ltr'><strong>verba,</strong></span> <span class='ocrx_word' id='word_1_216' title='bbox 1017 2290 1051 2353; x_wconf 91' lang='lat' dir='ltr'><strong>in</strong></span> <span class='ocrx_word' id='word_1_217' title='bbox 1069 2289 1187 2372; x_wconf 90' lang='lat' dir='ltr'><strong>quihus</strong></span> <span class='ocrx_word' id='word_1_218' title='bbox 1203 2297 1377 2373; x_wconf 79' lang='lat' dir='ltr'><strong>utrumque</strong></span> <span class='ocrx_word' id='word_1_219' title='bbox 1393 2297 1440 2349; x_wconf 93' lang='lat' dir='ltr'><strong>te·</strong></span> <span class='ocrx_word' id='word_1_220' title='bbox 1489 2285 1633 2349; x_wconf 82' lang='lat' dir='ltr'><strong>monimo</strong></span> <span class='ocrx_word' id='word_1_221' title='bbox 1661 2279 1823 2348; x_wconf 84' lang='lat' dir='ltr'><strong>ecclesiae</strong></span> <span class='ocrx_word' id='word_1_222' title='bbox 1848 2285 2002 2368; x_wconf 84' lang='lat' dir='ltr'><strong>proponit</strong></span> <span class='ocrx_word' id='word_1_223' title='bbox 2029 2285 2071 2348; x_wconf 86' lang='lat' dir='ltr'><strong>de</strong></span> <span class='ocrx_word' id='word_1_224' title='bbox 2096 2285 2205 2350; x_wconf 88' lang='lat' dir='ltr'><strong>salute</strong></span> <span class='ocrx_word' id='word_1_225' title='bbox 2231 2306 2309 2369; x_wconf 91' lang='lat' dir='ltr'><strong>pue·</strong></span> 
     </span>
     <span class='ocr_line' id='line_1_19' title="bbox 622 2368 2310 2457; baseline -0.003 -17"><span class='ocrx_word' id='word_1_226' title='bbox 622 2386 729 2440; x_wconf 91' lang='lat' dir='ltr'><strong>statur</strong></span> <span class='ocrx_word' id='word_1_227' title='bbox 751 2386 784 2439; x_wconf 90' lang='lat' dir='ltr'><strong>et</strong></span> <span class='ocrx_word' id='word_1_228' title='bbox 800 2374 960 2457; x_wconf 87' lang='lat' dir='ltr'><strong>baptizari</strong></span> <span class='ocrx_word' id='word_1_229' title='bbox 979 2369 1123 2436; x_wconf 82' lang='lat' dir='ltr'><strong>infantes</strong></span> <span class='ocrx_word' id='word_1_230' title='bbox 1145 2382 1178 2435; x_wconf 93' lang='lat' dir='ltr'><strong>et</strong></span> <span class='ocrx_word' id='word_1_231' title='bbox 1200 2371 1357 2453; x_wconf 89' lang='lat' dir='ltr'><strong>consequi</strong></span> <span class='ocrx_word' id='word_1_232' title='bbox 1378 2389 1439 2433; x_wconf 90' lang='lat' dir='ltr'><strong>eos</strong></span> <span class='ocrx_word' id='word_1_233' title='bbox 1489 2388 1603 2432; x_wconf 86' lang='lat' dir='ltr'><strong>rorum</strong></span> <span class='ocrx_word' id='word_1_234' title='bbox 1630 2380 1663 2432; x_wconf 91' lang='lat' dir='ltr'><strong>et</strong></span> <span class='ocrx_word' id='word_1_235' title='bbox 1689 2368 1877 2452; x_wconf 86' lang='lat' dir='ltr'><strong>gratissima</strong></span> <span class='ocrx_word' id='word_1_236' title='bbox 1905 2368 2001 2432; x_wconf 89' lang='lat' dir='ltr'><strong>nobis</strong></span> <span class='ocrx_word' id='word_1_237' title='bbox 2029 2387 2107 2433; x_wconf 88' lang='lat' dir='ltr'><strong>esse</strong></span> <span class='ocrx_word' id='word_1_238' title='bbox 2128 2371 2244 2449; x_wconf 89' lang='lat' dir='ltr'><strong>debet,</strong></span> <span class='ocrx_word' id='word_1_239' title='bbox 2277 2382 2310 2435; x_wconf 90' lang='lat' dir='ltr'><strong>et</strong></span> 
     </span>
     <span class='ocr_line' id='line_1_20' title="bbox 698 2451 2311 2541; baseline -0.001 -19"><span class='ocrx_word' id='word_1_240' title='bbox 698 2458 894 2541; x_wconf 87' lang='lat' dir='ltr'><strong>baptismum</strong></span> <span class='ocrx_word' id='word_1_241' title='bbox 911 2457 1137 2519; x_wconf 86' lang='lat' dir='ltr'><strong>remissionem</strong></span> <span class='ocrx_word' id='word_1_242' title='bbox 1152 2456 1281 2538; x_wconf 91' lang='lat' dir='ltr'><strong>peccati</strong></span> <span class='ocrx_word' id='word_1_243' title='bbox 1299 2455 1439 2539; x_wconf 90' lang='lat' dir='ltr'><strong>origina-</strong></span> <span class='ocrx_word' id='word_1_244' title='bbox 1492 2451 1666 2539; x_wconf 90' lang='lat' dir='ltr'><strong>diligenter</strong></span> <span class='ocrx_word' id='word_1_245' title='bbox 1687 2451 1883 2517; x_wconf 90' lang='lat' dir='ltr'><strong>inculcanda</strong></span> <span class='ocrx_word' id='word_1_246' title='bbox 1906 2464 1957 2517; x_wconf 89' lang='lat' dir='ltr'><strong>est</strong></span> <span class='ocrx_word' id='word_1_247' title='bbox 1980 2454 2106 2537; x_wconf 81' lang='lat' dir='ltr'><strong>primae</strong></span> <span class='ocrx_word' id='word_1_248' title='bbox 2129 2456 2246 2533; x_wconf 86' lang='lat' dir='ltr'><strong>aetati,</strong></span> <span class='ocrx_word' id='word_1_249' title='bbox 2275 2467 2311 2521; x_wconf 93' lang='lat' dir='ltr'><strong>ut</strong></span> 
     </span>
     <span class='ocr_line' id='line_1_21' title="bbox 622 2479 2309 2685; baseline 0.001 -79"><span class='ocrx_word' id='word_1_250' title='bbox 622 2479 766 2621; x_wconf 52' lang='lat' dir='ltr'><strong>lgneo</strong></span> <span class='ocrx_word' id='word_1_251' title='bbox 788 2553 857 2618; x_wconf 90' lang='lat' dir='ltr'><strong>est,</strong></span> <span class='ocrx_word' id='word_1_252' title='bbox 880 2539 1086 2604; x_wconf 88' lang='lat' dir='ltr'><strong>reconciliari</strong></span> <span class='ocrx_word' id='word_1_253' title='bbox 1107 2559 1166 2603; x_wconf 91' lang='lat' dir='ltr'><strong>eos</strong></span> <span class='ocrx_word' id='word_1_254' title='bbox 1185 2540 1260 2603; x_wconf 93' lang='lat' dir='ltr'><strong>deo.</strong></span> <span class='ocrx_word' id='word_1_255' title='bbox 1304 2536 1440 2623; x_wconf 86' lang='lat' dir='ltr'><strong>Cypria·</strong></span> <span class='ocrx_word' id='word_1_256' title='bbox 1490 2558 1588 2685; x_wconf 72' lang='lat' dir='ltr'><strong>quam</strong></span> <span class='ocrx_word' id='word_1_257' title='bbox 1605 2534 2032 2603; x_wconf 87' lang='lat' dir='ltr'><strong>diutissimeretineathanc</strong></span> <span class='ocrx_word' id='word_1_258' title='bbox 2048 2540 2309 2622; x_wconf 84' lang='lat' dir='ltr'><strong>promissionem.</strong></span> 
     </span>
     <span class='ocr_line' id='line_1_22' title="bbox 623 2621 1441 2709; baseline -0.01 -16"><span class='ocrx_word' id='word_1_259' title='bbox 623 2647 687 2693; x_wconf 90' lang='lat' dir='ltr'><strong>nus</strong></span> <span class='ocrx_word' id='word_1_260' title='bbox 709 2626 826 2690; x_wconf 88' lang='lat' dir='ltr'><strong>scribit</strong></span> <span class='ocrx_word' id='word_1_261' title='bbox 849 2626 883 2688; x_wconf 93' lang='lat' dir='ltr'><strong>in</strong></span> <span class='ocrx_word' id='word_1_262' title='bbox 905 2621 1045 2688; x_wconf 90' lang='lat' dir='ltr'><strong>concilio</strong></span> <span class='ocrx_word' id='word_1_263' title='bbox 1068 2624 1253 2688; x_wconf 85' lang='lat' dir='ltr'><strong>damnatam</strong></span> <span class='ocrx_word' id='word_1_264' title='bbox 1270 2641 1349 2687; x_wconf 89' lang='lat' dir='ltr'><strong>esse</strong></span> <span class='ocrx_word' id='word_1_265' title='bbox 1372 2622 1441 2709; x_wconf 86' lang='lat' dir='ltr'><strong>opi·</strong></span> 
     </span>
     <span class='ocr_line' id='line_1_23' title="bbox 624 2704 2310 2793; baseline 0.001 -18"><span class='ocrx_word' id='word_1_266' title='bbox 624 2710 755 2775; x_wconf 89' lang='lat' dir='ltr'><strong>nionem</strong></span> <span class='ocrx_word' id='word_1_267' title='bbox 780 2709 949 2773; x_wconf 87' lang='lat' dir='ltr'><strong>cuiusdam</strong></span> <span class='ocrx_word' id='word_1_268' title='bbox 971 2709 1026 2793; x_wconf 92' lang='lat' dir='ltr'><strong>qui</strong></span> <span class='ocrx_word' id='word_1_269' title='bbox 1050 2705 1193 2772; x_wconf 82' lang='lat' dir='ltr'><strong>infantes</strong></span> <span class='ocrx_word' id='word_1_270' title='bbox 1214 2726 1281 2773; x_wconf 91' lang='lat' dir='ltr'><strong>non</strong></span> <span class='ocrx_word' id='word_1_271' title='bbox 1308 2704 1442 2771; x_wconf 91' lang='lat' dir='ltr'><strong>volebat</strong></span> <span class='ocrx_word' id='word_1_272' title='bbox 1491 2709 1596 2785; x_wconf 90' lang='lat' dir='ltr'><strong>sione,</strong></span> <span class='ocrx_word' id='word_1_273' title='bbox 1618 2707 1676 2771; x_wconf 91' lang='lat' dir='ltr'><strong>ubi</strong></span> <span class='ocrx_word' id='word_1_274' title='bbox 1699 2707 1777 2770; x_wconf 91' lang='lat' dir='ltr'><strong>dicit</strong></span> <span class='ocrx_word' id='word_1_275' title='bbox 1798 2705 1866 2772; x_wconf 86' lang='lat' dir='ltr'><strong>Ero</strong></span> <span class='ocrx_word' id='word_1_276' title='bbox 1884 2708 1968 2771; x_wconf 89' lang='lat' dir='ltr'><strong>deus</strong></span> <span class='ocrx_word' id='word_1_277' title='bbox 1989 2726 2113 2773; x_wconf 87' lang='lat' dir='ltr'><strong>eorum.</strong></span> <span class='ocrx_word' id='word_1_278' title='bbox 2157 2708 2310 2776; x_wconf 87' lang='lat' dir='ltr'><strong>Testatur</strong></span> 
     </span>
     <span class='ocr_line' id='line_1_24' title="bbox 624 2788 2310 2875; baseline 0.001 -16"><span class='ocrx_word' id='word_1_279' title='bbox 624 2807 701 2859; x_wconf 90' lang='lat' dir='ltr'><strong>ante</strong></span> <span class='ocrx_word' id='word_1_280' title='bbox 724 2804 880 2859; x_wconf 84' lang='lat' dir='ltr'><strong>octavum-</strong></span> <span class='ocrx_word' id='word_1_281' title='bbox 903 2793 987 2858; x_wconf 87' lang='lat' dir='ltr'><strong>diem</strong></span> <span class='ocrx_word' id='word_1_282' title='bbox 1006 2793 1168 2875; x_wconf 84' lang='lat' dir='ltr'><strong>baptizari</strong></span> <span class='ocrx_word' id='word_1_283' title='bbox 1179 2793 1234 2875; x_wconf 80' lang='lat'><strong>¹²).</strong></span> <span class='ocrx_word' id='word_1_284' title='bbox 1278 2792 1389 2857; x_wconf 88' lang='lat' dir='ltr'><strong>Sensit</strong></span> <span class='ocrx_word' id='word_1_285' title='bbox 1399 2792 1441 2874; x_wconf 77' lang='lat'><strong>¹⁸)</strong></span> <span class='ocrx_word' id='word_1_286' title='bbox 1490 2793 1577 2855; x_wconf 90' lang='lat' dir='ltr'><strong>enim</strong></span> <span class='ocrx_word' id='word_1_287' title='bbox 1594 2792 1677 2857; x_wconf 87' lang='lat' dir='ltr'><strong>deus</strong></span> <span class='ocrx_word' id='word_1_288' title='bbox 1695 2810 1733 2854; x_wconf 90' lang='lat' dir='ltr'><strong>se</strong></span> <span class='ocrx_word' id='word_1_289' title='bbox 1749 2788 1815 2854; x_wconf 91' lang='lat' dir='ltr'><strong>illis</strong></span> <span class='ocrx_word' id='word_1_290' title='bbox 1832 2789 1946 2856; x_wconf 77' lang='lat' dir='ltr'><strong>lavere</strong></span> <span class='ocrx_word' id='word_1_291' title='bbox 1990 2793 2155 2858; x_wconf 92' lang='lat' dir='ltr'><strong>uosiubet</strong></span> <span class='ocrx_word' id='word_1_292' title='bbox 2173 2797 2310 2860; x_wconf 89' lang='lat' dir='ltr'><strong>circum·</strong></span> 
     </span>
     <span class='ocr_line' id='line_1_25' title="bbox 625 2873 2308 2962; baseline 0.001 -20"><span class='ocrx_word' id='word_1_293' title='bbox 625 2880 711 2943; x_wconf 91' lang='lat' dir='ltr'><strong>enim</strong></span> <span class='ocrx_word' id='word_1_294' title='bbox 739 2876 894 2962; x_wconf 88' lang='lat' dir='ltr'><strong>Synodus</strong></span> <span class='ocrx_word' id='word_1_295' title='bbox 928 2873 1071 2941; x_wconf 79' lang='lat' dir='ltr'><strong>infantes</strong></span> <span class='ocrx_word' id='word_1_296' title='bbox 1104 2877 1320 2959; x_wconf 81' lang='lat' dir='ltr'><strong>baptizandos</strong></span> <span class='ocrx_word' id='word_1_297' title='bbox 1353 2895 1440 2953; x_wconf 90' lang='lat' dir='ltr'><strong>esse,</strong></span> <span class='ocrx_word' id='word_1_298' title='bbox 1491 2876 1566 2939; x_wconf 90' lang='lat' dir='ltr'><strong>cidi.</strong></span> <span class='ocrx_word' id='word_1_299' title='bbox 1608 2873 1702 2940; x_wconf 89' lang='lat' dir='ltr'><strong>lubet</strong></span> <span class='ocrx_word' id='word_1_300' title='bbox 1734 2887 1843 2940; x_wconf 90' lang='lat' dir='ltr'><strong>autem</strong></span> <span class='ocrx_word' id='word_1_301' title='bbox 1875 2888 1908 2941; x_wconf 85' lang='lat' dir='ltr'><strong>et</strong></span> <span class='ocrx_word' id='word_1_302' title='bbox 1934 2878 1945 2940; x_wconf 93' lang='lat' dir='ltr'><strong>i</strong></span> <span class='ocrx_word' id='word_1_303' title='bbox 1982 2888 2078 2941; x_wconf 88' lang='lat' dir='ltr'><strong>antes</strong></span> <span class='ocrx_word' id='word_1_304' title='bbox 2110 2880 2308 2947; x_wconf 90' lang='lat' dir='ltr'><strong>circumcidi.</strong></span> 
     </span>
     <span class='ocr_line' id='line_1_26' title="bbox 624 2959 2310 3048; baseline 0.001 -20"><span class='ocrx_word' id='word_1_305' title='bbox 624 2982 687 3028; x_wconf 90' lang='lat' dir='ltr'><strong>nec</strong></span> <span class='ocrx_word' id='word_1_306' title='bbox 705 2963 877 3026; x_wconf 84' lang='lat' dir='ltr'><strong>observari</strong></span> <span class='ocrx_word' id='word_1_307' title='bbox 895 2972 1049 3044; x_wconf 88' lang='lat' dir='ltr'><strong>oportere</strong></span> <span class='ocrx_word' id='word_1_308' title='bbox 1059 2962 1298 3045; x_wconf 86' lang='lat' dir='ltr'><strong>praescriptum</strong></span> <span class='ocrx_word' id='word_1_309' title='bbox 1311 2971 1378 3024; x_wconf 87' lang='lat' dir='ltr'><strong>tem</strong></span> <span class='ocrx_word' id='word_1_310' title='bbox 1399 2979 1439 3023; x_wconf 91' lang='lat' dir='ltr'><strong>us</strong></span> <span class='ocrx_word' id='word_1_311' title='bbox 1491 2959 1558 3025; x_wconf 86' lang='lat' dir='ltr'><strong>Sed</strong></span> <span class='ocrx_word' id='word_1_312' title='bbox 1576 2961 1725 3025; x_wconf 80' lang='lat' dir='ltr'><strong>existirm</strong></span> <span class='ocrx_word' id='word_1_313' title='bbox 1748 2961 1804 3024; x_wconf 89' lang='lat' dir='ltr'><strong>vix</strong></span> <span class='ocrx_word' id='word_1_314' title='bbox 1821 2981 2017 3045; x_wconf 86' lang='lat' dir='ltr'><strong>quemquam</strong></span> <span class='ocrx_word' id='word_1_315' title='bbox 2034 2980 2112 3027; x_wconf 87' lang='lat' dir='ltr'><strong>esse</strong></span> <span class='ocrx_word' id='word_1_316' title='bbox 2132 2965 2188 3048; x_wconf 87' lang='lat' dir='ltr'><strong>qui</strong></span> <span class='ocrx_word' id='word_1_317' title='bbox 2209 2967 2310 3031; x_wconf 89' lang='lat' dir='ltr'><strong>maio·</strong></span> 
     </span>
     <span class='ocr_line' id='line_1_27' title="bbox 623 3045 2426 3131; baseline 0.002 -19"><span class='ocrx_word' id='word_1_318' title='bbox 623 3048 734 3112; x_wconf 88' lang='lat' dir='ltr'><strong>octavi</strong></span> <span class='ocrx_word' id='word_1_319' title='bbox 751 3046 826 3110; x_wconf 93' lang='lat' dir='ltr'><strong>diei.</strong></span> <span class='ocrx_word' id='word_1_320' title='bbox 860 3046 1073 3131; x_wconf 84' lang='lat' dir='ltr'><strong>Augustinus.</strong></span> <span class='ocrx_word' id='word_1_321' title='bbox 1086 3045 1128 3108; x_wconf 92' lang='lat' dir='ltr'><strong>de</strong></span> <span class='ocrx_word' id='word_1_322' title='bbox 1147 3046 1223 3127; x_wconf 91' lang='lat' dir='ltr'><strong>bap.</strong></span> <span class='ocrx_word' id='word_1_323' title='bbox 1243 3056 1359 3108; x_wconf 89' lang='lat' dir='ltr'><strong>contra</strong></span> <span class='ocrx_word' id='word_1_324' title='bbox 1406 3063 1440 3105; x_wconf 94' lang='lat' dir='ltr'><strong>o·</strong></span> <span class='ocrx_word' id='word_1_325' title='bbox 1490 3045 1664 3108; x_wconf 89' lang='lat' dir='ltr'><strong>remansit</strong></span> <span class='ocrx_word' id='word_1_326' title='bbox 1685 3045 1868 3109; x_wconf 92' lang='lat' dir='ltr'><strong>indubium</strong></span> <span class='ocrx_word' id='word_1_327' title='bbox 1889 3065 2029 3123; x_wconf 81' lang='lat' dir='ltr'><strong>vocare,</strong></span> <span class='ocrx_word' id='word_1_328' title='bbox 2057 3058 2092 3112; x_wconf 88' lang='lat' dir='ltr'><strong>et</strong></span> <span class='ocrx_word' id='word_1_329' title='bbox 2113 3058 2222 3114; x_wconf 84' lang='lat' dir='ltr'><strong>tamen</strong></span> <span class='ocrx_word' id='word_1_330' title='bbox 2242 3071 2310 3114; x_wconf 90' lang='lat' dir='ltr'><strong>ma·</strong></span> <span class='ocrx_word' id='word_1_331' title='bbox 2420 3054 2426 3063; x_wconf 76' lang='grc'><em>’</em></span> 
     </span>
     <span class='ocr_line' id='line_1_28' title="bbox 623 3125 2308 3216; baseline 0 -20"><span class='ocrx_word' id='word_1_332' title='bbox 623 3132 763 3197; x_wconf 85' lang='lat' dir='ltr'><strong>uatistas</strong></span> <span class='ocrx_word' id='word_1_333' title='bbox 779 3127 813 3193; x_wconf 92' lang='lat' dir='ltr'><strong>li.</strong></span> <span class='ocrx_word' id='word_1_334' title='bbox 831 3131 863 3192; x_wconf 82' lang='grc'><strong>4.</strong></span> <span class='ocrx_word' id='word_1_335' title='bbox 880 3131 937 3194; x_wconf 92' lang='lat' dir='ltr'><strong>ait.</strong></span> <span class='ocrx_word' id='word_1_336' title='bbox 975 3128 1029 3193; x_wconf 88' lang='lat' dir='ltr'><strong>De</strong></span> <span class='ocrx_word' id='word_1_337' title='bbox 1046 3128 1210 3210; x_wconf 88' lang='lat' dir='ltr'><strong>baptismo</strong></span> <span class='ocrx_word' id='word_1_338' title='bbox 1227 3125 1441 3211; x_wconf 84' lang='lat' dir='ltr'><strong>parvulorum</strong></span> <span class='ocrx_word' id='word_1_339' title='bbox 1490 3130 1562 3192; x_wconf 89' lang='lat' dir='ltr'><strong>iore</strong></span> <span class='ocrx_word' id='word_1_340' title='bbox 1572 3129 1751 3192; x_wconf 91' lang='lat' dir='ltr'><strong>constituta</strong></span> <span class='ocrx_word' id='word_1_341' title='bbox 1766 3127 1893 3214; x_wconf 91' lang='lat' dir='ltr'><strong>reliqua</strong></span> <span class='ocrx_word' id='word_1_342' title='bbox 1904 3126 2035 3194; x_wconf 85' lang='lat' dir='ltr'><strong>defendi</strong></span> <span class='ocrx_word' id='word_1_343' title='bbox 2046 3128 2146 3196; x_wconf 83' lang='lat' dir='ltr'><strong>facile</strong></span> <span class='ocrx_word' id='word_1_344' title='bbox 2156 3145 2308 3216; x_wconf 87' lang='lat' dir='ltr'><strong>possunt.</strong></span> 
     </span>
     <span class='ocr_line' id='line_1_29' title="bbox 624 3209 2308 3300; baseline 0.002 -21"><span class='ocrx_word' id='word_1_345' title='bbox 624 3216 712 3300; x_wconf 91' lang='lat' dir='ltr'><strong>quod</strong></span> <span class='ocrx_word' id='word_1_346' title='bbox 733 3215 889 3278; x_wconf 87' lang='lat' dir='ltr'><strong>universa</strong></span> <span class='ocrx_word' id='word_1_347' title='bbox 911 3224 1001 3277; x_wconf 91' lang='lat' dir='ltr'><strong>tenet</strong></span> <span class='ocrx_word' id='word_1_348' title='bbox 1024 3211 1183 3290; x_wconf 87' lang='lat' dir='ltr'><strong>ecclesia,</strong></span> <span class='ocrx_word' id='word_1_349' title='bbox 1204 3232 1266 3276; x_wconf 91' lang='lat' dir='ltr'><strong>nec</strong></span> <span class='ocrx_word' id='word_1_350' title='bbox 1290 3209 1439 3276; x_wconf 86' lang='lat' dir='ltr'><strong>conciliis</strong></span> <span class='ocrx_word' id='word_1_351' title='bbox 1491 3212 1699 3277; x_wconf 82' lang='lat' dir='ltr'><strong>Accedamus</strong></span> <span class='ocrx_word' id='word_1_352' title='bbox 1723 3213 1823 3297; x_wconf 89' lang='lat' dir='ltr'><strong>igitur</strong></span> <span class='ocrx_word' id='word_1_353' title='bbox 1844 3214 1887 3276; x_wconf 92' lang='lat' dir='ltr'><strong>ad</strong></span> <span class='ocrx_word' id='word_1_354' title='bbox 1907 3214 2077 3277; x_wconf 85' lang='lat' dir='ltr'><strong>minorem.</strong></span> <span class='ocrx_word' id='word_1_355' title='bbox 2115 3214 2225 3282; x_wconf 84' lang='lat' dir='ltr'><strong>Minor</strong></span> <span class='ocrx_word' id='word_1_356' title='bbox 2246 3228 2308 3283; x_wconf 85' lang='lat' dir='ltr'><strong>est.</strong></span> 
     </span>
     <span class='ocr_line' id='line_1_30' title="bbox 622 3294 2309 3380; baseline 0.002 -16"><span class='ocrx_word' id='word_1_357' title='bbox 622 3299 802 3364; x_wconf 90' lang='lat' dir='ltr'><strong>institutum</strong></span> <span class='ocrx_word' id='word_1_358' title='bbox 818 3297 880 3360; x_wconf 94' lang='lat' dir='ltr'><strong>sed</strong></span> <span class='ocrx_word' id='word_1_359' title='bbox 896 3316 1027 3380; x_wconf 89' lang='lat' dir='ltr'><strong>semper</strong></span> <span class='ocrx_word' id='word_1_360' title='bbox 1043 3308 1205 3361; x_wconf 85' lang='lat' dir='ltr'><strong>retentum</strong></span> <span class='ocrx_word' id='word_1_361' title='bbox 1216 3309 1280 3373; x_wconf 86' lang='lat' dir='ltr'><strong>est,</strong></span> <span class='ocrx_word' id='word_1_362' title='bbox 1296 3296 1439 3359; x_wconf 89' lang='lat' dir='ltr'><strong>nonnisi</strong></span> <span class='ocrx_word' id='word_1_363' title='bbox 1491 3294 1589 3367; x_wconf 87' lang='lat' dir='ltr'><strong>Quod</strong></span> <span class='ocrx_word' id='word_1_364' title='bbox 1610 3297 1739 3359; x_wconf 89' lang='lat' dir='ltr'><strong>nonsit</strong></span> <span class='ocrx_word' id='word_1_365' title='bbox 1760 3294 1852 3361; x_wconf 88' lang='lat' dir='ltr'><strong>salus</strong></span> <span class='ocrx_word' id='word_1_366' title='bbox 1875 3307 1968 3360; x_wconf 85' lang='lat' dir='ltr'><strong>extra</strong></span> <span class='ocrx_word' id='word_1_367' title='bbox 1986 3294 2162 3365; x_wconf 78' lang='lat' dir='ltr'><strong>eeclesiam</strong></span> <span class='ocrx_word' id='word_1_368' title='bbox 2177 3302 2235 3366; x_wconf 85' lang='lat' dir='ltr'><strong>ubi</strong></span> <span class='ocrx_word' id='word_1_369' title='bbox 2252 3322 2309 3367; x_wconf 88' lang='lat' dir='ltr'><strong>ne-</strong></span> 
     </span>
     <span class='ocr_line' id='line_1_31' title="bbox 622 3379 2309 3486; baseline 0.002 -39"><span class='ocrx_word' id='word_1_370' title='bbox 622 3380 807 3486; x_wconf 84' lang='lat' dir='ltr'><strong>apostolica</strong></span> <span class='ocrx_word' id='word_1_371' title='bbox 822 3383 997 3446; x_wconf 89' lang='lat' dir='ltr'><strong>autoritate</strong></span> <span class='ocrx_word' id='word_1_372' title='bbox 1012 3381 1166 3445; x_wconf 90' lang='lat' dir='ltr'><strong>traditum</strong></span> <span class='ocrx_word' id='word_1_373' title='bbox 1176 3381 1359 3443; x_wconf 90' lang='lat' dir='ltr'><strong>rectissime</strong></span> <span class='ocrx_word' id='word_1_374' title='bbox 1370 3397 1440 3443; x_wconf 92' lang='lat' dir='ltr'><strong>cre·</strong></span> <span class='ocrx_word' id='word_1_375' title='bbox 1490 3398 1555 3463; x_wconf 89' lang='lat' dir='ltr'><strong>que</strong></span> <span class='ocrx_word' id='word_1_376' title='bbox 1572 3380 1709 3444; x_wconf 90' lang='lat' dir='ltr'><strong>verbum</strong></span> <span class='ocrx_word' id='word_1_377' title='bbox 1725 3397 1833 3463; x_wconf 88' lang='lat' dir='ltr'><strong>neque</strong></span> <span class='ocrx_word' id='word_1_378' title='bbox 1844 3379 2060 3446; x_wconf 86' lang='lat' dir='ltr'><strong>Sacramenta</strong></span> <span class='ocrx_word' id='word_1_379' title='bbox 2068 3396 2157 3450; x_wconf 84' lang='lat' dir='ltr'><strong>sunt.</strong></span> <span class='ocrx_word' id='word_1_380' title='bbox 2190 3384 2228 3449; x_wconf 91' lang='lat' dir='ltr'><strong>In</strong></span> <span class='ocrx_word' id='word_1_381' title='bbox 2244 3385 2309 3451; x_wconf 89' lang='lat' dir='ltr'><strong>hac</strong></span> 
     </span>
     <span class='ocr_line' id='line_1_32' title="bbox 623 3459 2308 3551; baseline 0.003 -21"><span class='ocrx_word' id='word_1_382' title='bbox 623 3468 739 3530; x_wconf 82' lang='lat' dir='ltr'><strong>dimus.</strong></span> <span class='ocrx_word' id='word_1_383' title='bbox 784 3464 863 3528; x_wconf 93' lang='lat' dir='ltr'><strong>ltem</strong></span> <span class='ocrx_word' id='word_1_384' title='bbox 879 3464 1053 3528; x_wconf 82' lang='lat' dir='ltr'><strong>veraciter</strong></span> <span class='ocrx_word' id='word_1_385' title='bbox 1074 3463 1239 3527; x_wconf 87' lang='lat' dir='ltr'><strong>coniicere</strong></span> <span class='ocrx_word' id='word_1_386' title='bbox 1261 3480 1438 3545; x_wconf 90' lang='lat' dir='ltr'><strong>possumus</strong></span> <span class='ocrx_word' id='word_1_387' title='bbox 1490 3462 1654 3526; x_wconf 91' lang='lat' dir='ltr'><strong>sententia</strong></span> <span class='ocrx_word' id='word_1_388' title='bbox 1674 3459 1771 3527; x_wconf 79' lang='lat' dir='ltr'><strong>facile</strong></span> <span class='ocrx_word' id='word_1_389' title='bbox 1791 3475 1933 3546; x_wconf 88' lang='lat' dir='ltr'><strong>possunt</strong></span> <span class='ocrx_word' id='word_1_390' title='bbox 1959 3466 2140 3532; x_wconf 86' lang='lat' dir='ltr'><strong>adversarii</strong></span> <span class='ocrx_word' id='word_1_391' title='bbox 2160 3467 2308 3551; x_wconf 70' lang='lat' dir='ltr'><strong>temtari,</strong></span> 
     </span>
     <span class='ocr_line' id='line_1_33' title="bbox 622 3545 2422 3642; baseline 0.004 -29"><span class='ocrx_word' id='word_1_392' title='bbox 622 3550 701 3634; x_wconf 91' lang='lat' dir='ltr'><strong>quid</strong></span> <span class='ocrx_word' id='word_1_393' title='bbox 718 3546 829 3611; x_wconf 89' lang='lat' dir='ltr'><strong>valeat</strong></span> <span class='ocrx_word' id='word_1_394' title='bbox 849 3549 882 3609; x_wconf 90' lang='lat' dir='ltr'><strong>in</strong></span> <span class='ocrx_word' id='word_1_395' title='bbox 906 3545 1054 3628; x_wconf 85' lang='lat' dir='ltr'><strong>parvulis</strong></span> <span class='ocrx_word' id='word_1_396' title='bbox 1077 3546 1230 3629; x_wconf 85' lang='lat' dir='ltr'><strong>baptismi</strong></span> <span class='ocrx_word' id='word_1_397' title='bbox 1252 3565 1440 3609; x_wconf 87' lang='lat' dir='ltr'><strong>sacramen-</strong></span> <span class='ocrx_word' id='word_1_398' title='bbox 1489 3545 1567 3629; x_wconf 90' lang='lat' dir='ltr'><strong>quia</strong></span> <span class='ocrx_word' id='word_1_399' title='bbox 1587 3545 1685 3611; x_wconf 90' lang='lat' dir='ltr'><strong>nobis</strong></span> <span class='ocrx_word' id='word_1_400' title='bbox 1707 3552 1847 3612; x_wconf 75' lang='lat' dir='ltr'><strong>certum!</strong></span> <span class='ocrx_word' id='word_1_401' title='bbox 1872 3551 1978 3614; x_wconf 89' lang='lat' dir='ltr'><strong>estin</strong></span> <span class='ocrx_word' id='word_1_402' title='bbox 2000 3550 2144 3617; x_wconf 90' lang='lat' dir='ltr'><strong>ecclesia</strong></span> <span class='ocrx_word' id='word_1_403' title='bbox 2164 3553 2307 3621; x_wconf 84' lang='lat' dir='ltr'><strong>salutem</strong></span> <span class='ocrx_word' id='word_1_404' title='bbox 2340 3580 2383 3642; x_wconf 78' lang='lat'><strong>44,</strong></span> <span class='ocrx_word' id='word_1_405' title='bbox 2399 3591 2422 3630; x_wconf 59' lang='grc' dir='ltr'>ι</span> 
     </span>
     <span class='ocr_line' id='line_1_34' title="bbox 623 3628 2308 3716; baseline 0.005 -21"><span class='ocrx_word' id='word_1_406' title='bbox 623 3646 692 3695; x_wconf 85' lang='grc' dir='ltr'>ιιιιιι</span> <span class='ocrx_word' id='word_1_407' title='bbox 709 3649 751 3693; x_wconf 85' lang='lat' dir='ltr'><strong>ex</strong></span> <span class='ocrx_word' id='word_1_408' title='bbox 768 3630 1016 3692; x_wconf 89' lang='lat' dir='ltr'><strong>circumcisione</strong></span> <span class='ocrx_word' id='word_1_409' title='bbox 1033 3629 1142 3693; x_wconf 88' lang='lat' dir='ltr'><strong>carnis</strong></span> <span class='ocrx_word' id='word_1_410' title='bbox 1204 3649 1258 3694; x_wconf 88' lang='lat' dir='ltr'><strong>am</strong></span> <span class='ocrx_word' id='word_1_411' title='bbox 1273 3629 1365 3714; x_wconf 90' lang='lat' dir='ltr'><strong>prior</strong></span> <span class='ocrx_word' id='word_1_412' title='bbox 1380 3649 1440 3712; x_wconf 92' lang='lat' dir='ltr'><strong>po·</strong></span> <span class='ocrx_word' id='word_1_413' title='bbox 1490 3648 1576 3693; x_wconf 83' lang='lat' dir='ltr'><strong>esse.</strong></span> <span class='ocrx_word' id='word_1_414' title='bbox 1621 3628 1687 3714; x_wconf 88' lang='lat' dir='ltr'><strong>lpsi</strong></span> <span class='ocrx_word' id='word_1_415' title='bbox 1704 3649 1785 3695; x_wconf 86' lang='lat' dir='ltr'><strong>vero</strong></span> <span class='ocrx_word' id='word_1_416' title='bbox 1806 3651 1875 3698; x_wconf 92' lang='lat' dir='ltr'><strong>non</strong></span> <span class='ocrx_word' id='word_1_417' title='bbox 1896 3647 2039 3716; x_wconf 88' lang='lat' dir='ltr'><strong>possunt</strong></span> <span class='ocrx_word' id='word_1_418' title='bbox 2056 3639 2233 3703; x_wconf 85' lang='lat' dir='ltr'><strong>ostendere</strong></span> <span class='ocrx_word' id='word_1_419' title='bbox 2255 3659 2308 3704; x_wconf 89' lang='lat' dir='ltr'><strong>sa·</strong></span> 
     </span>
     <span class='ocr_line' id='line_1_35' title="bbox 622 3650 2307 3800; baseline 0.008 -23"><span class='ocrx_word' id='word_1_420' title='bbox 622 3712 721 3800; x_wconf 86' lang='lat' dir='ltr'><strong>polus</strong></span> <span class='ocrx_word' id='word_1_421' title='bbox 739 3713 875 3797; x_wconf 87' lang='lat' dir='ltr'><strong>accepit.</strong></span> <span class='ocrx_word' id='word_1_422' title='bbox 919 3711 1010 3776; x_wconf 89' lang='lat' dir='ltr'><strong>Haec</strong></span> <span class='ocrx_word' id='word_1_423' title='bbox 1034 3724 1066 3777; x_wconf 92' lang='lat' dir='ltr'><strong>et</strong></span> <span class='ocrx_word' id='word_1_424' title='bbox 1088 3650 1207 3777; x_wconf 63' lang='lat' dir='ltr'><strong>simila</strong></span> <span class='ocrx_word' id='word_1_425' title='bbox 1222 3709 1298 3777; x_wconf 88' lang='lat' dir='ltr'><strong>loca</strong></span> <span class='ocrx_word' id='word_1_426' title='bbox 1316 3724 1439 3777; x_wconf 89' lang='lat' dir='ltr'><strong>testan-</strong></span> <span class='ocrx_word' id='word_1_427' title='bbox 1489 3712 1591 3778; x_wconf 84' lang='lat' dir='ltr'><strong>lutam</strong></span> <span class='ocrx_word' id='word_1_428' title='bbox 1607 3726 1701 3779; x_wconf 87' lang='lat' dir='ltr'><strong>extra</strong></span> <span class='ocrx_word' id='word_1_429' title='bbox 1717 3713 1895 3781; x_wconf 83' lang='lat' dir='ltr'><strong>ecclesiam</strong></span> <span class='ocrx_word' id='word_1_430' title='bbox 1913 3737 1999 3783; x_wconf 90' lang='lat' dir='ltr'><strong>esse.</strong></span> <span class='ocrx_word' id='word_1_431' title='bbox 2033 3718 2131 3791; x_wconf 83' lang='lat' dir='ltr'><strong>Quod</strong></span> <span class='ocrx_word' id='word_1_432' title='bbox 2141 3742 2222 3787; x_wconf 89' lang='lat' dir='ltr'><strong>vero</strong></span> <span class='ocrx_word' id='word_1_433' title='bbox 2239 3743 2307 3790; x_wconf 89' lang='lat' dir='ltr'><strong>non</strong></span> 
     </span>
     <span class='ocr_line' id='line_1_36' title="bbox 622 3795 2307 3883; baseline 0.006 -20"><span class='ocrx_word' id='word_1_434' title='bbox 622 3810 676 3863; x_wconf 89' lang='lat' dir='ltr'><strong>tur</strong></span> <span class='ocrx_word' id='word_1_435' title='bbox 692 3806 836 3862; x_wconf 88' lang='lat' dir='ltr'><strong>veterem</strong></span> <span class='ocrx_word' id='word_1_436' title='bbox 854 3795 1028 3861; x_wconf 90' lang='lat' dir='ltr'><strong>ecclesiam</strong></span> <span class='ocrx_word' id='word_1_437' title='bbox 1041 3799 1227 3881; x_wconf 88' lang='lat' dir='ltr'><strong>approbare</strong></span> <span class='ocrx_word' id='word_1_438' title='bbox 1244 3798 1439 3881; x_wconf 89' lang='lat' dir='ltr'><strong>baptismum</strong></span> <span class='ocrx_word' id='word_1_439' title='bbox 1489 3798 1532 3861; x_wconf 86' lang='lat' dir='ltr'><strong>sit</strong></span> <span class='ocrx_word' id='word_1_440' title='bbox 1550 3809 1644 3863; x_wconf 84' lang='lat' dir='ltr'><strong>extra</strong></span> <span class='ocrx_word' id='word_1_441' title='bbox 1665 3798 1841 3866; x_wconf 85' lang='lat' dir='ltr'><strong>ecclesiam</strong></span> <span class='ocrx_word' id='word_1_442' title='bbox 1863 3799 1956 3867; x_wconf 87' lang='lat' dir='ltr'><strong>salus</strong></span> <span class='ocrx_word' id='word_1_443' title='bbox 1978 3816 2127 3883; x_wconf 84' lang='lat' dir='ltr'><strong>constat,</strong></span> <span class='ocrx_word' id='word_1_444' title='bbox 2178 3808 2232 3871; x_wconf 85' lang='lat' dir='ltr'><strong>uia</strong></span> <span class='ocrx_word' id='word_1_445' title='bbox 2254 3829 2307 3873; x_wconf 88' lang='lat' dir='ltr'><strong>ec·</strong></span> 
     </span>
     <span class='ocr_line' id='line_1_37' title="bbox 622 3828 2306 3973; baseline 0.005 -25"><span class='ocrx_word' id='word_1_446' title='bbox 622 3879 791 3948; x_wconf 79' lang='lat' dir='ltr'><strong>infantum.</strong></span> <span class='ocrx_word' id='word_1_447' title='bbox 820 3900 905 3966; x_wconf 89' lang='lat' dir='ltr'><strong>quae</strong></span> <span class='ocrx_word' id='word_1_448' title='bbox 927 3880 1001 3944; x_wconf 94' lang='lat' dir='ltr'><strong>ideo</strong></span> <span class='ocrx_word' id='word_1_449' title='bbox 1020 3882 1231 3946; x_wconf 85' lang='lat' dir='ltr'><strong>observanda</strong></span> <span class='ocrx_word' id='word_1_450' title='bbox 1251 3893 1340 3960; x_wconf 91' lang='lat' dir='ltr'><strong>sunt,</strong></span> <span class='ocrx_word' id='word_1_451' title='bbox 1384 3883 1439 3947; x_wconf 88' lang='lat' dir='ltr'><strong>uia</strong></span> <span class='ocrx_word' id='word_1_452' title='bbox 1490 3878 1594 3947; x_wconf 90' lang='lat' dir='ltr'><strong>clesia</strong></span> <span class='ocrx_word' id='word_1_453' title='bbox 1611 3893 1664 3948; x_wconf 87' lang='lat' dir='ltr'><strong>est</strong></span> <span class='ocrx_word' id='word_1_454' title='bbox 1687 3903 1827 3971; x_wconf 90' lang='lat' dir='ltr'><strong>regnum</strong></span> <span class='ocrx_word' id='word_1_455' title='bbox 1845 3884 1978 3952; x_wconf 85' lang='lat' dir='ltr'><strong>Christi.</strong></span> <span class='ocrx_word' id='word_1_456' title='bbox 2014 3887 2051 3953; x_wconf 92' lang='lat' dir='ltr'><strong>ln</strong></span> <span class='ocrx_word' id='word_1_457' title='bbox 2067 3909 2134 3973; x_wconf 92' lang='lat' dir='ltr'><strong>quo</strong></span> <span class='ocrx_word' id='word_1_458' title='bbox 2152 3828 2306 3958; x_wconf 66' lang='lat' dir='ltr'><strong>lunius</strong></span> 
     </span>
     <span class='ocr_line' id='line_1_38' title="bbox 621 3963 2308 4052; baseline 0.006 -21"><span class='ocrx_word' id='word_1_459' title='bbox 621 3963 772 4032; x_wconf 90' lang='lat' dir='ltr'><strong>nonnulli</strong></span> <span class='ocrx_word' id='word_1_460' title='bbox 792 3967 990 4048; x_wconf 86' lang='lat' dir='ltr'><strong>impostores</strong></span> <span class='ocrx_word' id='word_1_461' title='bbox 1011 3977 1049 4030; x_wconf 93' lang='lat' dir='ltr'><strong>ut</strong></span> <span class='ocrx_word' id='word_1_462' title='bbox 1069 3963 1180 4031; x_wconf 85' lang='lat' dir='ltr'><strong>fucum</strong></span> <span class='ocrx_word' id='word_1_463' title='bbox 1200 3964 1325 4031; x_wconf 77' lang='lat' dir='ltr'><strong>faciam</strong></span> <span class='ocrx_word' id='word_1_464' title='bbox 1382 3967 1440 4031; x_wconf 84' lang='lat' dir='ltr'><strong>’te-</strong></span> <span class='ocrx_word' id='word_1_465' title='bbox 1489 3978 1540 4031; x_wconf 90' lang='lat' dir='ltr'><strong>est</strong></span> <span class='ocrx_word' id='word_1_466' title='bbox 1561 3963 1682 4033; x_wconf 82' lang='lat' dir='ltr'><strong>efficax</strong></span> <span class='ocrx_word' id='word_1_467' title='bbox 1707 3988 1769 4052; x_wconf 88' lang='lat' dir='ltr'><strong>per</strong></span> <span class='ocrx_word' id='word_1_468' title='bbox 1796 3971 1934 4035; x_wconf 86' lang='lat' dir='ltr'><strong>verbum</strong></span> <span class='ocrx_word' id='word_1_469' title='bbox 1956 3982 1989 4036; x_wconf 90' lang='lat' dir='ltr'><strong>et</strong></span> <span class='ocrx_word' id='word_1_470' title='bbox 2054 3972 2308 4042; x_wconf 87' lang='lat' dir='ltr'><strong>rSacramenta</strong></span> 
     </span>
     <span class='ocr_line' id='line_1_39' title="bbox 622 4046 2307 4135; baseline 0.004 -20"><span class='ocrx_word' id='word_1_471' title='bbox 622 4052 701 4115; x_wconf 89' lang='lat' dir='ltr'><strong>ratis</strong></span> <span class='ocrx_word' id='word_1_472' title='bbox 719 4046 866 4134; x_wconf 87' lang='lat' dir='ltr'><strong>allegant</strong></span> <span class='ocrx_word' id='word_1_473' title='bbox 876 4061 990 4133; x_wconf 89' lang='lat' dir='ltr'><strong>patres</strong></span> <span class='ocrx_word' id='word_1_474' title='bbox 1008 4049 1103 4134; x_wconf 89' lang='lat' dir='ltr'><strong>quasi</strong></span> <span class='ocrx_word' id='word_1_475' title='bbox 1113 4052 1299 4134; x_wconf 90' lang='lat' dir='ltr'><strong>improbent</strong></span> <span class='ocrx_word' id='word_1_476' title='bbox 1314 4051 1439 4135; x_wconf 86' lang='lat' dir='ltr'><strong>baptis·</strong></span> <span class='ocrx_word' id='word_1_477' title='bbox 1489 4051 1575 4116; x_wconf 89' lang='lat' dir='ltr'><strong>siout</strong></span> <span class='ocrx_word' id='word_1_478' title='bbox 1600 4051 1706 4135; x_wconf 87' lang='lat' dir='ltr'><strong>Ephe.</strong></span> <span class='ocrx_word' id='word_1_479' title='bbox 1734 4050 1799 4131; x_wconf 65' lang='lat' dir='ltr'><strong>V.,</strong></span> <span class='ocrx_word' id='word_1_480' title='bbox 1812 4059 1875 4131; x_wconf 85' lang='lat' dir='ltr'><strong>[vs.</strong></span> <span class='ocrx_word' id='word_1_481' title='bbox 1893 4055 1962 4135; x_wconf 62' lang='lat' dir='ltr'><strong>ib]</strong></span> <span class='ocrx_word' id='word_1_482' title='bbox 2082 4057 2165 4122; x_wconf 86' lang='lat' dir='ltr'><strong>&#39;tus</strong></span> <span class='ocrx_word' id='word_1_483' title='bbox 2194 4059 2307 4126; x_wconf 83' lang='lat' dir='ltr'><strong>dilexit</strong></span> 
     </span>
     <span class='ocr_line' id='line_1_40' title="bbox 623 4130 2308 4222; baseline 0.007 -22"><span class='ocrx_word' id='word_1_484' title='bbox 623 4156 712 4200; x_wconf 90' lang='lat' dir='ltr'><strong>mum</strong></span> <span class='ocrx_word' id='word_1_485' title='bbox 731 4130 901 4198; x_wconf 85' lang='lat' dir='ltr'><strong>infantum.</strong></span> <span class='ocrx_word' id='word_1_486' title='bbox 944 4130 1104 4198; x_wconf 73' lang='lat' dir='ltr'><strong>Adliciunt</strong></span> <span class='ocrx_word' id='word_1_487' title='bbox 1120 4146 1232 4217; x_wconf 87' lang='lat' dir='ltr'><strong>patres</strong></span> <span class='ocrx_word' id='word_1_488' title='bbox 1249 4135 1372 4220; x_wconf 87' lang='lat' dir='ltr'><strong>insigni</strong></span> <span class='ocrx_word' id='word_1_489' title='bbox 1392 4136 1439 4199; x_wconf 94' lang='lat' dir='ltr'><strong>in·</strong></span> <span class='ocrx_word' id='word_1_490' title='bbox 1489 4133 1665 4201; x_wconf 87' lang='lat' dir='ltr'><strong>ecclesiam</strong></span> <span class='ocrx_word' id='word_1_491' title='bbox 1682 4148 1715 4201; x_wconf 92' lang='lat' dir='ltr'><strong>et</strong></span> <span class='ocrx_word' id='word_1_492' title='bbox 1731 4137 1880 4220; x_wconf 88' lang='lat' dir='ltr'><strong>seipsum</strong></span> <span class='ocrx_word' id='word_1_493' title='bbox 1897 4159 1960 4222; x_wconf 92' lang='lat' dir='ltr'><strong>pro</strong></span> <span class='ocrx_word' id='word_1_494' title='bbox 1977 4160 2017 4205; x_wconf 90' lang='lat' dir='ltr'><strong>ea</strong></span> <span class='ocrx_word' id='word_1_495' title='bbox 2033 4143 2166 4207; x_wconf 87' lang='lat' dir='ltr'><strong>tradidit</strong></span> <span class='ocrx_word' id='word_1_496' title='bbox 2182 4154 2219 4208; x_wconf 93' lang='lat' dir='ltr'><strong>ut</strong></span> <span class='ocrx_word' id='word_1_497' title='bbox 2235 4165 2308 4212; x_wconf 87' lang='lat' dir='ltr'><strong>eam</strong></span> 
     </span>
     <span class='ocr_line' id='line_1_41' title="bbox 623 4216 2307 4313; baseline 0.005 -28"><span class='ocrx_word' id='word_1_498' title='bbox 623 4220 717 4285; x_wconf 83' lang='lat' dir='ltr'><strong>turta.</strong></span> <span class='ocrx_word' id='word_1_499' title='bbox 750 4216 881 4282; x_wconf 89' lang='lat' dir='ltr'><strong>Deinde</strong></span> <span class='ocrx_word' id='word_1_500' title='bbox 897 4229 931 4281; x_wconf 93' lang='lat' dir='ltr'><strong>et</strong></span> <span class='ocrx_word' id='word_1_501' title='bbox 953 4216 1018 4283; x_wconf 88' lang='lat' dir='ltr'><strong>hoc</strong></span> <span class='ocrx_word' id='word_1_502' title='bbox 1036 4218 1280 4282; x_wconf 88' lang='lat' dir='ltr'><strong>observandum</strong></span> <span class='ocrx_word' id='word_1_503' title='bbox 1297 4230 1349 4283; x_wconf 88' lang='lat' dir='ltr'><strong>est</strong></span> <span class='ocrx_word' id='word_1_504' title='bbox 1363 4218 1440 4283; x_wconf 92' lang='lat' dir='ltr'><strong>Non</strong></span> <span class='ocrx_word' id='word_1_505' title='bbox 1489 4231 1553 4285; x_wconf 89' lang='lat' dir='ltr'><strong>etc.</strong></span> <span class='ocrx_word' id='word_1_506' title='bbox 1596 4220 1671 4284; x_wconf 92' lang='lat' dir='ltr'><strong>Non</strong></span> <span class='ocrx_word' id='word_1_507' title='bbox 1703 4219 1861 4287; x_wconf 86' lang='lat' dir='ltr'><strong>describit</strong></span> <span class='ocrx_word' id='word_1_508' title='bbox 1892 4221 2069 4290; x_wconf 88' lang='lat' dir='ltr'><strong>ecclesiam</strong></span> <span class='ocrx_word' id='word_1_509' title='bbox 2100 4227 2172 4291; x_wconf 90' lang='lat' dir='ltr'><strong>sine</strong></span> <span class='ocrx_word' id='word_1_510' title='bbox 2204 4230 2307 4313; x_wconf 87' lang='lat' dir='ltr'><strong>signis</strong></span> 
     </span>
     <span class='ocr_line' id='line_1_42' title="bbox 623 4299 2305 4386; baseline 0.005 -18"><span class='ocrx_word' id='word_1_511' title='bbox 623 4315 676 4368; x_wconf 88' lang='lat' dir='ltr'><strong>ast</strong></span> <span class='ocrx_word' id='word_1_512' title='bbox 709 4313 813 4366; x_wconf 89' lang='lat' dir='ltr'><strong>tutmn</strong></span> <span class='ocrx_word' id='word_1_513' title='bbox 848 4303 971 4386; x_wconf 89' lang='lat' dir='ltr'><strong>dogma</strong></span> <span class='ocrx_word' id='word_1_514' title='bbox 1001 4299 1136 4386; x_wconf 86' lang='lat' dir='ltr'><strong>aliquod</strong></span> <span class='ocrx_word' id='word_1_515' title='bbox 1167 4302 1315 4385; x_wconf 88' lang='lat' dir='ltr'><strong>recipere</strong></span> <span class='ocrx_word' id='word_1_516' title='bbox 1346 4303 1440 4367; x_wconf 89' lang='lat' dir='ltr'><strong>cuius</strong></span> <span class='ocrx_word' id='word_1_517' title='bbox 1490 4315 1523 4368; x_wconf 92' lang='lat' dir='ltr'><strong>et</strong></span> <span class='ocrx_word' id='word_1_518' title='bbox 1555 4304 1628 4369; x_wconf 88' lang='lat' dir='ltr'><strong>sine</strong></span> <span class='ocrx_word' id='word_1_519' title='bbox 1659 4306 1774 4370; x_wconf 83' lang='lat' dir='ltr'><strong>verbo.</strong></span> <span class='ocrx_word' id='word_1_520' title='bbox 1828 4304 1907 4371; x_wconf 88' lang='lat' dir='ltr'><strong>ldeo</strong></span> <span class='ocrx_word' id='word_1_521' title='bbox 1940 4321 1973 4374; x_wconf 87' lang='lat' dir='ltr'><strong>et</strong></span> <span class='ocrx_word' id='word_1_522' title='bbox 2005 4307 2072 4374; x_wconf 86' lang='lat' dir='ltr'><strong>alio</strong></span> <span class='ocrx_word' id='word_1_523' title='bbox 2107 4309 2183 4375; x_wconf 90' lang='lat' dir='ltr'><strong>loco</strong></span> <span class='ocrx_word' id='word_1_524' title='bbox 2218 4314 2305 4378; x_wconf 88' lang='lat' dir='ltr'><strong>dicit.</strong></span> 
     </span>
     <span class='ocr_line' id='line_1_43' title="bbox 624 4386 2306 4478; baseline 0.007 -29"><span class='ocrx_word' id='word_1_525' title='bbox 624 4406 763 4473; x_wconf 88' lang='lat' dir='ltr'><strong>prorsus</strong></span> <span class='ocrx_word' id='word_1_526' title='bbox 784 4406 852 4450; x_wconf 95' lang='lat' dir='ltr'><strong>non</strong></span> <span class='ocrx_word' id='word_1_527' title='bbox 864 4387 907 4469; x_wconf 86' lang='lat'><strong>¹⁴)</strong></span> <span class='ocrx_word' id='word_1_528' title='bbox 932 4398 1022 4451; x_wconf 85' lang='lat' dir='ltr'><strong>extat</strong></span> <span class='ocrx_word' id='word_1_529' title='bbox 1042 4387 1264 4450; x_wconf 89' lang='lat' dir='ltr'><strong>testimonium</strong></span> <span class='ocrx_word' id='word_1_530' title='bbox 1284 4386 1318 4449; x_wconf 95' lang='lat' dir='ltr'><strong>in</strong></span> <span class='ocrx_word' id='word_1_531' title='bbox 1334 4388 1440 4452; x_wconf 82' lang='lat' dir='ltr'><strong>veteri</strong></span> <span class='ocrx_word' id='word_1_532' title='bbox 1488 4386 1600 4452; x_wconf 91' lang='lat' dir='ltr'><strong>Unum</strong></span> <span class='ocrx_word' id='word_1_533' title='bbox 1616 4407 1739 4472; x_wconf 85' lang='lat' dir='ltr'><strong>corpus</strong></span> <span class='ocrx_word' id='word_1_534' title='bbox 1762 4398 1797 4454; x_wconf 92' lang='lat' dir='ltr'><strong>et</strong></span> <span class='ocrx_word' id='word_1_535' title='bbox 1816 4410 1901 4455; x_wconf 86' lang='lat' dir='ltr'><strong>unus</strong></span> <span class='ocrx_word' id='word_1_536' title='bbox 1923 4395 2071 4478; x_wconf 88' lang='lat' dir='ltr'><strong>spiritus,</strong></span> <span class='ocrx_word' id='word_1_537' title='bbox 2092 4414 2177 4459; x_wconf 90' lang='lat' dir='ltr'><strong>unus</strong></span> <span class='ocrx_word' id='word_1_538' title='bbox 2194 4394 2306 4462; x_wconf 90' lang='lat' dir='ltr'><strong>Domi·</strong></span> 
     </span>
     <span class='ocr_line' id='line_1_44' title="bbox 542 4469 2307 4565; baseline 0.006 -29"><span class='ocrx_word' id='word_1_539' title='bbox 542 4512 550 4536; x_wconf 65' lang='lat'><em>2</em></span> <span class='ocrx_word' id='word_1_540' title='bbox 584 4513 590 4527; x_wconf 86' lang='lat'><strong>·</strong></span> <span class='ocrx_word' id='word_1_541' title='bbox 625 4470 791 4536; x_wconf 75' lang='lat' dir='ltr'><strong>eeclesia-t</strong></span> <span class='ocrx_word' id='word_1_542' title='bbox 821 4469 890 4534; x_wconf 89' lang='lat' dir='ltr'><strong>Sed</strong></span> <span class='ocrx_word' id='word_1_543' title='bbox 906 4472 1065 4536; x_wconf 83' lang='lat' dir='ltr'><strong>addamus</strong></span> <span class='ocrx_word' id='word_1_544' title='bbox 1082 4472 1179 4535; x_wconf 89' lang='lat' dir='ltr'><strong>etiam</strong></span> <span class='ocrx_word' id='word_1_545' title='bbox 1194 4471 1338 4565; x_wconf 76' lang='lat' dir='ltr'><strong>rqtiones</strong></span> <span class='ocrx_word' id='word_1_546' title='bbox 1376 4490 1440 4537; x_wconf 89' lang='lat' dir='ltr'><strong>uae</strong></span> <span class='ocrx_word' id='word_1_547' title='bbox 1489 4491 1569 4551; x_wconf 89' lang='lat' dir='ltr'><strong>nus,</strong></span> <span class='ocrx_word' id='word_1_548' title='bbox 1607 4493 1674 4537; x_wconf 92' lang='lat' dir='ltr'><strong>una</strong></span> <span class='ocrx_word' id='word_1_549' title='bbox 1711 4471 1812 4551; x_wconf 86' lang='lat' dir='ltr'><strong>tides,</strong></span> <span class='ocrx_word' id='word_1_550' title='bbox 1850 4496 1951 4541; x_wconf 89' lang='lat' dir='ltr'><strong>unmn</strong></span> <span class='ocrx_word' id='word_1_551' title='bbox 1987 4479 2160 4561; x_wconf 88' lang='lat' dir='ltr'><strong>baptisma.</strong></span> <span class='ocrx_word' id='word_1_552' title='bbox 2214 4479 2307 4546; x_wconf 88' lang='lat' dir='ltr'><strong>llaec</strong></span> 
     </span>
     <span class='ocr_line' id='line_1_45' title="bbox 626 4553 2306 4644; baseline 0.005 -24"><span class='ocrx_word' id='word_1_553' title='bbox 626 4566 789 4620; x_wconf 76' lang='lat' dir='ltr'><strong>testantur</strong></span> <span class='ocrx_word' id='word_1_554' title='bbox 815 4553 955 4620; x_wconf 76' lang='lat' dir='ltr'><strong>infantes</strong></span> <span class='ocrx_word' id='word_1_555' title='bbox 982 4554 1199 4638; x_wconf 84' lang='lat' dir='ltr'><strong>baptizandos</strong></span> <span class='ocrx_word' id='word_1_556' title='bbox 1226 4574 1313 4618; x_wconf 91' lang='lat' dir='ltr'><strong>esse.</strong></span> <span class='ocrx_word' id='word_1_557' title='bbox 1399 4576 1440 4619; x_wconf 87' lang='lat' dir='ltr'><strong>ea</strong></span> <span class='ocrx_word' id='word_1_558' title='bbox 1490 4557 1599 4620; x_wconf 91' lang='lat' dir='ltr'><strong>omnia</strong></span> <span class='ocrx_word' id='word_1_559' title='bbox 1618 4567 1781 4621; x_wconf 88' lang='lat' dir='ltr'><strong>testantur</strong></span> <span class='ocrx_word' id='word_1_560' title='bbox 1797 4556 1861 4622; x_wconf 89' lang='lat' dir='ltr'><strong>hos</strong></span> <span class='ocrx_word' id='word_1_561' title='bbox 1879 4562 1935 4644; x_wconf 88' lang='lat' dir='ltr'><strong>qui</strong></span> <span class='ocrx_word' id='word_1_562' title='bbox 1951 4563 1995 4627; x_wconf 91' lang='lat' dir='ltr'><strong>ad</strong></span> <span class='ocrx_word' id='word_1_563' title='bbox 2012 4560 2186 4627; x_wconf 89' lang='lat' dir='ltr'><strong>ecclesiam</strong></span> <span class='ocrx_word' id='word_1_564' title='bbox 2231 4564 2306 4629; x_wconf 88' lang='lat' dir='ltr'><strong>erti-</strong></span> 
     </span>
     <span class='ocr_line' id='line_1_46' title="bbox 626 4586 2306 4727; baseline 0.008 -26"><span class='ocrx_word' id='word_1_565' title='bbox 626 4640 709 4702; x_wconf 90' lang='lat' dir='ltr'><strong>ratio</strong></span> <span class='ocrx_word' id='word_1_566' title='bbox 731 4637 815 4701; x_wconf 84' lang='lat' dir='ltr'><strong>haec</strong></span> <span class='ocrx_word' id='word_1_567' title='bbox 838 4652 901 4703; x_wconf 87' lang='lat' dir='ltr'><strong>est.</strong></span> <span class='ocrx_word' id='word_1_568' title='bbox 944 4639 1078 4704; x_wconf 82' lang='lat' dir='ltr'><strong>Certum</strong></span> <span class='ocrx_word' id='word_1_569' title='bbox 1098 4650 1151 4703; x_wconf 89' lang='lat' dir='ltr'><strong>est</strong></span> <span class='ocrx_word' id='word_1_570' title='bbox 1172 4659 1308 4724; x_wconf 90' lang='lat' dir='ltr'><strong>regnum</strong></span> <span class='ocrx_word' id='word_1_571' title='bbox 1330 4639 1383 4704; x_wconf 93' lang='lat' dir='ltr'><strong>dei</strong></span> <span class='ocrx_word' id='word_1_572' title='bbox 1407 4652 1439 4704; x_wconf 91' lang='lat' dir='ltr'><strong>et</strong></span> <span class='ocrx_word' id='word_1_573' title='bbox 1488 4651 1568 4704; x_wconf 86' lang='lat' dir='ltr'><strong>nent</strong></span> <span class='ocrx_word' id='word_1_574' title='bbox 1594 4641 1692 4726; x_wconf 89' lang='lat' dir='ltr'><strong>signo</strong></span> <span class='ocrx_word' id='word_1_575' title='bbox 1714 4641 1811 4706; x_wconf 89' lang='lat' dir='ltr'><strong>etiam</strong></span> <span class='ocrx_word' id='word_1_576' title='bbox 1836 4640 1948 4727; x_wconf 87' lang='lat' dir='ltr'><strong>aliquo</strong></span> <span class='ocrx_word' id='word_1_577' title='bbox 1976 4658 2113 4711; x_wconf 80' lang='lat' dir='ltr'><strong>externo</strong></span> <span class='ocrx_word' id='word_1_578' title='bbox 2142 4586 2306 4715; x_wconf 62' lang='lat' dir='ltr'><strong>ecclesiae</strong></span> 
     </span>
     <span class='ocr_line' id='line_1_47' title="bbox 624 4721 2305 4808; baseline 0.008 -23"><span class='ocrx_word' id='word_1_579' title='bbox 624 4723 877 4805; x_wconf 88' lang='lat' dir='ltr'><strong>promissionem</strong></span> <span class='ocrx_word' id='word_1_580' title='bbox 885 4721 1112 4808; x_wconf 85' lang='lat' dir='ltr'><strong>Evangeliiad</strong></span> <span class='ocrx_word' id='word_1_581' title='bbox 1126 4744 1247 4806; x_wconf 87' lang='lat' dir='ltr'><strong>pueros</strong></span> <span class='ocrx_word' id='word_1_582' title='bbox 1264 4724 1437 4807; x_wconf 87' lang='lat' dir='ltr'><strong>pertinere.</strong></span> <span class='ocrx_word' id='word_1_583' title='bbox 1488 4726 1634 4788; x_wconf 84' lang='lat' dir='ltr'><strong>insertos</strong></span> <span class='ocrx_word' id='word_1_584' title='bbox 1656 4743 1744 4789; x_wconf 89' lang='lat' dir='ltr'><strong>esse.</strong></span> <span class='ocrx_word' id='word_1_585' title='bbox 1789 4724 1942 4794; x_wconf 86' lang='lat' dir='ltr'><strong>Testatur</strong></span> <span class='ocrx_word' id='word_1_586' title='bbox 1963 4730 2049 4794; x_wconf 89' lang='lat' dir='ltr'><strong>idem</strong></span> <span class='ocrx_word' id='word_1_587' title='bbox 2066 4729 2162 4796; x_wconf 89' lang='lat' dir='ltr'><strong>locus</strong></span> <span class='ocrx_word' id='word_1_588' title='bbox 2190 4734 2224 4797; x_wconf 94' lang='lat' dir='ltr'><strong>in</strong></span> <span class='ocrx_word' id='word_1_589' title='bbox 2242 4733 2305 4799; x_wconf 89' lang='lat' dir='ltr'><strong>Ge·</strong></span> 
     </span>
     <span class='ocr_line' id='line_1_48' title="bbox 624 4807 2305 4883; baseline 0.008 -13"><span class='ocrx_word' id='word_1_590' title='bbox 624 4808 700 4870; x_wconf 89' lang='lat' dir='ltr'><strong>Non</strong></span> <span class='ocrx_word' id='word_1_591' title='bbox 725 4816 776 4869; x_wconf 87' lang='lat' dir='ltr'><strong>est</strong></span> <span class='ocrx_word' id='word_1_592' title='bbox 803 4817 911 4870; x_wconf 90' lang='lat' dir='ltr'><strong>autem</strong></span> <span class='ocrx_word' id='word_1_593' title='bbox 938 4820 1031 4873; x_wconf 84' lang='lat' dir='ltr'><strong>extra</strong></span> <span class='ocrx_word' id='word_1_594' title='bbox 1059 4807 1236 4873; x_wconf 91' lang='lat' dir='ltr'><strong>ecclesiam</strong></span> <span class='ocrx_word' id='word_1_595' title='bbox 1263 4807 1354 4874; x_wconf 89' lang='lat' dir='ltr'><strong>salus</strong></span> <span class='ocrx_word' id='word_1_596' title='bbox 1381 4809 1438 4873; x_wconf 91' lang='lat' dir='ltr'><strong>ubi</strong></span> <span class='ocrx_word' id='word_1_597' title='bbox 1489 4808 1621 4873; x_wconf 90' lang='lat' dir='ltr'><strong>neside</strong></span> <span class='ocrx_word' id='word_1_598' title='bbox 1639 4808 1898 4877; x_wconf 89' lang='lat' dir='ltr'><strong>circumcisione.</strong></span> <span class='ocrx_word' id='word_1_599' title='bbox 1940 4812 2113 4880; x_wconf 86' lang='lat' dir='ltr'><strong>Masculus</strong></span> <span class='ocrx_word' id='word_1_600' title='bbox 2129 4818 2223 4882; x_wconf 90' lang='lat' dir='ltr'><strong>cuius</strong></span> <span class='ocrx_word' id='word_1_601' title='bbox 2240 4831 2305 4883; x_wconf 87' lang='lat' dir='ltr'><strong>etc.</strong></span> 
     </span>
     <span class='ocr_line' id='line_1_49' title="bbox 624 4890 2305 4985; baseline 0.007 -30"><span class='ocrx_word' id='word_1_602' title='bbox 624 4909 688 4955; x_wconf 93' lang='lat' dir='ltr'><strong>nec</strong></span> <span class='ocrx_word' id='word_1_603' title='bbox 716 4891 853 4953; x_wconf 86' lang='lat' dir='ltr'><strong>verbum</strong></span> <span class='ocrx_word' id='word_1_604' title='bbox 880 4910 942 4956; x_wconf 89' lang='lat' dir='ltr'><strong>nec</strong></span> <span class='ocrx_word' id='word_1_605' title='bbox 969 4903 1208 4958; x_wconf 88' lang='lat' dir='ltr'><strong>sacramentum</strong></span> <span class='ocrx_word' id='word_1_606' title='bbox 1235 4905 1295 4957; x_wconf 80' lang='lat' dir='ltr'><strong>est.</strong></span> <span class='ocrx_word' id='word_1_607' title='bbox 1344 4893 1436 4980; x_wconf 88' lang='lat' dir='ltr'><strong>Ergo</strong></span> <span class='ocrx_word' id='word_1_608' title='bbox 1488 4893 1550 4958; x_wconf 86' lang='lat' dir='ltr'><strong>llic</strong></span> <span class='ocrx_word' id='word_1_609' title='bbox 1571 4890 1661 4957; x_wconf 91' lang='lat' dir='ltr'><strong>clare</strong></span> <span class='ocrx_word' id='word_1_610' title='bbox 1680 4897 1876 4976; x_wconf 89' lang='lat' dir='ltr'><strong>pronunciat</strong></span> <span class='ocrx_word' id='word_1_611' title='bbox 1903 4916 1975 4962; x_wconf 89' lang='lat' dir='ltr'><strong>eum</strong></span> <span class='ocrx_word' id='word_1_612' title='bbox 2004 4901 2059 4984; x_wconf 91' lang='lat' dir='ltr'><strong>qui</strong></span> <span class='ocrx_word' id='word_1_613' title='bbox 2082 4902 2212 4985; x_wconf 91' lang='lat' dir='ltr'><strong>signum</strong></span> <span class='ocrx_word' id='word_1_614' title='bbox 2238 4923 2305 4968; x_wconf 94' lang='lat' dir='ltr'><strong>non</strong></span> 
     </span>
     <span class='ocr_line' id='line_1_50' title="bbox 647 4973 2305 5052; baseline 0.008 -15"><span class='ocrx_word' id='word_1_615' title='bbox 647 4973 718 5037; x_wconf 88' lang='lat' dir='ltr'><strong>ueri</strong></span> <span class='ocrx_word' id='word_1_616' title='bbox 744 4986 821 5038; x_wconf 88' lang='lat' dir='ltr'><strong>sunt</strong></span> <span class='ocrx_word' id='word_1_617' title='bbox 848 4974 1013 5041; x_wconf 88' lang='lat' dir='ltr'><strong>inserendi</strong></span> <span class='ocrx_word' id='word_1_618' title='bbox 1039 4976 1200 5043; x_wconf 88' lang='lat' dir='ltr'><strong>ecclesiae</strong></span> <span class='ocrx_word' id='word_1_619' title='bbox 1222 4989 1255 5043; x_wconf 94' lang='lat' dir='ltr'><strong>et</strong></span> <span class='ocrx_word' id='word_1_620' title='bbox 1282 4977 1438 5042; x_wconf 90' lang='lat' dir='ltr'><strong>adhiben-</strong></span> <span class='ocrx_word' id='word_1_621' title='bbox 1486 4977 1587 5043; x_wconf 90' lang='lat' dir='ltr'><strong>habet</strong></span> <span class='ocrx_word' id='word_1_622' title='bbox 1610 4977 1700 5041; x_wconf 88' lang='lat' dir='ltr'><strong>reiici</strong></span> <span class='ocrx_word' id='word_1_623' title='bbox 1717 4982 1835 5044; x_wconf 94' lang='lat' dir='ltr'><strong>adeo.</strong></span> <span class='ocrx_word' id='word_1_624' title='bbox 1879 4981 1953 5047; x_wconf 87' lang='lat' dir='ltr'><strong>Fuit</strong></span> <span class='ocrx_word' id='word_1_625' title='bbox 1978 4996 2088 5049; x_wconf 88' lang='lat' dir='ltr'><strong>autem</strong></span> <span class='ocrx_word' id='word_1_626' title='bbox 2114 4997 2147 5049; x_wconf 86' lang='lat' dir='ltr'><strong>et</strong></span> <span class='ocrx_word' id='word_1_627' title='bbox 2169 4987 2305 5052; x_wconf 89' lang='lat' dir='ltr'><strong>circum·</strong></span> 
     </span>
     <span class='ocr_line' id='line_1_51' title="bbox 624 4996 2305 5149; baseline 0.011 -28"><span class='ocrx_word' id='word_1_628' title='bbox 624 4996 701 5122; x_wconf 68' lang='lat' dir='ltr'><strong>lum</strong></span> <span class='ocrx_word' id='word_1_629' title='bbox 722 5071 774 5122; x_wconf 92' lang='lat' dir='ltr'><strong>est</strong></span> <span class='ocrx_word' id='word_1_630' title='bbox 795 5061 926 5144; x_wconf 90' lang='lat' dir='ltr'><strong>signum</strong></span> <span class='ocrx_word' id='word_1_631' title='bbox 943 5059 1032 5146; x_wconf 88' lang='lat' dir='ltr'><strong>quod</strong></span> <span class='ocrx_word' id='word_1_632' title='bbox 1048 5073 1188 5128; x_wconf 87' lang='lat' dir='ltr'><strong>testatur</strong></span> <span class='ocrx_word' id='word_1_633' title='bbox 1204 5064 1247 5129; x_wconf 88' lang='lat' dir='ltr'><strong>ad</strong></span> <span class='ocrx_word' id='word_1_634' title='bbox 1265 5082 1324 5127; x_wconf 89' lang='lat' dir='ltr'><strong>eos</strong></span> <span class='ocrx_word' id='word_1_635' title='bbox 1339 5064 1437 5148; x_wconf 89' lang='lat' dir='ltr'><strong>perti-</strong></span> <span class='ocrx_word' id='word_1_636' title='bbox 1488 5063 1571 5127; x_wconf 90' lang='lat' dir='ltr'><strong>cisio</strong></span> <span class='ocrx_word' id='word_1_637' title='bbox 1596 5062 1727 5148; x_wconf 87' lang='lat' dir='ltr'><strong>signum</strong></span> <span class='ocrx_word' id='word_1_638' title='bbox 1750 5063 1912 5132; x_wconf 89' lang='lat' dir='ltr'><strong>ecclesiae</strong></span> <span class='ocrx_word' id='word_1_639' title='bbox 1934 5069 2004 5149; x_wconf 90' lang='lat' dir='ltr'><strong>dei,</strong></span> <span class='ocrx_word' id='word_1_640' title='bbox 2033 5072 2119 5135; x_wconf 89' lang='lat' dir='ltr'><strong>sicut</strong></span> <span class='ocrx_word' id='word_1_641' title='bbox 2139 5091 2227 5137; x_wconf 90' lang='lat' dir='ltr'><strong>nunc</strong></span> <span class='ocrx_word' id='word_1_642' title='bbox 2248 5074 2305 5138; x_wconf 90' lang='lat' dir='ltr'><strong>ba·</strong></span> 
     </span>
     <span class='ocr_line' id='line_1_52' title="bbox 1485 5146 2304 5230; baseline 0.016 -21"><span class='ocrx_word' id='word_1_643' title='bbox 1485 5147 1635 5230; x_wconf 90' lang='lat' dir='ltr'><strong>ptismus.</strong></span> <span class='ocrx_word' id='word_1_644' title='bbox 1678 5146 1721 5212; x_wconf 90' lang='lat' dir='ltr'><strong>Et</strong></span> <span class='ocrx_word' id='word_1_645' title='bbox 1743 5151 1777 5213; x_wconf 90' lang='lat' dir='ltr'><strong>in</strong></span> <span class='ocrx_word' id='word_1_646' title='bbox 1798 5169 1939 5226; x_wconf 86' lang='lat' dir='ltr'><strong>summa,</strong></span> <span class='ocrx_word' id='word_1_647' title='bbox 1966 5155 2008 5219; x_wconf 95' lang='lat' dir='ltr'><strong>de</strong></span> <span class='ocrx_word' id='word_1_648' title='bbox 2031 5156 2157 5221; x_wconf 90' lang='lat' dir='ltr'><strong>minore</strong></span> <span class='ocrx_word' id='word_1_649' title='bbox 2181 5168 2304 5222; x_wconf 92' lang='lat' dir='ltr'><strong>certum</strong></span> 
     </span>
     <span class='ocr_line' id='line_1_53' title="bbox 1487 5230 2304 5318; baseline 0.015 -24"><span class='ocrx_word' id='word_1_650' title='bbox 1487 5243 1538 5294; x_wconf 89' lang='lat' dir='ltr'><strong>est</strong></span> <span class='ocrx_word' id='word_1_651' title='bbox 1555 5251 1679 5313; x_wconf 90' lang='lat' dir='ltr'><strong>pueros</strong></span> <span class='ocrx_word' id='word_1_652' title='bbox 1697 5234 1730 5297; x_wconf 93' lang='lat' dir='ltr'><strong>in</strong></span> <span class='ocrx_word' id='word_1_653' title='bbox 1753 5230 1896 5301; x_wconf 89' lang='lat' dir='ltr'><strong>ecclesia</strong></span> <span class='ocrx_word' id='word_1_654' title='bbox 1918 5236 2033 5303; x_wconf 89' lang='lat' dir='ltr'><strong>salvos</strong></span> <span class='ocrx_word' id='word_1_655' title='bbox 2049 5238 2132 5318; x_wconf 87' lang='lat' dir='ltr'><strong>fieri,</strong></span> <span class='ocrx_word' id='word_1_656' title='bbox 2153 5243 2240 5306; x_wconf 88' lang='lat' dir='ltr'><strong>sicut</strong></span> <span class='ocrx_word' id='word_1_657' title='bbox 2257 5255 2304 5305; x_wconf 90' lang='lat' dir='ltr'><strong>te-</strong></span> 
     </span>
    </p>
   </div>
   <div class='ocr_carea' id='block_1_3' title="bbox 1519 2621 2310 2706">
    <p class='ocr_par' dir='ltr' id='par_1_3' title="bbox 1519 2621 2310 2706">
     <span class='ocr_line' id='line_1_54' title="bbox 1519 2621 2310 2706; baseline 0.006 -20"><span class='ocrx_word' id='word_1_658' title='bbox 1519 2624 1616 2687; x_wconf 90' lang='lat' dir='ltr'><strong>robat</strong></span> <span class='ocrx_word' id='word_1_659' title='bbox 1629 2624 1672 2706; x_wconf 75' lang='lat'><strong>¹⁶)</strong></span> <span class='ocrx_word' id='word_1_660' title='bbox 1701 2621 1859 2688; x_wconf 89' lang='lat' dir='ltr'><strong>maiorem</strong></span> <span class='ocrx_word' id='word_1_661' title='bbox 1881 2624 1978 2687; x_wconf 89' lang='lat' dir='ltr'><strong>etiam</strong></span> <span class='ocrx_word' id='word_1_662' title='bbox 2001 2621 2057 2686; x_wconf 86' lang='lat' dir='ltr'><strong>lex</strong></span> <span class='ocrx_word' id='word_1_663' title='bbox 2079 2625 2120 2688; x_wconf 90' lang='lat' dir='ltr'><strong>de</strong></span> <span class='ocrx_word' id='word_1_664' title='bbox 2142 2627 2310 2691; x_wconf 88' lang='lat' dir='ltr'><strong>circumci-</strong></span> 
     </span>
    </p>
   </div>
   <div class='ocr_carea' id='block_1_4' title="bbox 477 5283 2304 5495">
    <p class='ocr_par' dir='ltr' id='par_1_4' title="bbox 477 5283 2304 5495">
     <span class='ocr_line' id='line_1_55' title="bbox 477 5283 2304 5402; baseline 0.017 -42"><span class='ocrx_word' id='word_1_665' title='bbox 477 5283 521 5375; x_wconf 83' lang='grc' dir='ltr'><strong>ιι)</strong></span> <span class='ocrx_word' id='word_1_666' title='bbox 542 5310 677 5374; x_wconf 75' lang='lat' dir='ltr'><strong>bennun]</strong></span> <span class='ocrx_word' id='word_1_667' title='bbox 694 5312 780 5366; x_wconf 76' lang='grc' dir='ltr'>Ειιιιιι</span> <span class='ocrx_word' id='word_1_668' title='bbox 796 5314 935 5377; x_wconf 79' lang='lat' dir='ltr'><strong>baptizare.</strong></span> <span class='ocrx_word' id='word_1_669' title='bbox 1486 5326 1617 5380; x_wconf 89' lang='lat' dir='ltr'><strong>stantur</strong></span> <span class='ocrx_word' id='word_1_670' title='bbox 1627 5316 1775 5399; x_wconf 83' lang='lat' dir='ltr'><strong>exempla</strong></span> <span class='ocrx_word' id='word_1_671' title='bbox 1792 5321 2059 5402; x_wconf 89' lang='lat' dir='ltr'><strong>circumcisionis,</strong></span> <span class='ocrx_word' id='word_1_672' title='bbox 2077 5335 2110 5390; x_wconf 90' lang='lat' dir='ltr'><strong>et</strong></span> <span class='ocrx_word' id='word_1_673' title='bbox 2126 5322 2184 5390; x_wconf 88' lang='lat' dir='ltr'><strong>illa</strong></span> <span class='ocrx_word' id='word_1_674' title='bbox 2201 5328 2304 5391; x_wconf 89' lang='lat' dir='ltr'><strong>verba</strong></span> 
     </span>
     <span class='ocr_line' id='line_1_56' title="bbox 477 5398 2301 5495; baseline 0.008 -33"><span class='ocrx_word' id='word_1_675' title='bbox 477 5409 521 5473; x_wconf 74' lang='lat' dir='ltr'><strong>ii)</strong></span> <span class='ocrx_word' id='word_1_676' title='bbox 545 5412 641 5474; x_wconf 68' lang='lat' dir='ltr'><strong>Mali]</strong></span> <span class='ocrx_word' id='word_1_677' title='bbox 650 5413 737 5465; x_wconf 76' lang='lat' dir='ltr'><strong>dolls.</strong></span> <span class='ocrx_word' id='word_1_678' title='bbox 756 5415 808 5476; x_wconf 74' lang='lat' dir='ltr'><strong>(ea</strong></span> <span class='ocrx_word' id='word_1_679' title='bbox 818 5416 940 5467; x_wconf 73' lang='lat' dir='ltr'><strong>aunum</strong></span> <span class='ocrx_word' id='word_1_680' title='bbox 949 5427 1051 5466; x_wconf 77' lang='lat' dir='ltr'><strong>errore</strong></span> <span class='ocrx_word' id='word_1_681' title='bbox 1059 5412 1205 5479; x_wconf 59' lang='lat' dir='ltr'><strong>artacem</strong></span> <span class='ocrx_word' id='word_1_682' title='bbox 1222 5416 1307 5470; x_wconf 75' lang='lat' dir='ltr'><strong>uate:</strong></span> <span class='ocrx_word' id='word_1_683' title='bbox 1326 5418 1436 5472; x_wconf 83' lang='lat' dir='ltr'><strong>censuit</strong></span> <span class='ocrx_word' id='word_1_684' title='bbox 1487 5398 1621 5465; x_wconf 82' lang='lat' dir='ltr'><strong>Christi.</strong></span> <span class='ocrx_word' id='word_1_685' title='bbox 1687 5400 1812 5469; x_wconf 82' lang='lat' dir='ltr'><strong>Talium</strong></span> <span class='ocrx_word' id='word_1_686' title='bbox 1852 5418 1905 5471; x_wconf 78' lang='lat' dir='ltr'><strong>est</strong></span> <span class='ocrx_word' id='word_1_687' title='bbox 1947 5427 2085 5495; x_wconf 81' lang='lat' dir='ltr'><strong>regnum</strong></span> <span class='ocrx_word' id='word_1_688' title='bbox 2125 5409 2301 5475; x_wconf 75' lang='lat' dir='ltr'><strong>caelorum.</strong></span> 
     </span>
    </p>
   </div>
   <div class='ocr_carea' id='block_1_5' title="bbox 476 5510 1922 5654">
    <p class='ocr_par' dir='ltr' id='par_1_5' title="bbox 476 5510 1922 5654">
     <span class='ocr_line' id='line_1_57' title="bbox 476 5510 1437 5583; baseline 0.01 -21"><span class='ocrx_word' id='word_1_689' title='bbox 476 5510 520 5574; x_wconf 81' lang='lat' dir='ltr'><strong>u)</strong></span> <span class='ocrx_word' id='word_1_690' title='bbox 542 5511 606 5574; x_wconf 92' lang='lat' dir='ltr'><strong>non]</strong></span> <span class='ocrx_word' id='word_1_691' title='bbox 623 5513 687 5564; x_wconf 84' lang='lat' dir='ltr'><strong>haee</strong></span> <span class='ocrx_word' id='word_1_692' title='bbox 699 5525 748 5565; x_wconf 83' lang='lat' dir='ltr'><strong>vox</strong></span> <span class='ocrx_word' id='word_1_693' title='bbox 758 5515 783 5566; x_wconf 89' lang='lat' dir='ltr'><strong>tn</strong></span> <span class='ocrx_word' id='word_1_694' title='bbox 797 5517 944 5580; x_wconf 71' lang='lat' dir='ltr'><strong>hiemales</strong></span> <span class='ocrx_word' id='word_1_695' title='bbox 960 5517 1064 5570; x_wconf 87' lang='lat' dir='ltr'><strong>demum</strong></span> <span class='ocrx_word' id='word_1_696' title='bbox 1081 5521 1122 5571; x_wconf 83' lang='lat' dir='ltr'><strong>eat</strong></span> <span class='ocrx_word' id='word_1_697' title='bbox 1138 5517 1287 5583; x_wconf 66' lang='lat' dir='ltr'><strong>interserm</strong></span> <span class='ocrx_word' id='word_1_698' title='bbox 1304 5519 1377 5577; x_wconf 80' lang='lat' dir='ltr'><strong>udttt</strong></span> <span class='ocrx_word' id='word_1_699' title='bbox 1392 5521 1437 5572; x_wconf 82' lang='lat' dir='ltr'><strong>ha·</strong></span> 
     </span>
     <span class='ocr_line' id='line_1_58' title="bbox 542 5578 1922 5654; baseline 0.01 -24"><span class='ocrx_word' id='word_1_700' title='bbox 542 5578 614 5631; x_wconf 84' lang='lat' dir='ltr'><strong>beut:</strong></span> <span class='ocrx_word' id='word_1_701' title='bbox 631 5580 737 5632; x_wconf 86' lang='lat' dir='ltr'><strong>nullum.</strong></span> <span class='ocrx_word' id='word_1_702' title='bbox 1488 5588 1533 5654; x_wconf 82' lang='grc' dir='ltr'>ιιι)</span> <span class='ocrx_word' id='word_1_703' title='bbox 1557 5590 1661 5654; x_wconf 79' lang='lat' dir='ltr'><strong>Probat]</strong></span> <span class='ocrx_word' id='word_1_704' title='bbox 1678 5591 1767 5645; x_wconf 77' lang='lat' dir='ltr'><strong>mre:</strong></span> <span class='ocrx_word' id='word_1_705' title='bbox 1785 5590 1922 5646; x_wconf 72' lang='lat' dir='ltr'><strong>confirmat</strong></span> 
     </span>
    </p>
   </div>
   <div class='ocr_carea' id='block_1_6' title="bbox 0 0 2935 6724">
    <p class='ocr_par' dir='ltr' id='par_1_6' title="bbox 0 0 2935 6724">
     <span class='ocr_line' id='line_1_59' title="bbox 0 0 2935 6724; baseline 0 0"><span class='ocrx_word' id='word_1_706' title='bbox 0 0 2935 6724; x_wconf 95' lang='lat' dir='ltr'><strong> </strong></span> 
     </span>
    </p>
   </div>
  </div>
 </body>
</html>
