5859 6734
545 645 611 718 483
1170 643 1282 708 PlllL.
1303 643 1407 709 iiten.
1429 642 1620 710 SCRIPTA·
1636 641 1912 708 DOGhlA'l'lCA.
2474 641 2540 708 484

550 837 655 902 ctimis
677 834 813 918 requirit
834 833 1092 894 invocationem:
1120 829 1274 914 Nunquid
1302 831 1519 906 manducabo,
1562 827 1686 914 plicare
1706 847 1897 912 possumus,
1915 831 1958 907 ¹¹)
1981 839 2017 892 ut
2038 830 2086 890 eis
2108 839 2245 910 propter
2267 829 2377 910 operis
2400 829 2537 912 dignita·

548 921 670 1005 inquit,
704 935 821 980 carnes
854 929 1020 978 taurorum
1050 925 1113 978 etc.
1158 913 1200 976 Et
1227 913 1304 978 Esa.
1329 915 1355 974 i.
1377 921 1440 990 [vs.
1455 915 1518 992 11.]
1563 928 1628 979 tem
1673 915 1765 977 rosit.
1810 913 1871 976 Est
1896 913 1994 996 igitur
2023 911 2110 976 falsa
2130 913 2319 996 persuasio,
2349 913 2538 978 denatura

550 1005 624 1080 Quo
645 1002 723 1066 mihi
744 999 981 1065 multitudinem
1004 1000 1207 1063 victimarum
1229 999 1436 1062 vestrarum?
1479 997 1522 1062 Et
1565 936 1736 1063 cuiuslibet
1769 997 1922 1062 sacrificii
1955 1016 2048 1074 esse,
2081 1010 2116 1062 ut
2146 993 2327 1077 applicetur
2358 1016 2419 1077 pro
2452 996 2536 1060 aliis.

549 1087 691 1154 llierem.
704 1088 735 1150 7.
759 1093 821 1162 [vs.
833 1085 898 1162 221
921 1085 996 1146 Non
1024 1103 1095 1146 sum
1117 1081 1249 1146 locutus
1271 1103 1344 1148 cum
1366 1081 1521 1147 Patribus
1563 1085 1701 1148 Tantum
1724 1085 1809 1148 enim
1831 1083 2090 1164 propitiatorium
2113 1079 2310 1143 sacrificium
2332 1079 2456 1144 Christi
2479 1079 2539 1146 i'uit

550 1173 683 1248 vestris,
706 1181 738 1234 et
760 1189 825 1232 non
848 1170 999 1252 praecepi
1024 1169 1071 1230 eis
1095 1168 1136 1229 de
1157 1166 1362 1231 holocaustis
1385 1178 1417 1231 et
1428 1169 1521 1231 victi·
1564 1165 1792 1253 applicandum
1823 1187 1885 1250 pro
1917 1165 2008 1238 aliis3
2047 1177 2178 1228 caetera
2213 1165 2376 1228 sacrificia
2408 1177 2538 1243 nostra,

549 1257 623 1320 mis.
666 1254 713 1318 rit
744 1263 876 1318 constat
907 1250 1014 1335 legem
1046 1253 1237 1333 praecipere
1264 1253 1305 1314 de
1337 1251 1520 1316 sacrificiis.
1564 1273 1649 1338 quae
1671 1265 1747 1316 sunt
1769 1249 1970 1336 εὐχαριστικιὶ,
1991 1252 2037 1312 ita
2058 1259 2196 1333 prosunt
2218 1245 2426 1326 iacientibus,
2449 1252 2537 1315 sicut

549 1339 674 1404 Verum
705 1335 871 1420 Propheta
904 1338 1037 1398 damnat
1069 1337 1318 1417 persuasionem
1346 1338 1388 1399 de
1421 1356 1520 1419 opere
1563 1334 1735 1422 quodlibet
1764 1338 1931 1420 proprium
1964 1337 2085 1397 bcnurrr
2113 1352 2196 1416 opus
2223 1331 2353 1396 facienti
2384 1335 2537 1415 prodest,
2582 1343 2584 1348 ’

551 1435 698 1508 operato,
720 1421 799 1484 talia
820 1420 985 1484 sacrificia
1007 1441 1073 1482 non
1094 1421 1229 1504 requirit
1239 1419 1343 1483 Deus.
1376 1419 1521 1485 Prorsus
1564 1442 1625 1486 nec
1648 1431 1725 1484 sunt
1745 1418 1951 1504 applicanda,
1973 1431 2008 1480 ut
2025 1429 2213 1481 mereantur
2224 1415 2294 1480 aliis
2305 1419 2537 1482 remissionem

548 1509 583 1571 in
604 1505 758 1570 Ecclesia
779 1502 874 1568 simili
904 1505 1056 1585 opinione
1083 1503 1266 1568 cumulatae
1288 1516 1364 1568 sunt
1385 1504 1521 1584 Missae,
1562 1517 1774 1591 peccatorum
1796 1515 1859 1568 etc.

550 1592 628 1674 quia
652 1591 718 1654 sint
744 1587 921 1664 sacrificia,
954 1609 1038 1670 quae
1064 1588 1139 1652 Deo
1165 1586 1320 1672 placeant
1351 1609 1393 1652 ex
1421 1609 1521 1673 opere
1649 1589 1801 1654 Ceterum
1822 1590 1927 1652 oratio
1949 1607 2010 1670 pro
2032 1586 2105 1649 aliis
2128 1585 2224 1648 aliter
2245 1604 2284 1647 se
2304 1584 2413 1660 habet,
2435 1605 2537 1668 quarn

550 1685 707 1756 operato,
729 1683 763 1738 et
782 1685 970 1736 mereantur
990 1671 1124 1736 facienti
1146 1685 1179 1736 et
1200 1671 1272 1737 aliis
1294 1675 1520 1737 remissionem
1563 1685 1680 1738 natura
1702 1695 1846 1755 operum.
1880 1673 1956 1735 Non
1978 1673 2062 1735 enim
2084 1669 2178 1734 affert
2189 1669 2263 1732 Deo
2286 1689 2369 1751 opus
2390 1667 2538 1752 aliquod,

549 1769 779 1844 peccatorum
806 1755 989 1822 docuerunt
1017 1759 1102 1821 enirn
1128 1777 1189 1841 per
1209 1757 1346 1821 Missam
1370 1757 1442 1822 fieri
1464 1779 1520 1840 ap
1564 1761 1651 1843 qnod
1676 1760 1718 1820 sit
1739 1760 1877 1841 pretium
1900 1777 1961 1838 pro
1990 1754 2080 1830 aliis,
2110 1755 2172 1817 sed
2194 1764 2318 1816 tantum
2340 1755 2539 1836 cupit'acci·

549 1839 761 1928 plicationern
781 1837 934 1904 sacrificii
956 1839 1087 1904 Christi.
1132 1839 1176 1904 At
1197 1843 1424 1926 unusquisque
1444 1862 1520 1924 pro·
1562 1861 1640 1926 pere
1662 1864 1682 1907 a
1704 1841 1787 1904 Deo.
1831 1841 1985 1904 Promisit
2006 1852 2114 1903 autem
2135 1837 2249 1914 Deus,
2271 1857 2308 1899 se
2330 1839 2483 1900 daturum
2507 1850 2540 1900 et

549 1927 623 2010 pria
643 1925 710 1990 lide
730 1924 874 2009 applicat
895 1926 957 1987 sibi
978 1923 1173 1989 sacrificium
1185 1924 1319 2000 Christi,
1341 1927 1520 2010 etquidem
1563 1927 1659 1992 nobis
1681 1937 1714 1990 et
1735 1925 1819 2003 aliis,
1841 1945 1902 2009 pro
1924 1926 2041 2009 quibus
2063 1924 2214 2007 petimus.
2248 1921 2339 1984 llaec
2361 1919 2460 1986 facile
2473 1921 2540 1986 dis·

551 2011 669 2096 gratis,
689 2009 725 2074 id
746 2021 809 2086 est,
830 2029 897 2072 non
919 2019 1056 2091 propter
1076 2005 1217 2073 alienum
1239 2029 1334 2092 opus.
1563 2013 1654 2077 cerni
1675 2022 1824 2094 possunt.
1868 2011 1903 2072 ln
1932 2010 2079 2072 oratione
2101 2026 2168 2070 non
2190 2008 2408 2090 opponimus,
2429 2024 2540 2090 neque

636 2091 813 2158 Caeterum
849 2095 946 2156 unius
984 2093 1093 2175 operis
1125 2104 1266 2177 possunt
1297 2113 1375 2157 esse
1406 2090 1519 2177 plures
1563 2094 1732 2159 offerimus
1763 2095 1838 2158 Deo
1872 2104 2019 2156 nostrum
2051 2091 2186 2175 aliquod
2213 2109 2297 2172 opus
2326 2110 2367 2154 ac
2422 2091 2541 2154 retium

551 2177 646 2234 tinea.
690 2175 805 2236 Coena
829 2178 952 2239 domini
978 2179 1097 2239 utimur
1117 2187 1271 2260 tanquam
1300 2191 1520 2255 sacramento,
1562 2201 1625 2265 pro
1649 2177 1739 2255 aliis,
1766 2179 1826 2242 sed
1850 2189 1975 2241 tantum
1997 2179 2148 2258 accipere
2170 2173 2365 2237 volumusa
2440 2193 2478 2252 o,
2506 2181 2539 2237 et

550 2264 713 2338 quatenus
725 2265 778 2318 est
788 2259 1018 2334 testimonium,
1040 2280 1106 2343 quo
1118 2262 1254 2344 erigitur
1264 2260 1358 2326 tides.
1390 2261 1520 2326 Deinde
1563 2265 1693 2349 quidem
1722 2274 1858 2347 propter
1885 2263 2098 2326 mediatorem
2126 2259 2310 2333 Christrun3
2343 2259 2429 2321 sicut
2461 2257 2541 2320 dicit

549 2335 633 2402 haec
659 2340 733 2422 ipsa
760 2338 844 2403 fides
875 2362 948 2404 cum
978 2355 1112 2406 externo
1146 2365 1246 2427 opere
1278 2357 1329 2409 est
1356 2349 1521 2430 quoddam
1564 2360 1676 2414 textus
1694 2349 1736 2430 ¹²)
1760 2346 1842 2429 [loh.
1859 2346 1909 2423 16,
1920 2347 2004 2425 23.]τ
2035 2345 2197 2428 Quicquid
2226 2341 2386 2424 petieritis
2408 2341 2541 2408 Patrem

550 2423 759 2498 sacrificium,
782 2427 859 2526 quia
869 2423 962 2489 Deus
984 2428 1173 2508 pronuntiat
1194 2427 1280 2492 hanc
1301 2428 1399 2493 iidem
1423 2442 1455 2494 et
1474 2442 1520 2494 ta·
1563 2435 1597 2496 in
1618 2434 1750 2495 nomine
1771 2451 1863 2504 me03
1885 2432 1974 2493 dabit
1995 2431 2101 2493 vobis.
2145 2425 2246 2492 Aliud
2273 2437 2325 2490 est
2351 2425 2417 2490 iide

548 2505 596 2573 lia
617 2508 771 2571 exercitia
790 2527 825 2570 m
847 2527 934 2572 novo
946 2509 1156 2574 Testamento
1180 2531 1256 2576 esse
1278 2513 1442 2579 sacrificia
1452 2512 1521 2579 lau-
1564 2537 1638 2580 cum
1660 2515 1733 2579 Deo
1756 2535 1823 2578 non
1843 2524 1981 2596 propter
2002 2526 2149 2576 nostrum
2167 2509 2302 2594 aliquod
2323 2531 2427 2592 opus3
2485 2511 2542 2576 iud

550 2593 603 2656 dis
623 2603 655 2654 et
678 2609 755 2654 esse
776 2588 896 2656 cultus.
940 2593 989 2656 lta
1009 2594 1093 2657 iraec
1114 2596 1186 2678 ipsa
1214 2599 1401 2662 obedientia
1427 2618 1444 2660 s
1469 2600 1520 2662 iri·
1565 2613 1615 2664 est
1637 2600 1711 2664 Deo
1733 2616 1900 2682 opponere
1922 2597 2060 2662 alicuius
2083 2598 2162 2659 certi
2185 2597 2294 2677 operis
2317 2597 2483 2672 meritum,
2508 2608 2542 2660 et

549 2673 648 2740 tualis
677 2673 712 2738 iit
733 2677 897 2760 quoddam
918 2677 1140 2756 Sacrificium,
1173 2700 1239 2763 quo
1268 2683 1418 2746 tribuitur
1445 2620 1520 2746 l)eo
1564 2685 1694 2769 quidem
1715 2703 1777 2764 pro
1800 2681 1884 2746 aliis.
1930 2681 2041 2752 Quare
2059 2677 2235 2764 applicatio
2255 2698 2392 2761 operum
2408 2691 2541 2742 nostro-

548 2758 667 2838 honos,
689 2779 786 2844 quem
807 2761 944 2844 requirit
965 2773 997 2825 et
1018 2765 1190 2846 approbat.
1223 2763 1442 2830 Deindecum
1457 2764 1522 2830 hac
1564 2789 1635 2832 rum
1658 2787 1719 2851 pro
1742 2766 1831 2846 aliis,
1864 2767 2058 2848 praesertim
2086 2783 2147 2846 pro
2170 2765 2365 2826 remissione
2386 2776 2541 2847 peccato-

549 2847 616 2910 iide
642 2846 834 2910 necessario
864 2847 1040 2910 coniuncta
1062 2860 1113 2910 est
1140 2849 1317 2930 gratiarum
1346 2853 1433 2913 actio
1459 2870 1520 2933 pro
1564 2873 1647 2928 rum,
1669 2871 1875 2935 nequaquam
1898 2849 2109 2912 concedenda
2130 2859 2191 2925 est,
2214 2849 2290 2930 quia
2312 2849 2471 2932 scriptum
2488 2859 2541 2914 est

550 2929 607 2994 illo
631 2949 757 2992 summo
777 2928 948 3007 beneficio,
970 2943 1002 2994 et
1014 2934 1110 2997 nobis
1122 2943 1155 2995 et
1165 2934 1340 2997 universae
1351 2932 1521 2997 Ecclesiae
1565 2936 1702 3014 [Habac.
1715 2936 1822 3013 2,i.]:
1847 2933 1955 2997 iustus
1979 2933 2043 2997 fide
2066 2951 2128 2997 sua
2149 2935 2247 2996 vivet.

551 3011 693 3088 collato;
720 3014 808 3076 unde
838 3024 870 3076 et
889 3033 1010 3079 nomen
1031 3026 1084 3080 est
1103 3015 1300 3102 εὐχαριστίας.
1345 3018 1523 3082 Praeterea
1649 3018 1827 3083 Praeterea
1843 3019 1884 3081 de
1907 3020 2062 3102 operibus
2083 3016 2164 3080 iilud
2185 3015 2355 3080 sciendum
2372 3027 2444 3080 est:
2467 3015 2540 3081 Sic·

549 3101 637 3164 idem
658 3117 743 3181 opus
774 3108 806 3160 et
834 3093 1003 3163 confessio
1033 3113 1100 3174 est;
1129 3121 1206 3164 nam
1231 3105 1432 3166 ostendimus
1458 3122 1522 3165 nos
1565 3115 1600 3168 ut
1616 3116 1751 3188 propter
1772 3101 1954 3187 aliquorum
1976 3113 2116 3186 peccata
2137 3101 2324 3184 plectuntur
2347 3097 2417 3176 alii,
2442 3103 2487 3163 ita
2506 3111 2541 3164 et

551 3185 688 3248 credere
718 3179 921 3266 Evangelio,
954 3195 988 3246 et
1017 3185 1192 3249 invitamus
1223 3199 1340 3250 nostro
1372 3185 1522 3270 exemplo
1564 3209 1745 3272 paucorum
1766 3189 1886 3252 iustitia
1906 3189 2057 3270 impetrat
2073 3183 2174 3249 multa
2192 3188 2278 3248 bona
2294 3182 2379 3246 aliis.
2407 3181 2539 3246 Utrius-

550 3265 645 3332 alios.
687 3265 781 3330 llaec
797 3267 906 3330 omnia
926 3278 1004 3331 sunt
1033 3267 1197 3334 sacrificia
1222 3269 1419 3354 εὖχαριστικά.
1444 3271 1521 3335 ideo
1564 3293 1629 3358 que
1650 3273 1832 3337 sententiae
1859 3270 1959 3338 multa
1986 3284 2064 3335 sunt
2091 3270 2274 3333 testimonia
2300 3268 2332 3331 in
2361 3267 2538 3349 scripturis

551 3363 679 3416 veteres
712 3350 798 3414 hanc
826 3352 1043 3415 ceremoniam
1075 3351 1283 3436 apellamnt
1314 3355 1521 3420 sacrificium.
1565 3371 1597 3422 et
1618 3355 1779 3441 exempla.
1823 3355 1868 3419 Ut
1896 3355 2036 3420 Hieram.
2054 3354 2106 3417 49.
2130 3360 2195 3432 [vs.
2217 3353 2282 3432 12]
2307 3352 2394 3416 Ecce
2415 3351 2538 3434 quibus

549 3439 649 3510 Quod
670 3447 777 3500 autem
798 3437 964 3520 disputant
984 3457 1074 3500 nonn
1109 3436 1145 3514 li,
1168 3439 1336 3503 denatura
1349 3437 1523 3504 cuiuslibet
1564 3463 1631 3506 non
1654 3454 1724 3506 erat
1741 3439 1904 3517 iudicium,
1925 3450 1962 3504 ut
1983 3441 2132 3502 biberent
2150 3436 2298 3514 calicem,
2318 3438 2467 3501 bibentes
2487 3437 2537 3500 bi-

551 3519 702 3586 sacrificii
732 3539 824 3598 esse,
852 3531 888 3583 ut
908 3540 969 3606 pro
988 3519 1060 3584 aliis
1083 3519 1283 3605 applicetur,
1311 3519 1432 3588 falsum
1458 3535 1521 3588 est.
1565 3529 1653 3592 bent.
1696 3525 1750 3588 De
1772 3525 1941 3589 beneficiis
1963 3523 2103 3606 publicis·
2126 3533 2159 3586 et
2179 3523 2317 3605 privatis
2338 3521 2441 3604 inquit
2455 3518 2536 3582 Esa.

550 3605 635 3670 Nam
656 3603 855 3669 aillictiones
882 3617 1019 3669 nostrae
1047 3617 1124 3670 sunt
1149 3607 1326 3684 sacrificia,
1355 3619 1389 3672 et
1413 3618 1521 3672 tamen
1564 3631 1636 3693 cap.
1648 3609 1700 3674 33.
1715 3616 1797 3688 [vss.
1812 3609 1852 3670 15
1863 3616 1926 3693 sq]
1972 3608 2035 3679 Qui
2056 3603 2202 3670 ambulat
2224 3606 2258 3668 in
2279 3605 2411 3682 iustitia,
2434 3617 2468 3667 et
2487 3602 2538 3667 lo-

549 3691 617 3754 r'ron
639 3701 716 3753 sunt
737 3687 951 3772 applicandae
972 3709 1033 3772 pro
1051 3687 1142 3764 aliis;
1169 3691 1259 3754 iuxta
1279 3689 1359 3756 illud
1382 3692 1425 3770 [l.
1442 3690 1521 3757 Cor.
1563 3697 1673 3779 quitur
1692 3694 1880 3768 veritatem,
1909 3693 1964 3775 qui
1986 3693 2113 3774 proiicit
2140 3689 2310 3753 avaritiam
2331 3701 2364 3753 et
2391 3689 2539 3765 iniurias,

551 3773 656 3852 3,8.]:
690 3774 916 3857 imusquisque
941 3774 1125 3838 mercedem
1155 3775 1295 3856 accipiet
1315 3777 1406 3840 iuxta
1427 3795 1522 3840 suum
1565 3793 1597 3842 et
1619 3777 1741 3841 excutit
1760 3795 1876 3838 manus
1898 3795 1977 3840 suas
1999 3778 2040 3838 ab
2063 3777 2150 3840 omni
2177 3793 2330 3846 munere;
2357 3775 2411 3856 qui
2434 3773 2538 3837 obdu-

551 3856 708 3920 laborem.
770 3856 848 3920 item
883 3855 970 3933 [Gal.
992 3859 1025 3933 6,
1047 3859 1109 3936 4.]ε
1141 3854 1266 3922 Probet
1296 3861 1523 3943 unusquisque
1565 3872 1615 3926 rat
1630 3865 1671 3943 Ι1)
1695 3879 1791 3922 aures
1814 3879 1912 3935 suas,
1940 3879 1981 3922 ne
2003 3861 2112 3923 audiat
2140 3860 2332 3942 sanguinem
2355 3869 2386 3919 et
2413 3855 2540 3920 claudit

551 3961 646 4005 suum
668 3959 763 4020 opus,
785 3953 818 4002 et
840 3941 889 4002 sic
911 3936 1049 4024 gloriam
1063 3939 1199 4004 habebit
1213 3943 1247 4005 in
1267 3959 1306 4006 se
1323 3945 1409 4026 ipso.
1442 3943 1522 4006 ltem
1566 3942 1682 4009 oeulos
1700 3963 1791 4019 suos,
1813 3961 1855 4006 ne
1874 3945 1980 4008 videat
1996 3941 2128 4020 malum,
2150 3946 2213 4006 iste
2234 3944 2267 4004 in
2284 3939 2425 4003 excelsis
2444 3937 2538 4004 habi-

552 4025 661 4106 [Rcm.
675 4024 801 4101 r,17.]:
829 4022 938 4086 lustras
966 4024 1031 4086 fide
1053 4043 1115 4086 sua
1142 4026 1241 4089 vivet.
1285 4025 1409 4091 Probat
1436 4028 1524 4089 idem
1566 4030 1657 4102 tabit,
1678 4030 1878 4092 munimenta
1899 4047 2054 4092 saxorum
2075 4025 2258 4091 sublimitas
2272 4027 2364 4098 ¹eius,
2386 4025 2481 4105 panis
2504 4027 2536 4087 ei

551 4104 710 4188 anabola
732 4109 773 4171 de
790 4104 890 4170 fatuis
907 4107 1089 4196 virginibus
1111 4107 1381 4190 etcihlatthffi,
1394 4111 1410 4172 l
1423 4118 1523 4195 sqq-l·
1565 4114 1705 4188 dabitur,
1726 4109 1832 4194 aquae
1855 4115 1925 4176 eius
1947 4133 2013 4176 non
2036 4113 2205 4190 deficient,
2226 4127 2334 4192 ragam
2355 4108 2389 4169 in
2411 4108 2538 4170 decore

551 4193 729 4270 Praeterea
751 4219 824 4263 cum
846 4216 948 4279 opera
968 4209 1085 4261 nostra
1106 4195 1171 4258 sint
1188 4193 1308 4271 cultus,
1331 4197 1386 4281 qui
1404 4197 1524 4260 deben-
1565 4217 1627 4262 suo
1654 4198 1810 4264 ¹videbunt
1839 4196 1925 4260 oculi
1951 4200 2038 4280 etus,
2067 4211 2098 4260 et
2127 4195 2274 4278 prolatos
2302 4191 2386 4256 lines
2413 4202 2536 4254 terrae.

552 4303 606 4355 tur
627 4309 647 4352 a
669 4286 764 4350 nobis
787 4285 885 4367 ipsis3
908 4284 994 4346 sicut
1005 4279 1127 4345 Paulus
1149 4281 1253 4426 inquit
1263 4281 1373 4359 [Rom.
1384 4282 1418 4358 8,
1438 4281 1522 4360 12.]:
1564 4282 1627 4347 llic
1644 4285 1728 4346 inter
1752 4294 1880 4346 caetera
1903 4285 2047 4364 praemia
2068 4279 2225 4365 promittit
2235 4275 2401 4364 publicum
2412 4288 2538 4339 statum

551 4373 727 4438 Debitores
755 4387 880 4432 sumus.
923 4366 1003 4429 ltem
1026 4365 1070 4442 il.
1089 4365 1167 4430 Cor.
1205 4365 1318 4446 ,ltt.]:
1340 4365 1416 4429 Vae·
1434 4365 1524 4442 mihi,
1565 4364 1840 4450 tranquillioremt
1861 4368 1894 4429 id
1917 4379 1968 4428 est
1991 4386 2161 4430 commune
2185 4363 2377 4429 beneficium
2399 4361 2441 4424 ad
2451 4361 2538 4424 mul-

553 4460 583 4522 si
610 4477 678 4522 non
700 4451 904 4537 evangelizo.
947 4450 1077 4514 Deinde
1105 4469 1180 4513 curn
1201 4469 1262 4531 per
1290 4468 1367 4513 sese
1390 4451 1455 4514 sint
1477 4452 1524 4512 in·
1565 4463 1617 4515 tos
1638 4452 1816 4535 pertinens.
1850 4451 1933 4513 Sunt
1956 4462 1990 4514 et
2011 4448 2170 4534 exempla
2204 4451 2344 4532 Propter
2364 4456 2537 4530 peccatum

555 4538 763 4615 sufficientia,
786 4550 818 4601 et
838 4535 982 4601 habeant
1003 4555 1085 4617 opus
1107 4532 1291 4681 iidehquae
1301 4535 1392 4618 petit,
1414 4555 1456 4598 ne
1466 4536 1524 4597 im·
1564 4535 1701 4600 Davidis
1723 4531 1926 4616 plectebatur
1946 4533 2098 4618 populus.
2131 4534 2270 4617 Propter
2290 4533 2538 4614 paucosiustos

552 4635 684 4712 putetur
706 4623 802 4686 nobis
819 4619 989 4684 infirmitas
1005 4629 1176 4700 nostra,q
1233 4619 1262 4680 is
1284 4620 1345 4682 erit
1366 4639 1524 4704 arrogan-
1565 4618 1668 4682 voluit
1698 4619 1790 4682 Deus
1823 4637 1961 4701 parcere
1995 4619 2159 4682 Sodomis.
2214 4617 2354 4698 Propter
2387 4614 2537 4678 Naaman

555 4711 617 4784 tia,
639 4711 668 4770 si
690 4704 769 4770 talia
796 4725 898 4790 opera
920 4706 1076 4768 ducemus
1103 4720 1268 4767 essenon
1290 4701 1398 4765 solum
1419 4706 1524 4786 pretia
1565 4701 1728 4768 benefecit
1742 4701 1868 4786 Syriae.
1887 4705 1928 4780 ¹⁴)
1956 4703 2132 4767 Discamus
2150 4721 2230 4786 ergo
2248 4719 2376 4784 poenas
2399 4711 2536 4782 etprae-

555 4811 616 4876 pro
639 4791 746 4866 nohis,
768 4791 828 4853 sed
851 4789 947 4852 etiam
967 4808 1029 4872 pro
1051 4787 1142 4860 aliis3
1165 4807 1240 4849 cum
1263 4788 1349 4850 dicat
1371 4787 1523 4852 Christus
1566 4791 1629 4852 mia
1649 4785 1715 4851 late
1738 4795 1860 4867 patere,
1881 4799 1916 4848 ut
1939 4789 1981 4850 ad
2003 4789 2087 4851 bene
2108 4786 2306 4871 operandum
2325 4785 2513 4847 excitemur.

556 4875 653 4958 [Luc.
667 4874 814 4954 1⁷,10.p
837 4874 919 4936 Cum
940 4869 1084 4936 feceritis
1101 4871 1220 4948 omnia,
1242 4871 1352 4949 dicite,
1370 4874 1413 4955 ¹⁰)
1436 4874 1523 4936 servi

555 4957 688 5025 inutiles
714 4979 839 5022 sumus.
882 4956 962 5020 item
989 4955 1111 5018 Psalm.
1129 4953 1184 5018 49.
1213 4963 1297 5034 [vss.
1315 4955 1355 5017 14
1371 4963 1435 5039 sq.]
1464 4957 1525 5020 Sa·
1899 5013 1901 5020 .

558 5042 713 5108 cmiicium
745 5051 845 5104 vocat
864 5042 1103 5105 invocationem
1125 5041 1158 5102 in
1180 5037 1404 5113 tribulatione3'
1435 5041 1524 5115 item,
1567 5043 1611 5104 11)
1628 5038 1785 5103 possumus]
1803 5040 1840 5090 111
1856 5039 2170 5092 111111·1·6-8·11-14·
2189 5040 2302 5102 11011·;
2320 5037 2391 5088 Editt
2407 5037 2460 5087 rr.
2474 5035 2534 5084 aa.

558 5127 743 5192 Gratiarum
764 5125 934 5189 actionem.
978 5123 1083 5186 Porro
1104 5124 1138 5186 id
1167 5141 1269 5208 opus,
1299 5144 1372 5186 cum
1392 5125 1523 5206 'gratias
1632 5107 1769 5169 ⁹⁰⁵³¹¹¹¹u⁸r

557 5213 697 5298 agimus,
717 5227 784 5274 non
806 5219 859 5273 est
880 5225 975 5291 opus,
997 5207 1086 5293 quod
1107 5227 1169 5270 nos
1196 5209 1260 5292 ipsi
1281 5227 1342 5290 pro
1364 5204 1438 5270 aliis
1468 5227 1523 5290 ap
1568 5203 2030 5334 1211ε1ξὶ1111111111111111111111111·
2052 5209 2170 5260 11—13.
2189 5203 2536 5269 somersettensium

1541 5413 1545 5460 i
1567 5375 1610 5436 it)
1629 5375 1748 5436 obdurat]
1766 5377 1838 5428 Editt
1857 5376 1881 5422 7.
1901 5377 1924 5423 a.
1945 5374 2050 5420 11-14.
2070 5377 2096 5423 et
2114 5374 2192 5435 opp:
2210 5374 2313 5426 obturat

562 5485 606 5543 itii
624 5481 708 5546 dicite]
730 5482 772 5532 Ed.
792 5482 814 5527 1.
833 5478 977 5540 typothetae
996 5487 1096 5528 errore:
1114 5476 1173 5528 dicit
1542 5465 1544 5496 ⁵
1568 5477 1612 5540 14)
1631 5475 1727 5540 syriae]
1748 5477 1820 5527 Editt.
1841 5476 1880 5524 iti.
1901 5476 1939 5526 18.
1959 5472 2029 5532 Syrie
