5859 6734
463 625 506 693 ro
887 637 890 644 ·
1052 625 1200 695 mm.
1222 577 1327 697 nmo.
1347 613 1534 699 somena
1550 633 1852 703 memnon·

500 817 525 880 ⁸,
542 829 565 869 ι
617 818 656 877 ad
674 816 734 878 Ro.
754 821 815 895 [vs.
837 819 918 896 l8.r]
936 815 1034 879 Cuius
1054 818 1118 878 volt
1134 822 1342 881 miseretur'et
1360 839 1449 901 quem
1469 824 1544 885 'volt
1562 824 1679 886 indurat
1690 831 1716 902 Ι)
1734 835 1832 900 erce)
1864 829 1917 888 Sic
1934 828 2033 890 Exod.
2053 835 2082 889 1.
2102 832 2140 890 de.
2155 832 2306 911 pharaone

521 956 524 960 ,
617 909 679 982 [νε.
701 906 781 981 ilo]
799 902 868 982 Ego
888 904 1033 964 indurabo
1051 925 1102 964 cor
1119 907 1188 966 eius
1206 911 1315 968 utnon
1334 907 1463 968 dimittat
1491 910 1687 991 populumb)
1743 912 1796 971 Sic
1818 919 1828 972 l
1852 933 1955 992 regum
1972 913 2014 975 Χ.
2032 915 2081 976 De
2093 915 2188 975 Saule
2205 924 2236 977 et
2254 924 2304 980 mi·

616 988 723 1049 litibus
743 993 803 1064 [νε.
823 991 905 1066 264]
923 989 1053 1072 Etabijt
1068 1011 1137 1052 cum
1155 1012 1194 1052 eo
1207 997 1233 1067 ο)
1251 1010 1322 1070 pars
1340 995 1492 1055 exercitus
1512 1015 1636 1073 quorum
1653 998 1792 1075 tetigerat
1811 997 1888 1057 deus
1907 999 2048 1076 cordat)
2092 1000 2145 1059 Sic
2165 1008 2181 1062 3
2202 1023 2305 1081 regum

615 1070 674 1136 Xll
693 1073 732 1132 de
749 1073 931 1136 Hieroboam
950 1080 1011 1152 [νε.
1033 1080 1112 1154 15.:]
1129 1075 1172 1138 Et
1188 1097 1248 1138 non
1262 1085 1288 1156 ε)
1306 1079 1459 1157 acquieuit
1476 1100 1528 1140 rex
1545 1080 1658 1160 populo
1677 1084 1816 1161 quoniam
1834 1091 1994 1145 auersatus
2012 1085 2108 1146 luerat
2119 1106 2188 1148 eum
2213 1089 2304 1149 domi-

616 1179 675 1218 nus
694 1165 727 1217 ut
743 1162 906 1220 suscitaret
930 1162 1054 1220 verbum
1078 1181 1167 1220 suum
1191 1164 1272 1241 quod
1300 1163 1422 1222 locutus
1445 1164 1541 1226 fuerat
1564 1169 1592 1225 in
1612 1187 1700 1226 manu
1718 1168 1818 1227 Abiae
1836 1168 2022 1250 Silonitae2)
2048 1171 2087 1230 ad
2109 1165 2264 1234 leroboam
2279 1181 2304 1250 1)

617 1243 710 1303 tilium
728 1243 860 1304 Naboth.
876 1251 903 1319 ⁸)
961 1247 988 1321 ¹¹)
996 1246 1078 1324 Ergo
1097 1266 1155 1306 non
1174 1256 1224 1309 est
1242 1251 1271 1308 io
1290 1255 1441 1327 potestate
1459 1258 1563 1310 nostra
1580 1252 1743 1330 quidquam
1760 1253 1827 1312 Nec
1844 1253 1971 1314 allectus
1990 1257 2124 1315 internus
2142 1277 2199 1316 nec
2211 1266 2304 1318 exter·

616 1349 685 1388 num
705 1348 793 1407 opus.
813 1329 848 1388 Si
868 1350 1024 1409 compares
1044 1339 1147 1391 nostra
1164 1352 1232 1393 eum
1250 1334 1541 1413 praedestinacione.
1585 1335 1799 1418 Eueniuntque
1817 1339 1916 1398 omnia
1933 1346 1967 1399 ut
1984 1339 2114 1399 consilio
2133 1341 2236 1403 diuino
2255 1344 2304 1403 de

556 1429 561 1438 ·
615 1416 727 1473 stinata
745 1421 825 1473 sunt.
870 1416 972 1493 Atque
985 1415 1077 1475 buius
1096 1419 1272 1496 mysterttt)
1291 1417 1450 1478 sublimior
1468 1427 1517 1479 est
1536 1422 1609 1480 ratio
1630 1441 1718 1499 quam
1736 1429 1770 1482 ut
1780 1425 1907 1502 assequi
1925 1443 1992 1483 eam
2008 1425 2137 1485 bumana
2149 1427 2304 1487 imbecilli·

615 1503 663 1559 tas
681 1500 792 1577 possit,
812 1505 842 1559 et
861 1501 889 1558 in
908 1500 1166 1580 contemplacione
1182 1504 1252 1564 eius
1270 1503 1460 1564 admonearis
1479 1506 1673 1584 benignitatis
1693 1508 1812 1568 diuinae
1831 1527 1905 1568 esse
1935 1508 2027 1582 Quod
2051 1510 2131 1587 apud
2156 1529 2230 1571 sese
2256 1520 2305 1573 est

615 1603 710 1643 rerum
730 1586 861 1644 omnium
880 1605 999 1645 summa
1016 1592 1047 1646 et
1064 1589 1231 1666 imperium.
1276 1587 1369 1662 Quod
1397 1590 1427 1648 si
1451 1589 1567 1668 aliquid
1590 1599 1678 1652 esset
1702 1594 1731 1652 in
1756 1600 1908 1672 potestate
1926 1602 2029 1655 nostra
2046 1592 2137 1654 Certe
2155 1615 2174 1655 e
2190 1599 2304 1658 nostris

614 1669 756 1750 consilijs
773 1669 976 1748 penderemus
995 1673 1098 1749 Atque
1122 1674 1164 1733 ita
1187 1674 1227 1733 ad
1243 1691 1301 1734 nos
1325 1694 1344 1733 a
1360 1675 1419 1734 deo
1443 1695 1637 1736 auocaremur
1656 1695 1733 1754 quae
1752 1697 1870 1738 summa
1886 1686 1936 1739 cst
1954 1681 2094 1759 impietas
2112 1686 2143 1739 et
2171 1682 2302 1741 miseria.

699 1787 822 1848 Nolui
840 1795 939 1850 autem
968 1796 1000 1850 tc
1030 1791 1068 1850 de
1086 1792 1377 1872 praedestinacionis
1403 1795 1531 1874 negocio
1556 1793 1722 1857 sollicitum
1741 1817 1815 1856 esse
1838 1806 1889 1857 aut
1916 1799 2071 1877 disputare
2098 1796 2200 1870 Quare
2224 1798 2302 1859 bunc

613 1873 692 1932 dens
711 1875 817 1953 eripiat
835 1882 886 1934 aut
905 1873 990 1934 illum
1008 1875 1145 1937 damnet:
1164 1899 1217 1940 cur
1235 1879 1361 1958 imputet
1385 1880 1474 1940 nobis
1495 1881 1577 1960 quod
1596 1882 1664 1960 ipse
1683 1882 1856 1942 destinauit.
1901 1882 2052 1942 Dominus
2072 1889 2121 1942 est
2139 1884 2235 1954 enim,
2262 1883 2302 1942 la-

511 1987 519 2011 ,
555 1988 561 2001 ·
614 1959 655 2017 rit
674 1958 755 2035 quod
773 1958 881 2037 placet.
913 1956 1032 2020 Porro
1051 1961 1192 2022 suturum¹
1212 1971 1262 2024 est
1279 1964 1441 2043 aliquando
1459 1985 1526 2024 cum
1546 1986 1672 2025 sensum
1691 1968 1789 2026 carnis
1808 1967 1967 2027 detriueris
2000 1974 2033 2028 ut
2066 1966 2219 2045 intelligas
2244 1987 2301 2030 non

614 2042 736 2102 aliunde
753 2047 865 2104 certius
884 2064 958 2105 esse
978 2045 1120 2107 solatium
1138 2055 1171 2108 ut
1189 2067 1227 2108 ex
1244 2049 1534 2128 praedestinacione.

948 2163 1043 2223 Loci
1073 2166 1455 2243 praedestinationis
1485 2169 1642 2230 multum
1671 2169 1948 2250 consolatorij.

699 2280 924 2359 Septimum:
945 2281 1026 2355 Quia
1044 2283 1133 2344 locus
1150 2285 1436 2363 praedestinationis
1456 2286 1616 2347 sublimior
1633 2296 1682 2347 est
1694 2287 1823 2348 bumano
1835 2295 1925 2367 captu
1936 2286 2122 2366 Simpliciter
2133 2288 2303 2347 contuenda

613 2374 662 2426 est
681 2373 784 2426 natura
801 2366 965 2428 voluntatis
984 2367 1132 2428 humanae
1154 2367 1263 2429 Vtrum
1288 2373 1390 2450 possit
1408 2392 1483 2430 sese
1501 2372 1539 2431 ad
1557 2392 1777 2451 quamcumque
1796 2394 1857 2432 rem
1875 2371 2041 2454 applicare:
2068 2379 2120 2431 aut
2137 2393 2155 2431 a
2172 2392 2301 2450 quacun·

613 2471 672 2532 quc
690 2471 723 2510 re
741 2470 868 2511 auocare
886 2454 1013 2531 quocies
1040 2453 1173 2515 consulit
1198 2455 1381 2516 intellectus.
1426 2453 1589 2517 Proinde
1613 2457 1754 2518 voluntas
1779 2457 1908 2518 bumana
1932 2456 2110 2537 simpliciter
2133 2465 2303 2536 comparata

552 2606 559 2616 ‚
612 2557 679 2597 cum
698 2536 858 2597 affectibus
877 2557 935 2598 non
954 2545 1003 2598 est
1032 2537 1128 2599 libera
1145 2539 1209 2599 Sed
1233 2541 1353 2620 captiua
1376 2544 1488 2620 regitur
1510 2549 1572 2602 tum
1598 2544 1688 2603 bonis
1711 2550 1773 2603 tum
1791 2541 1881 2601 malis
1899 2541 2070 2603 affectibus.
2116 2541 2215 2614 Quam
2234 2561 2301 2601 sen·

612 2623 741 2681 tenciam
760 2621 809 2681 vel
829 2623 896 2701 ipsa
915 2623 1004 2683 docet
1021 2643 1117 2683 rerum
1136 2627 1330 2704 experientia.
1376 2625 1467 2697 Quod
1486 2625 1600 2686 nullius
1619 2626 1747 2687 affectus
1767 2628 1959 2705 quantumuis
1988 2625 2122 2706 languidi
2152 2626 2302 2686 humanus

612 2710 731 2767 animus
750 2728 876 2786 compos
895 2715 954 2778 est,
974 2716 1004 2768 et
1021 2711 1128 2786 probat
1146 2717 1266 2770 sextum
1284 2708 1373 2770 Pauli
1393 2720 1483 2789 caput
1492 2715 1520 2786 ⁴)
1539 2712 1577 2770 ad
1589 2712 1648 2770 Ro.
1670 2718 1729 2788 [νε.
1752 2716 1828 2789 lde]
1846 2711 1934 2770 Serui
1954 2715 2033 2771 estis
2051 2714 2121 2771 siue
2137 2714 2252 2791 peccati
2264 2709 2302 2770 ad

613 2799 737 2854 mortem
756 2794 824 2852 siue
844 2794 1035 2854 obedientiae
1053 2793 1090 2853 ad
1110 2796 1265 2856 iustitiam.
1284 2797 1334 2855 vbi
1353 2795 1465 2874 duplex
1483 2797 1664 2856 describitur
1686 2798 1820 2856 semitus
1838 2794 1943 2855 Altera
1966 2795 2124 2856 adecmum
2144 2796 2304 2856 ramalium
2326 2786 2426 2905 Diffi?

611 2878 718 2938 Altera
736 2880 872 2957 spiritus.
892 2881 1061 2958 etseptimo
1080 2891 1136 2939 cat
1157 2887 1217 2956 [νε.
1239 2885 1299 2958 br]
1319 2878 1397 2940 Cum
1415 2900 1560 2941 essemus
1580 2883 1609 2939 in
1628 2902 1730 2948 carne,
1760 2880 1887 2942 allectus
1913 2888 2102 2960 peccatorum
2122 2883 2174 2960 qui
2193 2899 2246 2960 per
2263 2879 2303 2939 lc·
2323 2867 2352 2907 ³⁰
2404 2867 2436 2906 ¹¹⁸

611 2982 680 3041 gem
699 2971 782 3024 erant
800 2966 997 3042 operabantur
1015 2966 1044 3023 in
1062 2967 1205 3026 membris
1225 2969 1337 3026 nostris
1356 2975 1390 3026 ut
1407 2966 1616 3026 fmctilicarent
1632 2970 1728 3027 morti.
1770 2965 1811 3026 Et
1830 2971 1848 3027 8
1867 2987 1918 3026 ca:
1940 2972 1998 3043 [νε.
2016 2971 2064 3025 11.
2075 2973 2096 3042 ι]
2117 2965 2178 3037 Qut
2197 2966 2304 3045 spiritu
2322 2955 2444 3008 ¹¹⁰¹¹¹¹¹⁰¹l

553 3040 557 3049 ¹
612 3049 662 3108 dci
680 3055 808 3127 aguntur
826 3049 856 3108 bi
876 3049 972 3126 11Ιὶ15)
991 3050 1041 3109 dei
1058 3057 1140 3110 sunt.
1187 3050 1309 3124 Quibus
1335 3049 1414 3111 locis
1441 3054 1519 3110 satis
1539 3051 1671 3112 declarat
1695 3052 1834 3111 affectum
1852 3071 1957 3130 regere
1975 3072 2033 3111 non
2052 3053 2115 3130 regi
2134 3054 2172 3112 ab
2194 3025 2353 3116 affectu‘lli
2370 3026 2459 3085 mni

509 3151 558 3185 ν’·
612 3134 727 3214 impelli
748 3134 898 3194 bominem
916 3133 1066 3213 neqneliu
1087 3143 1190 3196 nostra
1205 3143 1359 3215 potestate
1377 3156 1452 3195 esse
1470 3136 1620 3196 allectum.
1665 3137 1706 3197 Et
1724 3138 1773 3198 bic
1791 3136 1918 3197 affectus
1942 3136 2051 3198 affectu
2076 3138 2204 3196 vincitur
2226 3136 2305 3195 Sunt
2322 3124 2435 3243 lffttffls

610 3219 689 3279 enim
708 3219 760 3280 alii
779 3219 889 3294 atrise)
913 3219 1100 3280 ardentiores
1125 3228 1158 3282 ut
1183 3240 1364 3299 quamquam
1390 3228 1547 3281 auersetur
1565 3230 1601 3282 et
1618 3222 1776 3282 exborreat
1799 3221 1964 3300 periculum
1983 3219 2080 3283 lulius
2108 3230 2207 3282 tamen
2234 3222 2304 3299 quia
2318 3203 2446 3322 ¹502&

610 3304 694 3364 ardet
712 3305 954 3380 (uehementiori
974 3305 1094 3366 scilicet
1105 3306 1240 3380 affectu.)
1259 3308 1381 3384 gratiam
1393 3308 1461 3366 siue
1472 3308 1575 3385 potius
1585 3310 1612 3382 ⁷)
1631 3307 1754 3386 gloriam
1766 3327 1824 3365 non
1837 3309 1981 3367 detrectat
1992 3309 2119 3385 etqunsi
2130 3306 2302 3368 contemnit.

764 3423 793 3486 ‘l
817 3423 919 3488 Nbfl0)
937 3430 978 3477 eat
994 3426 1104 3489 positum
1123 3426 1148 3477 ln
1166 3427 1261 3479 nostris
1279 3427 1374 3478 irritus
1393 3427 1452 3479 stue
1470 3429 1530 3478 ante
1548 3426 1675 3479 collatum.

700 3524 903 3586 Octauum:
933 3524 1005 3596 lam
1023 3528 1057 3586 si
1076 3526 1182 3587 dicas
1201 3527 1236 3587 Si
1255 3546 1355 3605 neque
1374 3528 1404 3587 in
1422 3528 1513 3587 bonis
1532 3544 1631 3607 neque
1645 3525 1772 3586 inmalis
1786 3526 1882 3588 libera
1894 3535 1944 3587 cst
1956 3525 2108 3597 voluntas,
2128 3545 2199 3604 ergo
2213 3525 2299 3585 Sicut
2312 3542 2450 3593 argumen-

610 3613 737 3688 amalis
756 3612 794 3671 ad
813 3612 892 3672 bona
910 3633 967 3672 non
986 3619 1090 3692 potest
1107 3611 1198 3672 bomo
1217 3613 1296 3672 ilecti
1307 3609 1359 3678 Jta
1378 3633 1435 3671 non
1454 3614 1564 3691 poterit
1581 3613 1707 3672 abonis
1725 3611 1763 3672 ad
1782 3613 1870 3673 mala.
1933 3611 2063 3672 Solutio.
2355 3603 2417 3652 lum·

697 3732 767 3792 Hic
785 3732 1002 3810 expendet)
1022 3732 1081 3789 vim
1099 3729 1270 3789 affectuum.
1315 3729 1393 3787 Nam
1412 3731 1441 3787 in
1461 3750 1498 3787 eo
1517 3732 1568 3806 qui
1588 3737 1637 3789 est
1655 3738 1737 3790 extra
1755 3734 1892 3809 spiritum
1909 3731 1978 3790 Non
2005 3739 2076 3790 sunt
2095 3732 2153 3789 nisi
2173 3729 2243 3785 mali
2262 3728 2301 3785 al-

610 3816 710 3877 lectus
730 3835 822 3894 quare
839 3814 878 3872 ad
896 3816 976 3874 bona
994 3833 1052 3872 non
1071 3813 1214 3872 deflectit.
1260 3811 1421 3872 Contrar
1441 3814 1470 3870 in
1489 3832 1527 3871 eo
1546 3814 1597 3889 qui
1616 3821 1665 3871 est
1683 3816 1868 3873 instauratus
1887 3816 1994 3891 spiritu
2004 3813 2153 3891 Duplices
2173 3817 2245 3868 sunt
2262 3809 2301 3867 as-

610 3901 711 3961 lectus
730 3906 761 3959 et
779 3901 849 3957 boni
868 3905 899 3958 et
916 3895 998 3957 mali.
1017 3897 1076 3957 llic
1087 3898 1141 3957 vtri
1151 3898 1285 3975 potiores
1305 3903 1375 3955 sunt
1393 3902 1425 3956 et
1440 3895 1684 3955 vehementiores
1703 3896 1767 3956 illis
1785 3898 1971 3976 obtemperat
1980 3895 2081 3955 bomo.
2108 3895 2161 3954 Sic
2174 3913 2246 3953 uero
2261 3896 2301 3969 10)

611 3986 740 4046 affectus
753 4003 880 4063 compos
893 3990 943 4044 est
956 3981 1105 4042 humanus
1123 3983 1241 4041 animus
1255 3985 1307 4056 ¹¹),
1326 3987 1458 4059 potesta
1470 3981 1559 4040 bonis
1578 3980 1616 4039 ad
1633 3981 1744 4042 molum
1762 3982 1923 4042 deflectere
1941 3982 2012 4060 quia
2023 3982 2134 4061 rapitur
2143 3979 2301 4040 vebemen·

612 4072 688 4131 tiore
706 4070 786 4131 malo
805 4069 915 4129 allectu
933 4071 1037 4146 Atque
1056 4069 1096 4128 ita
1113 4068 1202 4127 vides
1221 4087 1280 4126 non
1299 4086 1374 4126 esse
1393 4068 1421 4125 in
1440 4068 1556 4127 viribus
1574 4068 1687 4125 nostris
1705 4069 1970 4146 perseuemntiam.

696 4191 862 4251 Nonum:
881 4187 1108 4264 Scbolae12)
1128 4186 1230 4246 salso
1253 4187 1404 4264 fingunt
1429 4186 1579 4246 dilectum
1603 4186 1725 4264 quidem
1750 4207 1824 4246 esse
1850 4187 1879 4245 in
1898 4186 2018 4246 bomine
2036 4184 2100 4243 Sed
2118 4182 2300 4244 voluntatem

611 4297 687 4339 esse
705 4277 782 4337 adeo
801 4274 925 4335 liberam
945 4273 1027 4351 quod
1043 4281 1136 4353 ponat
1152 4271 1292 4332 affectum
1309 4275 1351 4348 18)
1368 4291 1435 4332 cum
1454 4272 1530 4332 libet
1547 4277 1580 4332 ut
1598 4272 1626 4330 si
1645 4273 1715 4349 quis
1734 4272 1904 4352 quempiam
1922 4271 1992 4330 odio
2011 4270 2121 4330 babeat
2137 4287 2234 4348 posse
2251 4286 2300 4324 vo·

454 4424 468 4434 ,
484 4418 664 4430 ..a-——u-u

1297 4476 1415 4530 conteis
1431 4477 1612 4530 uttansttts

684 4585 712 4646 1)
729 4583 832 4636 mduret
869 4579 1117 4644 nuenarianae
1157 4580 1186 4641 a)
1208 4579 1314 4642 mtstery
1354 4580 1384 4644 1)
1407 4577 1481 4644 rapd'
1515 4579 1545 4641 5)
1561 4579 1596 4641 hy
1612 4577 1656 4642 dtr
1676 4576 1763 4630 Tatta
1781 4589 1879 4645 coepe.
1915 4577 1945 4639 a)
1962 4574 2004 4638 aly
2021 4576 2076 4638 atra
2096 4570 2182 4626 Tatta
2200 4580 2297 4635 saepe.

611 4653 642 4717 1)
660 4654 770 4716 mattam
789 4651 845 4704 siue
862 4650 946 4714 potius
964 4651 997 4701 ta
1008 4645 1110 4702 MSto.
1124 4645 1223 4700 oerbto
1239 4647 1346 4709 glottam
1362 4659 1415 4699 non
1434 4647 1560 4699 detrectat
1576 4647 1621 4698 tto
1640 4650 1708 4698 rant
1726 4647 1896 4714 supposita,
1916 4649 2027 4695 utnon
2044 4643 2164 4694 omnino
2186 4636 2299 4726 liquerat

586 4715 737 4784 ,adimat
756 4720 907 4770 contentia
924 4716 1147 4780 interseruerim
1165 4715 1218 4768 sed
1232 4731 1284 4768 rao
1297 4715 1510 4786 locopoautsre
1520 4711 1598 4766 mtlrt
1609 4712 1721 4766 otdeor.
1757 4710 2092 4779 analemmatorum.
2128 4705 2301 4804 whartmq

611 4790 644 4840 ta
664 4787 781 4851 expende
795 4788 931 4854 positum
943 4791 986 4838 est
997 4790 1009 4839 t
1019 4789 1053 4838 at
1064 4783 1211 4837 tttrartus
1220 4789 1320 4837 atrum
1334 4784 1499 4850 expendens
1510 4785 1621 4837 extende
1633 4784 1673 4833 stt
1685 4779 1712 4832 lc
1732 4779 1838 4835 endum
1851 4778 2003 4832 dobttorre
2016 4778 2161 4832 videatur.
2201 4776 2245 4836 10)
2265 4786 2281 4824 u

614 4857 660 4920 11)
678 4867 741 4908 uero
754 4894 760 4907 .
773 4894 796 4908 ..
815 4857 915 4908 animus
932 4851 1001 4908 MS.
1019 4857 1052 4907 ta
1068 4869 1167 4925 marg.
1176 4851 1295 4921 qatdem
1307 4850 1442 4912 exbibet,
1460 4849 1512 4902 red
1528 4849 1637 4902 lineola
1655 4795 1740 4901 reela
1754 4851 1894 4917 apposita
1905 4853 2009 4916 utpote
2020 4846 2175 4900 inmeante
2185 4848 2219 4896 at
2231 4853 2299 4894 aaa·

612 4927 710 5044 tranq
718 4925 900 5042 inreqpapcr.
921 4927 966 4988 11)
985 4924 1067 4978 scone
1085 4936 1189 4974 errore
1200 4917 1320 4974 scribae
1332 4933 1392 4990 pro
1410 4921 1483 4973 scole
1493 4940 1530 4965 =
1541 4921 1656 4972 Scbolae.
1675 4921 1720 4980 ta)
1737 4916 1812 4991 ²⁴³ss
1823 4918 1943 4970 affectum
1963 4919 1995 4968 tn
2009 4915 2070 4984 fine
2086 4914 2182 4967 tineae
2198 4920 2302 4963 errore

613 4996 785 5062 reportare
824 5004 839 5043 a
860 5004 904 5043 et·

1206 5175 1354 5229 llllll'ltllllS
1370 5175 1519 5228 ratnctrts
1536 5175 1716 5228 ntvfflsttts.

687 5281 715 5338 a)
734 5279 803 5332 Sicut
814 5319 822 5332 .
833 5317 859 5332 ..
876 5277 935 5341 etc]
959 5278 1029 5331 Prot
1045 5279 1079 5331 ad
1095 5281 1138 5332 Ito.
1156 5281 1196 5332 111.
1214 5277 1337 5341 Quoniam
1354 5291 1387 5330 er
1404 5280 1468 5341 ipso,
1486 5281 1512 5328 et
1529 5278 1555 5329 ln
1572 5276 1627 5340 ipso
1646 5277 1704 5342 etc]
1739 5277 1768 5340 b)
1792 5278 1833 5331 Sic
1844 5315 1850 5329 .
1863 5314 1888 5329 ..
1916 5273 2050 5339 poputum]
2074 5283 2132 5323 om·
2155 5266 2207 5319 rad
2229 5263 2298 5318 add

616 5348 654 5398 td
672 5346 748 5408 Ephe.
821 5348 1038 5411 mansurumque
1056 5358 1144 5409 regno.
1192 5339 1322 5412 Vidfot.
1341 5349 1365 5406 7,
1383 5360 1410 5398 a.
1428 5347 1468 5398 tt.
1485 5371 1518 5381 -
1534 5343 1589 5413 fot.
1609 5347 1634 5408 7,
1652 5341 1679 5396 b.
1702 5346 1740 5398 17.
1782 5346 1809 5408 c)
1827 5346 1922 5399 stc...
1940 5343 1984 5406 eo]
2000 5343 2108 5395 mnan
2125 5337 2152 5390 tn
2167 5336 2300 5401 primore·

613 5425 732 5478 anorum,
756 5426 810 5478 cap.
826 5417 855 5468 a
872 5415 935 5468 abitt
951 5426 1009 5468 cum
1026 5415 1102 5467 saule
1131 5415 1160 5478 d)
1178 5415 1242 5468 deus
1261 5413 1357 5477 corda]
1374 5415 1452 5466 corda
1470 5415 1543 5469 deno.
1569 5414 1601 5473 e)
1619 5413 1659 5466 stc
1728 5414 1791 5477 non]
1808 5415 1836 5466 ln
1853 5413 1928 5466 tertto
1945 5419 2096 5471 menarum,
2119 5403 2230 5468 “tt-¹1¹·
2247 5413 2300 5455 Μ

614 5481 802 5548 terto]
1009 5483 1294 5615 rumora.
1322 5486 1354 5602 ν.
1370 5477 1794 5620 semema-m·
1807 5484 1877 5602 a
1888 5469 2299 5616 enarratam

613 5556 721 5682 11111
738 5553 1026 5672 mffl'ttft‘a
1047 5564 1104 5684 qt,
1122 5619 1265 5683 arom
1281 5565 1448 5676 ..1.111...
