5859 6734
458 706 523 773 413
901 706 926 768 Ι.
947 700 1049 770 Loci
1070 700 1344 769 metonomice
1366 698 1405 766 G.
1428 698 1640 767 SECUNDA
1660 699 1816 769 EORUM
1838 701 1995 768 AETAS.
2383 710 2449 776 tlt

458 893 632 967 decorum,
652 890 719 956 hoc
739 902 809 969 est,
829 902 878 968 ut,
895 893 924 954 si
943 891 1016 974 quis
1037 908 1104 953 non
1203 890 1229 952 it
1250 888 1428 964 continere,
1470 907 1537 953 non
1555 899 1633 953 sunt
1677 888 1826 951 rebritee.
1869 885 1931 951 Est
1941 899 2051 953 eutem
2067 885 2135 967 lex,
2157 901 2193 954 ut
2204 909 2307 975 supre
2323 894 2446 960 dicmm

458 978 569 1078 potius
587 977 685 1079 ducet
701 994 848 1051 uxoren,
865 993 907 1077 ne
929 975 973 1037 sit
988 984 1085 1038 eutor
1136 974 1240 1039 ‘curius
1255 970 1360 1054 turpis
1373 988 1428 1033 ex·
1470 982 1540 1050 est,
1567 908 1718 1099 acutulus
1740 972 1913 1075 requirens
1932 970 2114 1074 perlectum
2141 976 2361 1041 obedientium
2381 998 2446 1077 ⁰l⁸¹

460 1052 1429 1220 mittitisttitis‘itttiitmliitt
1469 1058 2446 1227 itt,litttttitttffitttttittttit:

460 1240 522 1306 est,
543 1228 649 1311 magis
666 1238 819 1330 yersetur
841 1227 1067 1330 indiscendo,
1091 1222 1253 1326 docendo,
1278 1242 1358 1287 cure
1381 1233 1429 1287 et·
1469 1224 1523 1286 sit.
1565 1222 1609 1286 Et
1630 1243 1718 1307 quen
1738 1244 1816 1326 uem
1847 1220 1948 1325 hebet
1968 1224 2223 1327 promissiones,
2249 1238 2360 1293 temen
2379 1226 2444 1295 bue

459 1306 1429 1480 bttititttmttitttittittttffiitit
1470 1309 1693 1477 timii?
1703 1304 2444 1475 ,titttttltilttttdttitittt

460 1478 527 1545 Sed
549 1480 625 1563 quie
645 1499 712 1543 non
735 1498 849 1543 omnes
867 1488 945 1541 sunt
960 1478 1083 1561 puriter
1099 1476 1209 1540 idonei
1226 1474 1270 1538 ed
1286 1474 1429 1539 ceelibe·
1471 1496 1491 1539 o
1535 1476 1645 1554 ribus,
1676 1486 1786 1539 temen
1819 1476 1963 1540 continet
2000 1478 2254 1561 promissionem
2293 1477 2444 1549 beneficii

459 1574 539 1640 tum,
560 1563 739 1647 prudenter
755 1573 877 1641 monet,
894 1581 938 1627 ne
955 1560 1034 1645 quid
1049 1559 1209 1625 iecimnu's
1227 1560 1428 1625 indecorum.
1539 1561 1547 1578 ⁰
1580 1562 1602 1638 i,
1619 1578 1704 1643 quee
1724 1569 1777 1624 est
1796 1561 1932 1643 proprie
1949 1571 1984 1624 et
2002 1563 2181 1645 praecipue
2195 1560 2370 1651 Evangelii
2385 1564 2443 1629 do·

459 1646 510 1711 Ex
530 1647 585 1711 his
607 1667 650 1731 ep
673 1659 744 1711 eret
772 1659 806 1711 et
830 1649 905 1712 coni
952 1647 1016 1709 ’nm
1042 1666 1084 1729 ep
1107 1644 1235 1722 roberi,
1260 1654 1293 1707 et
1319 1656 1429 1708 temen
1471 1645 1578 1709 ctrine
1605 1654 1639 1707 et
1664 1644 1870 1730 emungendo
1895 1664 1916 1707 e
1942 1642 2036 1731 legen
2063 1648 2167 1731 gretis
2195 1649 2282 1713 enim
2309 1650 2444 1713 remittit

460 1733 531 1795 duri
559 1669 733 1796 consilium
759 1733 801 1795 de
824 1734 1019 1817 virgimtete.
1105 1738 1221 1814 pperet
1241 1730 1335 1806 item,
1363 1747 1429 1812 quo
1469 1739 1621 1811 peccetis
1653 1738 1687 1791 et
1705 1729 1896 1813 pronuntiet
1914 1748 1983 1793 nos·
1998 1731 2117 1807 iustus,
2139 1733 2265 1797 etamsi
2285 1730 2355 1819 legi
2374 1752 2444 1797 non

459 1815 525 1880 line
545 1812 698 1881 leudetur
713 1818 901 1903 virginitas,
922 1812 1094 1892 videlicet,
1119 1832 1187 1877 nou
1207 1823 1244 1877 ut
1264 1824 1431 1878 mercetur
1469 1809 1702 1878 mtisiecimus.
1756 1811 1931 1884 Quomodo
1964 1824 2074 1877 eutem
2092 1814 2185 1879 .heec
2217 1818 2442 1883 consentient:

459 1901 903 1983 reruissionempeccetorum
913 1912 971 1965 eut
981 1896 1256 1974 testificationem,
1268 1899 1330 1963 sed
1341 1898 1431 1981 quod
1471 1897 1562 1982 quod
1581 1893 1799 1982 Evuugelium
1819 1898 1944 1980 per-iter
1970 1900 2013 1963 de
2039 1900 2241 1982 poenitentis
2267 1903 2442 1967 concione-

459 1985 503 2049 sit
523 2003 544 2048 o
567 2003 608 2049 us
626 1986 747 2049 boumn
769 1995 803 2049 et
822 1986 865 2051 ed
883 1986 1003 2060 studie,
1020 1984 1230 2067 precationes
1247 1991 1281 2047 et
1300 1982 1344 2047 ed
1361 2000 1431 2047 ser·
1470 1992 1525 2047 tur
1537 1983 1594 2065 ⁶⁴).
1606 1991 1640 2045 et
1656 1979 1749 2067 lege,
1768 1992 1801 2045 et
1816 1993 1928 2047 temen
1943 1984 2119 2066 promissio
2136 1985 2180 2049 sit
2196 1987 2351 2069 gntnite,
2374 1997 2442 2051 ste·

458 2006 612 2135 naulum
627 2066 801 2135 Ecclesiae
821 2068 910 2135 utile.
955 2068 1070 2152 lteque
1091 2062 1235 2132 ceelibes
1258 2062 1430 2149 explorent
1470 2068 1527 2130 tim
1551 2083 1765 2148 exponemus.
1813 2064 1913 2131 Prius
1937 2069 2023 2131 euim
2045 2070 2230 2133 mouendus
2251 2081 2303 2134 est
2324 2068 2441 2148 lector,

460 2172 540 2219 sues
557 2155 659 2232 vires,
677 2164 711 2219 et
728 2153 902 2239 diligenter
920 2155 1139 2228 connituntur,
1156 2161 1192 2215 ut
1208 2170 1289 2233 pure
1306 2151 1429 2217 duent
1469 2160 1507 2214 ut
1537 2150 1713 2215 discrimn
1738 2152 1991 2233 pmmbsionum
2019 2152 2192 2227 observem
2222 2152 2325 2219 hebet
2356 2156 2443 2219 enim

458 2236 509 2302 Ee
528 2239 634 2303 virtus
651 2235 754 2303 lrebet
773 2240 871 2303 etiem
893 2258 956 2301 sue
970 2236 1125 2319 preernie·
1166 2230 1357 2309 Nomados
1372 2234 1429 2299 do
1472 2234 1543 2298 Lex
1581 2234 1808 2299 romiseionee.

455 2338 500 2426 3¹⁰
528 2322 698 2469 Ἧιίῗὲξ
722 2322 1042 2471 ῑῃωῐᾱωῠὲψῑῳῑ
1062 2322 1106 2395 ee)
1139 2319 1239 2421 otium
1260 2329 1295 2383 et
1313 2316 1428 2469 Ἥ
1470 2370 1506 2421 ⁸.
1592 2404 1600 2422 ι
1637 2317 2182 2477 ,ειξὶοιιὲἱίιιιὼεαῆᾱιρυὲίξωοεεο
2204 2324 2441 2472 Ξὲἓιιιὶοιίῗιιῳ

455 2407 686 2555 ludt‘gudendus,
698 2406 1054 2562 &Qulstugronluerlntla
1069 2414 1119 2551 iilt
1131 2422 1283 2555 ‘effi
1311 2414 1428 2581 {nne
1468 2412 1897 2552 ssffifflnffiossm
1925 2416 2218 2575 legimnlroscmetst,
2246 2416 2442 2557 eltllilteuetlll

454 2571 787 2727 &tuditi
805 2570 1327 2740 mmmmm
1383 2590 1427 2721 „i
1467 2569 2440 2743 tet‘titti‘titttiirtdltttit‘tixtttt

454 2744 628 2809 universes
657 2702 876 2828 respublicas.
901 2740 1014 2807 ¹Sicut
1039 2728 1178 2813 testetur
1204 2739 1426 2817 momorum
1467 2744 1530 2807 sed
1550 2740 1605 2806 luis
1626 2743 1688 2826 qui·
1703 2751 1782 2807 sunt
1802 2742 1874 2806 sine
1939 2754 2046 2809 coeto.
2089 2743 2180 2809 idem
2200 2744 2301 2811 docet
2327 2756 2362 2811 et
2380 2745 2439 2811 hu·

454 2825 594 2893 historie
615 2824 750 2903 [Gener.
775 2826 851 2908 19.].
893 2824 974 2893 item
992 2820 1091 2895 Deus.
1108 2822 1345 2909 inquit-[litut
1368 2826 1425 2907 bl,
1466 2846 1565 2891 mene
1594 2828 1696 2906 retio,
1709 2870 1712 2875 -
1726 2826 1828 2893 hebet
1859 2846 1946 2893 euru
1976 2829 2069 2893 retio-
2087 2828 2277 2913 Ιιιιιιιιιιίιιιι·
2294 2830 2440 2899 murem

455 2910 714 2979 secedamus
747 2909 938 2977 deleturum·
957 2928 1042 2975 esse
1066 2909 1425 2997 propterregrsiibi-
1465 2906 1563 2997 legis.
1617 2910 1679 2977 llic
1711 2912 1850 2995 seipse
1887 2914 2028 2997 quisque
2053 2911 2221 2993 meatim,
2259 2912 2440 3001 deprem-

455 2998 559 3061 diues.
599 2992 694 3065 fluet
715 2998 812 3061 etiem
833 2992 997 3080 elegatur
1018 3013 1141 3065 ceusse
1157 2990 1269 3063 diluvii
1288 2992 1424 3073 [lienes.
1465 2996 1523 3060 det
1539 2998 1627 3062 enim
1646 2993 1839 3063 retruditur
1859 3016 1898 3061 se
1918 2998 1965 3063 ite
1992 2996 2140 3063 indicere
2157 2998 2210 3063 ‘de
2229 2998 2323 3079 ileo,
2349 3000 2440 3085 quod

453 3079 509 3163 6.].
560 3078 617 3145 Et.
633 3076 757 3147 Peuhs
771 3094 773 3101 ·
789 3078 957 3181 sipiificet
988 3076 1159 3159 libidinum
1187 3098 1314 3161 poenes
1342 3098 1424 3155 esse
1465 3082 1509 3145 sit
1529 3083 1738 3157 misericoret
1759 3082 1822 3147 sed
1841 3092 1969 3147 tuntum
1986 3079 2195 3167 dignis-boc
2211 3092 2276 3163 est,
2295 3080 2380 3163 bie„

454 3165 644 3247 munitatem,
665 3174 699 3229 et
719 3174 910 3241 ementium,
931 3182 992 3229 seu
1012 3160 1180 3231 centulum
1201 3164 1423 3241 securitetem
1465 3174 1542 3229 sunt
1561 3166 1808 3247 sinepecoetot.
1820 3184 1885 3231 nec
1900 3176 2012 3247 potest
2027 3174 2175 3231 etetuem
2190 3184 2231 3229 se
2246 3166 2364 3249 ipsum·-

453 3247 574 3333 liplres.
600 3250 633 3313 i
661 3253 727 3329 [vs.
758 3248 823 3330 lit]
849 3249 905 3313 ubi
925 3248 1043 3330 inquitr
1069 3246 1146 3319 ,Qui
1164 3266 1242 3313 curu
1260 3245 1425 3323 dedoltris·
1465 3267 1545 3313 cere
1558 3247 1658 3325 lieo,
1679 3266 1755 3313 cum
1775 3250 1820 3313 sit
1839 3249 1994 3335 indignus
2016 3250 2264 3317 etimmundue.
2285 3250 2366 3319 lte.

452 3345 553 3413 seut,=
569 3333 770 3399 tredidenmt
790 3353 829 3397 se
853 3330 1080 3416 impudicitiee.
1095 3386 1098 3393 .
1114 3330 1187 3395 llic
1208 3332 1294 3395 enim
1314 3332 1425 3395 tribuit
1466 3342 1500 3395 et
1518 3332 1756 3416 promissiones
1771 3329 1868 3417 legis,
1888 3346 1967 3397 cum
1982 3330 2048 3397 siut
2069 3330 2320 3415 conditioueles,
2339 3332 2437 3403 relin-

452 3416 623 3505 impudicis
644 3428 813 3519 stuporem
834 3434 896 3479 seu
916 3414 1105 3490 uiuentium,
1125 3432 1194 3515 flue
1214 3415 1323 3487 securi
1344 3434 1424 3517 eun-
1465 3426 1570 3501 quunt
1590 3416 1866 3520 conscientiam
1886 3416 2098 3483 dubitetioue.
2179 3462 2182 3467 -
2221 3472 2225 3487 .
2325 3480 2330 3489 ,

453 3512 606 3651 iffi
629 3498 1216 3665 ffiss‘rffiqffcffll't’
1238 3508 1425 3663 iiiiii?
1463 3498 2436 3673 muculenffslfflmugussllffipffmllmqlless:

454 3672 585 3747 nicetio,
607 3670 718 3733 viuum
739 3677 773 3731 et
794 3667 937 3732 ebrietes
958 3662 1110 3733 ecferunt
1132 3684 1203 3739 cor·
1360 3712 1373 3735 .,
1464 3689 1533 3733 non
1558 3671 1716 3752 promittit
1741 3680 1888 3755 propter.
1905 3668 2071 3754 impletum
2097 3670 2130 3737 le
2212 3718 2231 3751 ,-
2249 3676 2311 3741 sed
2332 3678 2435 3763 gret&

538 3920 745 3989 Vocabulum
761 3916 933 4005 Evangelii
953 3928 1043 3983 extet
1063 3918 1097 3983 iu
1118 3904 1349 3985 vetustissimis
1366 3940 1423 3985 eu·
1464 3922 1592 4008 deque
1610 3918 1826 3989 concionetur
1841 3912 2018 4009 pluecipue
2038 3923 2266 4015 Evangelium.
2292 3926 2340 3993 Ut
2349 3932 2434 3997 enin

453 4006 579 4073 toribm
611 4006 753 4091 greecis.
812 4004 897 4069 Nem
928 4004 1016 4087 epud
1048 4002 1225 4070 Homerum
1250 4005 1285 4067 s'
1334 4002 1424 4069 ilicet
1462 4006 1547 4074 lreec
1564 4004 1725 4073 beneficis
1745 4018 1861 4073 essent
1879 4018 1987 4088 certe,
2008 4030 2077 4075 non
2092 4010 2239 4115 pendent
2259 4031 2302 4077 ex
2322 4014 2434 4079 condi·

453 4092 631 4176 proemium
636 4135 649 4168 ,
676 4090 766 4174 qnod
798 4090 894 4155 detur
919 4085 1011 4155 leetu¹
1034 4088 1203 4153 nuutienti.
1247 4088 1276 4152 0
1323 4108 1422 4155 sseee
1463 4094 1552 4158 tione
1572 4088 1727 4177 impletae
1743 4091 1841 4179 legis.
1868 4090 1905 4157 Si
1922 4096 2007 4159 enim
2022 4096 2228 4161 sentiendum
2238 4107 2339 4176 esset,
2354 4108 2434 4165 timo

452 4172 596 4257 itm,
609 4174 695 4255 152]
720 4172 885 4255 sinnam
900 4172 936 4237 tt
949 4198 1004 4253 μω
1023 4176 1109 4241 ἔστιν.
1131 4170 1175 4237 Et
1195 4174 1283 4256 epud
1344 4174 1422 4239 ‘to-
1463 4179 1594 4243 demum
1614 4196 1678 4243 nos
1699 4176 1823 4242 bebere
1847 4178 2072 4243 remissionem
2099 4182 2330 4263 peccatorum,
2357 4203 2434 4249 curu

452 4261 591 4345 phenem
624 4272 657 4325 et
677 4259 858 4329 lsocretem
885 4256 1038 4339 eiayytieo
1065 4256 1153 4323 eim
1179 4256 1342 4343 significet
1369 4279 1422 4323 se·
1462 4259 1531 4349 legi
1547 4259 1834 4339 satisfecissemus,
1851 4260 2060 4347 desperende
2076 4274 2168 4329 esset
2183 4266 2334 4330 remissio
2355 4285 2433 4349 pec·

453 4344 626 4422 orificium,
652 4345 742 4429 quod
768 4342 882 4422 fiebet,
909 4364 985 4407 cum
1014 4360 1069 4407 res
1091 4343 1176 4407 bene
1197 4362 1239 4407 ec
1259 4338 1422 4409 foeliciter
1462 4358 1622 4413 cetorum.
1665 4345 1744 4409 ideo
1765 4345 1870 4433 gretie
1886 4346 2050 4413 donentur
2065 4350 2217 4413 remissio
2234 4360 2269 4413 et
2282 4352 2433 4415 reconci-

513 4440 569 4495 tee
589 4430 831 4493 nuntiebentur.
869 4423 1023 4512 Apostoll
1045 4436 1244 4511 usurparunt
1264 4429 1358 4509 proi
1461 4428 1552 4495 lietio
1570 4450 1639 4495 seu.
1653 4428 1855 4508 iustificetio,
1874 4428 1942 4495 hoc
1963 4442 2028 4510 est,
2048 4452 2115 4495 non
2133 4453 2174 4516 pr
2231 4452 2270 4503 er
2284 4444 2433 4499 nostrum

453 4448 602 4580 ffieiicii
623 4514 877 4579 ennuntiatione.
920 4510 964 4575 Et
984 4509 1045 4577 luit
1066 4531 1151 4595 opus
1172 4532 1260 4578 nove
1277 4532 1341 4595 app
1381 4584 1383 4589 ,
1462 4516 1662 4600 dignitatem.
1692 4513 1747 4579 .Et
1774 4525 1883 4579 temen
1904 4535 1926 4579 o
1971 4518 2048 4581 rtuit
2068 4534 2147 4581 esse
2204 4516 2318 4601 ‘quem
2339 4518 2431 4583 victi·

452 4600 551 4678 tione,
573 4610 610 4665 ut
631 4600 804 4663 discrimen
828 4599 912 4663 inter
934 4596 1042 4683 legem
1059 4608 1094 4663 et
1112 4595 1199 4661 benc
1220 4616 1342 4661 novem
1363 4598 1421 4663 do·
1461 4620 1547 4663 mum
1568 4616 1629 4683 pro
1650 4598 1758 4664 nobis.
1800 4599 1879 4664 ldeo
1908 4597 1937 4665 (i
1978 4603 2061 4667 'itte
2081 4602 2224 4667 donatus
2250 4611 2303 4665 est
2322 4603 2431 4681 nobis,

453 4686 588 4751 ctrlrrem
611 4694 703 4747 esset
722 4684 895 4766 insignius.
937 4681 1081 4747 Primum
1102 4681 1201 4766 igitur
1221 4700 1340 4765 megno
1401 4702 1420 4749 e
1462 4694 1497 4748 et
1512 4681 1621 4749 iecnrs
1643 4694 1695 4748 est
1715 4682 1836 4761 hostie,
1858 4694 1896 4749 ut
1916 4692 2051 4769 propter
2064 4686 2286 4770 ipsum-certo
2309 4696 2430 4753 stutue-

453 4781 506 4834 est
530 4769 758 4845 considerere,
785 4768 863 4850 quid
886 4768 971 4833 inter
999 4766 1122 4851 Legem
1148 4778 1181 4830 et
1205 4765 1342 4850 Evenge
1357 4768 1421 4831 ium
1461 4787 1536 4835 mus
1552 4786 1617 4832 nos
1633 4765 1766 4850 plecere
1786 4766 1888 4833 Petri.
2310 4812 2316 4821 -

453 4855 590 4919 intersit.
633 4853 704 4916 Nec
727 4851 878 4935 fingimus
898 4852 954 4918 hic
977 4854 1102 4917 otiosus
1124 4862 1180 4917 eut
1201 4863 1337 4937 ergutes
1355 4873 1421 4917 me·
1545 4851 1607 4919 Est
1623 4853 1734 4937 ireque
1749 4853 1833 4919 lieec
1843 4851 2045 4938 Evengelice
2054 4854 2229 4939 promissio
2240 4853 2429 4921 reconcilie-

453 4941 503 5023 gis
536 4959 634 5023 quern
667 4939 876 5003 necessarias
909 4938 1144 5002 distinctiones·
1206 4934 1305 5001 Certe
1336 4938 1421 5002 euim
1461 4939 1559 5003 tionis
1575 4934 1730 5024 legalium
1747 4936 1924 5015 dissimilis,
1968 4939 2024 5004 uie
2041 4940 2144 5023 gretie
2160 4936 2336 5022 pollicetur
2375 4961 2428 5003 ro·

453 5043 591 5089 necesse
630 5036 698 5113 est,
735 5022 879 5085 discerni
915 5033 1093 5104 praecepte
1129 5030 1163 5083 et
1193 5021 1420 5086 remissionem
1461 5035 1537 5107 pter
1559 5020 1738 5089 Christum.
1786 5021 1931 5108 ideoque
1987 5020 2083 5087 eulus
2110 5023 2197 5091 heuc
2222 4962 2428 5110 perticulam

453 5122 680 5190 peccatorum,
722 5108 863 5171 discerni
901 5117 1078 5189 praecepte
1110 5116 1143 5170 et
1173 5108 1421 5189 promissiones,
1463 5111 1612 5183 tntmssi)
1629 5110 1726 5173 nobis
1743 5103 1916 5193 diligenter
1932 5118 1967 5171 et
1982 5128 2083 5193 seepe
2099 5106 2260 5185 inculcet3
2277 5122 2312 5174 ut
2333 5106 2427 5173 Rom.

453 5196 527 5257 item
543 5192 792 5276 promissionem
809 5192 983 5278 gratuitum
994 5211 1015 5253 e
1031 5192 1314 5273 promissionibus,
1336 5212 1420 5276 quee

1461 5345 1506 5403 63)
1523 5358 1587 5407 erge
1602 5347 1691 5409 iteum,
1709 5342 1822 5397 adrium
1840 5346 1912 5399 editt
1930 5346 1954 5393 t.
1973 5348 1997 5395 e.
2017 5347 2123 5396 11-14.
2141 5352 2169 5399 et
2184 5348 2245 5411 opp.

453 5446 499 5512 er)
517 5448 636 5512 mmmm
656 5448 730 5500 ertu.
749 5448 773 5495 ι.
791 5449 814 5499 s.
830 5447 937 5494 11-14.
957 5450 984 5498 et
1000 5446 1073 5509 ope:
1091 5445 1210 5507 metten
1406 5458 1408 5463 ·
1461 5412 1509 5478 ⁶⁴)
1528 5414 1889 5535 ῗῃξῑθξξζᾞῃῇᾗξῠαῑῖ·
1908 5415 1933 5463 ⁸·
1955 5414 2061 5464 ¹¹·¹‘¹·
2080 5418 2107 5467 ‘³‘
2124 5417 2198 5479 ⁰⁹⁹⁴
2217 5415 2289 5468 ΕΜ
2309 5413 2331 5461 ¹·
2344 5416 2428 5462 Μ’·

453 5548 498 5609 ee)
516 5547 632 5613 nitunt}
649 5548 722 5601 tritt
741 5549 764 5596 r.
784 5550 806 5597 e.
829 5550 935 5597 11-14.
953 5551 980 5599 et
997 5548 1065 5612 opp:
1082 5548 1217 5599 innuunt
1438 5594 1443 5615 ,
1462 5548 1509 5610 et)
1526 5550 1616 5613 unm,
1634 5547 1748 5601 adeam
1765 5548 1837 5602 tunt
1856 5550 1880 5600 ι.
1897 5546 1922 5602 s.
1943 5551 2049 5600 n-re
2067 5554 2093 5602 et
2110 5550 2171 5613 opp.
