5859 6734
464 703 528 771 τοι
1091 693 1832 764 ramsmnscmrmnoenanca
2398 655 2463 772 ros

469 886 700 956 subliomanis
735 883 927 967 rincipibus,
944 894 982 949 ut
996 884 1059 947 sub
1076 884 1193 947 Marco
1214 882 1439 960 Antonino⁹⁴J
1482 884 1658 1031 puniantur
1685 885 1858 967 utriusque
1889 883 1993 967 partis
2025 882 2164 949 scelera.
2209 883 2303 950 Sicut
2336 884 2459 955 hellam

468 973 534 1040 lide
553 970 688 1037 militum
727 969 961 1033 hristianorum
971 988 1091 1053 magna
1111 969 1251 1033 victoria
1270 979 1367 1051 parte
1388 978 1441 1032 est
1512 964 1812 1051 eloponnesiacum,
1834 969 1923 1052 quod
1944 965 2004 1032 fuit
2027 968 2201 1033 exitiosum
2212 973 2271 1033 toti
2283 967 2458 1051 Graeciae,

468 1060 502 1122 in
523 1057 718 1122 Pannoniis:
747 1056 824 1139 quia
850 1053 925 1117 finis
947 1053 1079 1118 militiae
1101 1063 1172 1118 erat
1192 1051 1369 1117 honestum
1390 1071 1441 1116 re·
1484 1072 1526 1118 ex
1546 1051 1723 1116 levissimis
1746 1055 1876 1117 caussis
1893 1065 2000 1117 ortum
2017 1064 2079 1131 est,
2102 1073 2202 1118 caeso
2215 1055 2459 1137 quodamluco,

445 1145 579 1230 ‚gluten
599 1138 778 1226 politicmn.
823 1138 890 1203 Sed
913 1158 980 1202 non
1000 1137 1080 1202 licet
1100 1137 1241 1203 militare
1263 1157 1339 1202 cum
1359 1136 1440 1201 Tur·
1485 1139 1539 1222 qui
1561 1137 1678 1201 ritihtm
1699 1136 1846 1202 Ethnicis
1875 1136 2059 1202 habebatur
2086 1158 2147 1219 pro
2176 1152 2394 1220 consecrato,
2428 1154 2460 1206 et

467 1230 549 1305 cis,
569 1247 707 1310 qnorum
733 1224 807 1288 linis
835 1235 974 1288 estnon
995 1225 1142 1309 regimen
1159 1221 1346 1308 politicum,
1379 1222 1441 1286 sed
1484 1222 1574 1308 quod
1595 1220 1744 1287 Pericles
1766 1223 1979 1286 incanduerat
2000 1224 2159 1286 conviciis
2182 1222 2350 1304 offensus,
2373 1245 2461 1311 quac

467 1309 672 1376 confirmatio
696 1320 729 1375 et
756 1310 951 1394 propagatio
979 1305 1081 1395 legis,
1114 1329 1213 1393 quam
1234 1306 1441 1391 profitentur.
1485 1318 1582 1372 erant
1602 1307 1691 1371 dicta
1711 1307 1746 1370 in
1767 1306 1955 1389 Aspasiam.
1998 1307 2071 1370 Nec
2092 1327 2253 1372 summum
2273 1309 2337 1387 ius,
2363 1331 2460 1395 prae·

468 1397 666 1462 Servitutem
686 1397 755 1479 pati
777 1391 973 1459 Christianis
994 1391 1090 1471 licet,
1117 1414 1183 1459 una
1204 1390 1345 1458 militare
1366 1412 1442 1458 cum
1485 1392 1600 1457 sertim
1615 1392 1650 1455 ln
1668 1412 1789 1456 caussa
1799 1390 1879 1468 levi,
1901 1393 1983 1455 satis
1997 1393 2084 1457 iusta
2095 1403 2280 1458 caussaest
2296 1391 2461 1460 inferendi

467 1479 585 1545 'furcis
615 1499 681 1544 non
705 1477 799 1543 licet:
824 1479 901 1562 quia
923 1475 1012 1543 clare
1032 1480 1139 1564 inquit
1160 1489 1272 1545 textus
1296 1475 1398 1557 [Dan.
1409 1477 1441 1555 7,
1485 1473 1576 1556 belli,
1599 1477 1686 1541 sicut
1707 1477 1839 1542 dicitur:
1868 1476 1977 1559 Saepe
1999 1497 2161 1540 summum
2182 1479 2237 1544 ius.
2257 1498 2381 1544 summa
2402 1492 2462 1545 est

469 1563 555 1645 254:
577 1564 722 1630 Sanctus
743 1563 807 1628 Dei
831 1574 990 1630 conteret.
1484 1561 1612 1628 iniuria.
1656 1561 1724 1626 Sed
1751 1562 1889 1626 accedat
1913 1562 2081 1645 aequitas,
2109 1582 2212 1646 quae,
2239 1564 2365 1628 etiamsi
2390 1584 2462 1648 qua

1485 1647 1599 1712 incidit
1630 1645 1785 1724 offensio,
1817 1658 1928 1710 mmen
1956 1648 2066 1728 potius
2099 1666 2219 1710 sanare
2251 1668 2323 1712 eam
2355 1661 2462 1725 curet,

687 1765 890 1840 cenum
911 1763 1221 1832 rumenam.
1487 1744 1749 1897 efflabit,
1762 1733 2226 1881 tdi‘sftbt'ftbssttib
2247 1732 2463 1899 2¹¹2.ssth

836 1903 915 1968 Non
937 1903 1084 1969 occides.
1134 1901 1137 1906 ’
1488 1913 1522 1967 et
1544 1904 1652 1966 sciant
1673 1903 1913 1987 gubernatores
1934 1898 2021 1964 bella
2042 1902 2164 1964 debere
2185 1920 2262 1964 esse
2284 1904 2463 1968 vindictam

1488 1987 1643 2064 divinam,
1664 2007 1732 2050 non
1750 1988 1872 2050 debere
1894 1988 2021 2049 servire
2037 1984 2197 2050 humanae
2215 1987 2385 2068 cupiditati
2407 2002 2462 2053 aut

555 2075 713 2140 Prohibet
732 2093 798 2138 non
814 2070 923 2138 solum
939 2084 1094 2137 externas
1115 2090 1291 2153 corporum
1307 2070 1443 2140 iniurias
1488 2073 1682 2138 temerariae
1702 2071 1903 2134 iracundiae.
1947 2070 2040 2135 Sicut
2062 2071 2106 2134 ait
2129 2069 2263 2155 Abigail
2287 2073 2330 2135 ad
2353 2072 2464 2138 David

469 2172 503 2225 et
524 2162 682 2245 privatam
705 2159 881 2223 vindictam
903 2168 1090 2235 externam,
1120 2155 1181 2220 sed
1203 2157 1299 2219 etiam
1319 2157 1354 2219 in
1374 2155 1443 2219 ani·
1490 2155 1796 2244 [l.Sam.25,28.]t
1810 2155 1895 2228 Quia
1910 2154 2176 2237 praeliaDomini
2187 2155 2376 2239 praeliaris
2397 2179 2463 2223 non

467 2246 532 2312 mis
550 2241 828 2320 malevolentiam,
851 2243 938 2321 odia,
959 2241 1181 2318 invidentiam,
1225 2240 1365 2306 rivetam
1387 2260 1442 2304 cu·
1486 2243 1672 2309 inveniatur
1699 2242 1734 2304 in
1760 2251 1792 2304 te
1814 2236 1944 2304 malum

490 2331 637 2396 idltatem
664 2329 837 2404 vindictae.
887 2326 981 2393 Sicut
1009 2324 1162 2391 Christus
1190 2344 1210 2389 c
1309 2335 1443 2390 enarrat

467 2353 536 2479 Eoo
566 2424 779 2499 praeceptum
810 2410 929 2477 Matth.
954 2410 986 2475 ὖ.
1021 2414 1105 2488 [ws-
1126 2410 1167 2473 21
1197 2418 1263 2495 Sq·]
1294 2408 1442 2474 Eoontra
1710 2441 1772 2508 DE
1795 2441 1939 2508 SEXTO
1962 2441 2234 2507 PRAECEpTO·

470 2519 551 2566 vero
576 2495 721 2582 postulat
748 2518 785 2562 er
856 2515 971 2560 omnes
997 2495 1147 2561 homines
1168 2493 1442 2573 benevolentiam,

470 2584 737 2659 misericordiam,
759 2601 799 2645 ae
812 2603 877 2660 um,
899 2582 1077 2646 candorem
1094 2581 1282 2665 oppositum
1298 2576 1442 2644 malevo-
1805 2579 1880 2643 Non
1902 2577 2143 2644 moechaberis.

469 2667 602 2744 lamiae,
618 2666 910 2744 mansuetudinem,
926 2667 1125 2750 patientiam,
1138 2667 1346 2750 aequitatem,
1357 2684 1443 2748 quae

471 2754 605 2818 remittit
632 2749 754 2835 aliquid
781 2751 977 2815 desummo
1004 2752 1074 2815 iure
1094 2762 1231 2834 propter
1250 2746 1442 2834 probabiles
1572 2748 1694 2835 lugens
1728 2760 1780 2813 est
1813 2746 1964 2814 confusio
1993 2747 2126 2833 publica
2155 2752 2279 2816 ordinis
2309 2754 2462 2819 divinitus

472 2855 631 2914 caussas,
652 2833 805 2901 videlicet
826 2847 863 2900 ut
879 2831 1048 2900 sanabiles
1069 2847 1268 2900 revocentur
1288 2836 1323 2898 in
1343 2836 1443 2910 viarm
1488 2834 1628 2913 instituti
1654 2836 1688 2898 in
1715 2834 1781 2898 hoc
1809 2847 2004 2919 praecepto,
2058 2855 2135 2898 nam
2156 2836 2323 2919 prohiberi
2346 2858 2463 2904 omnes

472 2921 564 2999 Item,
585 2921 636 2985 Ne
657 2940 698 2985 ex
720 2920 856 3005 privatis
879 2919 1054 2984 discordiis
1077 2916 1443 3003 orianturpublicadis·
1488 2917 1686 3003 intelligunt.
1721 2918 1843 2982 ·Addit
1880 2932 1990 2985 autem
2028 2856 2182 2984 ghristus
2221 2924 2463 2990 enarrationem

468 3006 574 3088 pidia3
602 3006 679 3090 quia
701 3007 743 3069 de
763 3007 901 3088 privatis
923 3003 1161 3075 offensionibus
1182 3006 1306 3068 scimus
1328 3021 1445 3068 severe
1488 3001 1605 3066 Matth.
1623 3004 1655 3067 5.
1687 3009 1769 3080 [vss.
1786 3004 1829 3067 27
1851 3011 1929 3086 sq.],
1951 3024 2037 3088 quae
2059 3006 2220 3083 ostendit,
2248 3027 2314 3071 non
2337 3019 2464 3074 tantum

471 3103 684 3175 praeceptum
706 3110 783 3156 esse
804 3090 900 3169 [Luc.
921 3088 955 3168 6,
972 3090 1061 3170 37.]:
1084 3088 1261 3166 Rcrrrittitc,
1283 3100 1316 3153 et
1336 3089 1445 3152 remit·
1489 3100 1624 3151 externa
1652 3084 1771 3151 delicta
1791 3087 1979 3170 prohiberi,
2012 3090 2192 3153 sedetiam
2212 3112 2348 3175 pravam
2371 3090 2463 3158 ineli-

473 3185 562 3240 tetur
577 3176 686 3240 vobis.
718 3173 814 3250 Item:
832 3174 986 3240 Vindicta
1008 3193 1074 3239 non
1098 3185 1150 3238 est
1171 3193 1226 3237 res
1247 3173 1366 3256 privati
1386 3174 1444 3236 im·
1488 3173 1654 3236 nationem
1686 3182 1718 3236 et
1740 3192 1846 3258 vagos
1868 3193 1909 3236 ac
1928 3186 2078 3238 errantes
2107 3185 2215 3239 motus
2246 3187 2362 3240 contra
2398 3177 2464 3243 hoc

472 3271 586 3344 petus,
607 3261 669 3324 sed
689 3258 783 3324 Deus
805 3279 878 3326 eam
894 3261 958 3338 sibi
980 3257 1118 3343 relinqui
1140 3258 1302 3343 postulat,
1324 3269 1358 3322 et
1378 3276 1462 3322 men
1488 3269 1710 3342 praeceptum.
1739 3256 1784 3322 Ut
1803 3270 1912 3323 autem
1929 3278 2030 3341 snpra
2048 3260 2169 3325 dictum
2185 3270 2246 3337 cst,
2290 3258 2464 3327 cohibitio·

472 3355 525 3409 tas
547 3346 813 3428 circumscripsit.
845 3344 924 3409 ldeo
946 3346 1051 3429 inquit
1072 3343 1181 3424 [Rom.
1194 3344 1246 3422 12,
1259 3342 1342 3425 19.]:
1364 3341 1445 3408 Mihi
1488 3344 1585 3406 nibus
1617 3341 1740 3407 includi
1772 3345 1932 3445 quasdam
1964 3340 2220 3419 affirmationem
2272 3356 2307 3408 ta
2340 3358 2376 3410 et
2408 3347 2463 3413 hic

473 3429 660 3495 vindictam.
710 3427 851 3495 Constat
876 3441 1003 3508 autem,
1037 3439 1178 3514 quantos
1207 3440 1315 3493 motus
1342 3447 1444 3510 saepe
1483 3428 1652 3492 ¹observes
1673 3429 1797 3493 sanciri
1818 3440 1852 3493 et
1873 3428 2061 3493 confirmari
2071 3427 2250 3514 legitimum
2261 3432 2461 3517 coniugium:

474 3515 596 3580 excitet
611 3515 741 3599 privata
758 3514 919 3598 cupiditas
940 3514 1116 3579 vindictae.
1155 3511 1267 3585 Quare
1289 3525 1322 3579 et
1338 3513 1445 3576 disca·
1489 3514 1567 3597 quia
1601 3511 1666 3577 hac
1697 3512 1774 3598 lege
1805 3516 1963 3592 munitur,
2002 3535 2088 3598 quae
2127 3526 2161 3577 et
2193 3518 2462 3581 consuetudinem

474 3619 559 3680 mus,
581 3600 658 3686 quaid
679 3598 720 3663 de
742 3599 885 3663 vindicta
902 3600 1107 3683 praeceperit
1119 3598 1225 3675 Deus,
1245 3607 1279 3663 et
1290 3598 1445 3662 mandato
1491 3596 1696 3682 coniugalem
1728 3600 1890 3682 approbat
1927 3611 1960 3663 et
1998 3610 2134 3663 econtra
2170 3600 2302 3663 damnat
2334 3621 2460 3666 omnem

371 3716 373 3720 ·
475 3686 588 3764 dimne
609 3684 883 3767 obtemperemus.
1490 3684 1700 3747 concubitum
1721 3695 1817 3746 extra
1836 3680 2016 3769 legitimum
2038 3685 2245 3769 coniugium,
2277 3705 2318 3749 ac
2339 3688 2461 3751 mintu-

543 3760 627 3850 'hm
645 3765 702 3834 hic
721 3769 907 3833 addendum
928 3780 996 3844 est,
1027 3765 1257 3852 Magistratum
1272 3764 1446 3849 politicum
1489 3778 1542 3831 tur
1563 3786 1690 3851 poenas
1718 3768 1752 3829 in
1779 3765 1843 3830 hac
1869 3771 1939 3832 vita
1964 3777 1997 3832 et
2018 3781 2172 3833 aeternos
2195 3771 2363 3835 cruciatus
2385 3784 2459 3854 post

474 3854 599 3919 habere
614 3854 802 3918 nmndatum
818 3853 963 3918 divinum
979 3852 1022 3915 de
1038 3848 1071 3914 lc
1096 3853 1185 3915 'tium
1200 3854 1355 3916 vindicta.
1393 3850 1446 3914 Ac
1490 3850 1577 3914 hanc
1599 3853 1710 3915 vitam.
1743 3850 1838 3916 Sicut
1856 3854 1891 3916 in
1907 3851 2058 3936 Epistola
2079 3855 2122 3917 ad
2141 3853 2314 3919 Hebraeos
2337 3856 2405 3934 [l³,
2414 3858 2459 3935 4.]

498 3937 617 4004 ertlnet
636 3934 781 4001 officium
791 3935 1006 4021 Magistratus
1023 3936 1067 3998 ad
1111 3955 1175 3999 anc
1196 3938 1301 4020 ipsam
1311 3955 1445 4000 vocemt
1491 3937 1624 3999 dicitur:
1657 3935 1868 4001 Scortatores
1902 3952 1936 4003 et
1967 3936 2135 4003 adulteros
2167 3940 2326 4004 iudicabit
2357 3939 2459 4005 Deus.

510 4022 556 4086 ihi
583 4021 776 4098 vindictam,
817 4040 880 4104 ego
909 4021 1102 4098 retribuam,
1216 4021 1366 4104 puniam
1390 4016 1446 4083 vel
1490 4019 1570 4083 ltem
1586 4018 1671 4103 Eph.
1689 4020 1721 4084 5.
1746 4028 1811 4100 [vs.
1828 4022 1873 4102 5.]
1901 4023 2016 4087 Omnis
2038 4034 2204 4087 scortator
2225 4038 2283 4088 aut
2305 4026 2459 4090 contami·

475 4127 550 4172 mea
582 4126 700 4184 manu,
731 4102 787 4171 vel
813 4106 1046 4189 permissione,
1078 4040 1308 4190 velepegffimo
1334 4100 1446 4167 officio
1489 4115 1587 4169 natus
1615 4126 1681 4169 non
1709 4104 1809 4171 habet
1836 4105 2069 4172 haereditatem
2097 4110 2130 4171 in
2160 4128 2265 4212 regno
2284 4108 2407 4176 Christi
2429 4124 2460 4171 et

475 4189 708 4278 Magistratus3
737 4190 813 4275 qrria
833 4188 927 4254 Deus
956 4191 1091 4274 imperia
1116 4201 1149 4256 et
1170 4188 1301 4275 politius
1324 4191 1446 4252 consti·
1489 4189 1572 4267 Dei,
1594 4203 1730 4276 propter
1754 4190 1837 4255 haec
1859 4194 1947 4256 enim
1972 4194 2062 4257 venit
2077 4194 2129 4263 ira
2147 4193 2211 4258 Der
2228 4213 2331 4277 snper
2350 4195 2460 4258 inobe

476 4278 552 4359 tuit,
584 4275 702 4339 retinet
723 4285 757 4340 et
776 4285 897 4354 mutat,
914 4277 1002 4342 sicut
1022 4278 1067 4341 ait
1088 4274 1210 4341 Daniel
1232 4295 1304 4359 cap.
1325 4275 1357 4338 2.
1382 4279 1445 4351 [vs.
1491 4276 1628 4340 dientes.
1669 4274 1747 4340 Dixi
1768 4288 1877 4340 autem
1897 4279 2014 4341 muniri
2036 4279 2222 4364 coniugium
2244 4277 2297 4342 bis
2319 4277 2459 4363 legibus,

474 4361 541 4438 ala
562 4358 658 4423 Deus
673 4355 832 4423 nansiert
852 4380 956 4446 regna
977 4373 1011 4425 et
1031 4361 1209 4425 constituit
1244 4358 1331 4424 Sunt
1347 4360 1447 4445 igitur
1512 4360 1585 4438 uia,
1619 4362 1716 4424 etiam
1744 4380 1819 4425 cum
1845 4363 1987 4426 mundus
2015 4384 2082 4427 uon
2109 4361 2385 4447 punit-adulteria
2406 4375 2459 4428 aut

476 4445 587 4511 divina
607 4445 752 4509 vindicta
761 4442 926 4531 legitimae
936 4465 1075 4531 poenm,
1098 4446 1218 4529 quihus
1229 4446 1446 4530 Magistratus
1490 4380 1573 4507 ἓῐίιιε
1594 4444 1762 4523 libidines,
1795 4457 1903 4509 tamen
1925 4445 2018 4511 Deus
2040 4449 2148 4530 punit,
2169 4467 2232 4510 nec
2253 4450 2333 4512 sinit
2353 4450 2459 4512 irritas

476 4526 580 4594 afficit
598 4525 758 4608 latrones,
779 4527 960 4606 adulteros,
982 4529 1145 4613 periuros,
1167 4542 1376 4614 grassatores
1398 4530 1446 4594 iu·
1491 4547 1568 4593 esse
1593 4550 1672 4595 suas
1699 4530 1978 4595 comminationes.
2023 4532 2116 4597 Sicut
2142 4531 2291 4615 exempla
2319 4535 2459 4598 omnium

477 4613 572 4678 diciis
587 4614 834 4678 condemnatos.
866 4612 921 4678 Ad
931 4613 1147 4699 Magistratus
1163 4613 1306 4680 officium
1320 4624 1352 4677 et
1362 4613 1447 4699 legi·
1490 4625 1633 4679 aetatum
1666 4616 1862 4693 ostendunt,
1892 4618 1992 4681 etiam
2022 4637 2088 4681 non
2117 4619 2240 4701 scripta
2247 4639 2257 4691 3
2291 4617 2457 4691 Quaedam

476 4697 555 4761 tima
571 4694 659 4761 bella
675 4700 849 4781 pertinent,
871 4709 917 4776 ut,
939 4718 1014 4762 cum
1028 4695 1264 4764 Constantinus
1285 4699 1447 4782 repressit
1490 4719 1571 4764 vero
1593 4700 1688 4763 Deus
1710 4700 1810 4764 scribi
1828 4698 1944 4781 voluit,
1965 4712 2002 4766 ιιι
2023 4702 2064 4765 de
2085 4701 2203 4788 regula
2223 4722 2285 4766 nos
2305 4705 2458 4767 admone·

477 4781 577 4846 armis
610 4782 781 4848 saevitiam
811 4782 936 4847 Licinii.
979 4783 1054 4854 Sed
1081 4792 1118 4847 ut
1145 4803 1291 4848 summus
1321 4784 1446 4869 gradus
1490 4796 1565 4862 ant,
1590 4784 1699 4849 Deum
1720 4804 1799 4847 vere
1820 4786 1919 4864 irasci
1941 4790 2092 4851 omnibus
2113 4786 2249 4871 pollutis
2271 4800 2305 4851 et
2327 4785 2382 4851 vel
2403 4788 2459 4852 dn·

478 4875 531 4929 est
551 4868 724 4948 potestatis
745 4866 900 4951 politicae
916 4864 1049 4944 bellum,
1070 4868 1117 4933 ita
1131 4869 1165 4931 in
1181 4870 1322 4933 maximo
1337 4870 1447 4933 abusu
1490 4870 1569 4934 riter
1597 4870 1763 4954 castigare
1791 4872 2041 4949 redimentes,
2072 4883 2107 4938 ut
2134 4872 2243 4937 David
2276 4875 2458 4958 castigatus

479 4958 544 5027 est,
565 4968 606 5011 ac
626 4951 794 5017 rarissima
815 4962 892 5018 sunt
911 4953 999 5017 iusta
1020 4972 1061 5017 ac
1082 4949 1226 5038 legitima
1247 4949 1344 5019 balla.
1377 4953 1447 5019 Sed
1490 4964 1554 5030 est,
1576 4951 1631 5019 vel
1646 4973 1785 5037 prorsus
1808 4893 1919 5021 delhre
1939 4978 2006 5023 non
2024 4958 2271 5040 resipiscentes,
2291 4970 2328 5023 ut
2350 4956 2459 5022 deleta

467 5029 653 5113 Diabolus,
676 5056 749 5100 cum
770 5038 812 5102 sit
831 5036 995 5103 homicida
1015 5047 1048 5102 et
1062 5037 1212 5104 inimicus
1233 5036 1369 5122 politico
1392 5058 1445 5102 or·
1489 5050 1567 5103 sunt
1587 5038 1741 5105 Sodoma.
1777 5039 1847 5106 Nec
1867 5053 1991 5107 tantum
2012 5044 2114 5107 urbes
2128 5040 2207 5106 illae
2222 5044 2369 5127 quinque
2384 5062 2459 5127 pro·

479 5116 546 5182 dini
573 5130 606 5183 et
633 5117 840 5204 disciplinae,
874 5141 975 5204 saepe
1007 5120 1182 5188 levissimis
1212 5123 1445 5188 occasionibus
1487 5133 1561 5206 pter
1569 5122 1657 5188 hanc
1668 5145 1821 5190 caussam
1832 5123 1962 5192 deletae
1972 5137 2060 5203 sunt,
2072 5126 2182 5191 multis
2193 5126 2266 5192 aliis
2279 5129 2383 5193 exitio
2394 5130 2461 5192 iue-

478 5204 602 5267 excitat
616 5204 762 5307 ingentia
782 5203 887 5283 bella,
922 5208 1068 5271 incensis
1090 5210 1205 5272 annuis
1226 5210 1378 5292 utrinque
1397 5208 1445 5270 in·
1489 5217 1565 5271 runt
1590 5205 1742 5275 libidines
1767 5214 1874 5276 omnis
1901 5215 2052 5298 generis,
2080 5222 2116 5276 ut
2144 5214 2296 5277 omnibus
2318 5212 2462 5279 Graecis

478 5285 566 5350 iusta
592 5288 777 5374 cupiditate.
821 5288 913 5354 llaec
939 5290 1113 5356 latrocinia
1133 5290 1253 5358 tolerat
1272 5290 1384 5371 Deus,
1409 5302 1445 5355 ut
1489 5294 1692 5374 civitatibus,
1712 5294 1850 5375 Thebis,
1873 5297 2023 5374 Athenis,
2045 5297 2196 5380 Spartae.
2240 5297 2312 5361 Nec
2334 5311 2462 5364 tantum

1488 5375 1586 5443 Troia
1615 5392 1751 5465 propter
1776 5379 1970 5446 adulterium
2000 5384 2113 5465 punita
2141 5393 2209 5459 est,
2241 5383 2304 5447 sed
2329 5382 2464 5469 plurind

479 5492 527 5557 94)
549 5492 775 5615 ’Ληιιιιυίἒιιιιέωῗὶἥ
795 5495 834 5547 17.
855 5496 895 5548 18·
913 5496 1033 5548 20-24.
1050 5497 1092 5548 26.
1111 5498 1164 5561 27.,
1181 5495 1255 5561 corp.
1275 5498 1367 5561 1-8,
1385 5497 1446 5561 Opp-
1490 5567 1538 5632 οὔ)
1555 5567 1655 5621 mm
1670 5595 1704 5608 -
1720 5569 1821 5633 Μ]
1839 5569 1911 5623 mm
1932 5572 1943 5623 ¹
1972 5572 1989 5624 ⁸
2016 5571 2117 5623 mm
2134 5597 2168 5610 ..
2184 5580 2277 5624 mm
