5859 6734
941 713 955 728 ‘
1004 733 1007 738 -
1091 691 1203 757 Pffll..
1224 690 1328 757 MEL.
1346 690 1533 758 SCRIPTA
1548 690 1824 758 boemanos.
1916 711 1920 720 ·

594 878 743 946 -eaulus
768 878 964 965 gravissime
987 876 1198 963 reprehendit
1212 898 1281 942 :eos
1305 881 1360 964 qni
1381 898 1435 941 as·
1480 898 1552 942 cem
1575 876 1745 942 habemus.
1789 875 1835 942 ld
1855 888 1906 940 est
1929 875 2049 941 fiducia
2077 876 2162 943 haec
2191 881 2297 945 reddit

618 976 751 1030 sunnnt
767 965 987 1029 conditionem
1010 962 1108 1048 legis.
1143 963 1188 1027 'Si
1211 964 1314 1048 inquit
1341 962 1436 1027 Chri·
1479 964 1582 1027 corda
1592 960 1779 1046 tranquilla,
1792 962 1887 1046 erigit
1897 961 2298 1048 etconsolaturperterre·

619 1061 692 1115 stus
709 1069 776 1114 non
795 1049 918 1114 sufficit
940 1049 984 1112 ad
1000 1047 1265 1112 iustificationem
1286 1049 1347 1111 sed
1363 1060 1435 1111 tsn-
1477 1045 1585 1111 factas
1605 1059 1733 1111 mentes
1752 1058 1827 1123 etot
1930 1071 1933 1076 ·
2012 1081 2014 1090 ·
2230 1076 2232 1080 ·
2280 1109 2282 1114 .

619 1147 687 1199 tum
703 1145 838 1218 propter
855 1132 963 1218 legem
981 1132 1155 1210 iustificat,
1178 1153 1246 1196 non
1262 1135 1323 1196 erit
1340 1143 1436 1197 autor
1520 1132 1611 1216 Ergo
1634 1132 1718 1195 fides
1742 1142 1776 1194 et
1791 1129 1944 1195 iustificat
1968 1143 2002 1195 et
2021 1132 2174 1197 vivificat.
2217 1134 2299 1200 Item
2333 1155 2376 1219 tt,
2397 1157 2425 1209 a.

618 1220 760 1284 iustitiae
777 1219 838 1282 sed
848 1219 953 1302 magis
964 1218 1136 1282 accusabit
1145 1236 1220 1296 nos,
1238 1219 1314 1302 quia
1324 1230 1434 1300 tamen
1479 1215 1588 1281 Corde
1606 1217 1748 1280 creditur
1759 1226 1829 1280 etc.
1871 1215 1935 1287 Qui
1951 1217 2058 1280 credit
2073 1237 2142 1282 non
2160 1218 2298 1285 confun-

618 1302 688 1390 legi
701 1321 769 1368 non
786 1300 1020 1366 satisfacimus.
1045 1302 1140 1365 Nam
1156 1321 1234 1366 esse
1252 1303 1433 1365 ministrum
1478 1303 1583 1365 debir.
1626 1300 1669 1363 Et
1691 1302 1780 1383 apud
1804 1299 1958 1364 loannem
1976 1301 2095 1365 Omnis?
2115 1306 2169 1386 qui
2194 1308 2299 1370 credit

618 1388 748 1472 peccati
769 1397 821 1450 est
839 1406 915 1450 esse
933 1398 1162 1450 accusatorem
1186 1397 1220 1450 et
1237 1388 1433 1450 condemna·
1477 1387 1509 1448 in
1533 1386 1640 1468 ipsum
1663 1405 1731 1447 non
1763 1395 1882 1467 peccat
1911 1396 1973 1448 etc.
2017 1386 2089 1449 Etsi
2111 1399 2221 1453 autem
2243 1392 2298 1454 ad
2366 1459 2369 1463 ³

619 1485 733 1536 torem.
776 1471 869 1535 Haec
892 1471 976 1534 ratio
1004 1474 1087 1535 satis
1112 1472 1256 1535 ostendit
1277 1479 1433 1554 quantum
1476 1471 1615 1534 versarii
1645 1471 1867 1533 contaminant
1892 1469 1976 1533 haec
2003 1468 2081 1535 loca
2103 1493 2178 1537 cnm
2201 1494 2297 1538 assu·

605 1556 662 1620 'ad
684 1554 806 1620 Christi
828 1556 987 1619 honorem
1014 1557 1176 1639 pertineat
1202 1555 1334 1620 defendi
1362 1557 1432 1618 eius
1476 1565 1567 1618 munt
1591 1554 1810 1618 conditionem
1834 1574 1989 1637 operum,
2010 1566 2120 1620 tamen
2143 1556 2198 1622 hic
2225 1560 2296 1624 sine

617 1641 784 1705 iustitiam.
818 1639 943 1704 Postea
958 1641 1049 1704 addit
1066 1639 1103 1704 Si
1119 1659 1180 1723 per
1196 1639 1305 1727 legem
1324 1642 1432 1703 estiu—
1475 1638 1545 1702 ulla
1563 1640 1789 1703 controversia
1811 1649 1979 1722 coguntur·
1997 1637 2094 1704 fateri
2111 1640 2211 1706 fidem
2227 1663 2294 1708 non

615 1728 709 1790 stitia
726 1723 878 1789 Christus
894 1722 1019 1789 frustra
1035 1736 1184 1789 mortuus
1203 1737 1265 1789 est.
1309 1722 1384 1787 Gal.
1401 1722 1431 1787 3.
1477 1744 1554 1788 esse
1572 1724 1735 1807 quandam
1753 1724 1899 1787 ociosam
1914 1726 2062 1789 notitiam
2073 1726 2135 1790 sed
2146 1726 2296 1792 fiduciam

619 1815 683 1888 [vs.
703 1809 769 1890 18.]
813 1810 850 1874 Si
874 1829 916 1873 ex
938 1807 1014 1894 lege
1036 1822 1087 1873 est
1103 1809 1270 1873 hereditas
1292 1829 1360 1873 non
1381 1818 1434 1872 est
1477 1820 1628 1893 agentern
1646 1806 1769 1891 aliquid
1785 1808 1819 1870 in
1836 1810 2030 1874 remissione
2042 1822 2254 1893 peccatorum
2264 1825 2297 1876 et

620 1914 661 1960 ex
684 1895 903 1978 promissione
926 1892 964 1958 ld
982 1905 1044 1959 est.
1089 1893 1125 1958 Si
1144 1905 1235 1958 esset
1253 1914 1338 1977 quae
1356 1912 1433 1976 pos·
1477 1892 1715 1957 iustificatione.
1750 1889 1949 1976 ·Coguntur
1973 1906 2007 1958 et
2030 1893 2099 1958 hoc
2120 1894 2218 1960 fateri
2241 1917 2296 1961 ne·

619 1992 672 2043 set
689 1977 876 2057 vivificare,
894 1997 972 2044 vere
990 1976 1126 2064 exlege
1143 1990 1234 2042 esset
1255 1978 1432 2042 hereditas.
1477 1980 1596 2042 minem
1629 1975 1697 2062 legi
1724 1974 1916 2041 satisfacere
1944 1978 2056 2050 Quare
2082 1999 2225 2044 necesse
2242 1994 2294 2044 est

619 2063 711 2127 llaec
738 2082 879 2128 necesse
902 2074 954 2127 est
979 2063 1021 2127 de
1045 2074 1115 2127 tota
1141 2062 1217 2148 lege
1240 2062 1433 2149 intelligere.
1479 2081 1581 2145 opera
1601 2060 1702 2146 longe
1716 2058 1805 2125 'infra
1821 2061 1919 2125 fidem
1943 2061 2112 2128 collocari.
2157 2063 2297 2130 Constat

585 2153 589 2160 '
619 2149 655 2214 Si
677 2149 763 2211 enirn
779 2145 835 2210 lex
849 2146 986 2211 moralis
1004 2148 1186 2213 vivificaret
1198 2151 1218 2211 i.
1232 2169 1261 2212 e.
1279 2147 1436 2212 liberaret
1478 2149 1578 2231 igitur
1600 2147 1878 2229 impudentissime
1895 2149 2017 2211 docere
2040 2167 2117 2225 eos,
2143 2149 2198 2231 qui
2221 2170 2296 2212 curn

618 2252 640 2296 a
655 2243 761 2296 morte
777 2245 924 2311 aeterna,
942 2229 1023 2296 nihil
1040 2252 1124 2314 opus
1136 2245 1228 2296 esset
1239 2232 1433 2317 Evangelio.
1479 2233 1590 2295 dicant
1604 2230 1756 2311 homines
1773 2243 1909 2313 propter
1925 2230 2023 2295 fidem
2035 2243 2069 2296 et
2085 2252 2188 2316 opera
2204 2235 2296 2296 insti·

619 2317 664 2380 ht
691 2313 745 2380 le'x
766 2315 902 2381 moralis
937 2336 1005 2380 non
1032 2315 1141 2382 solnm
1173 2338 1238 2381 non
1267 2315 1387 2381 liberat
1415 2336 1435 2380 a
1479 2315 1571 2380 ficari
1599 2336 1665 2379 non
1691 2316 1882 2380 discernunt
1905 2316 2002 2379 fidem
2024 2327 2057 2380 et
2080 2336 2201 2400 opera,
2228 2338 2295 2381 non

619 2411 724 2465 morte
741 2413 877 2465 aeterna
897 2402 959 2465 sed
970 2401 1071 2466 multo
1089 2405 1195 2486 magis
1207 2412 1345 2466 accusat
1356 2421 1435 2465 con·
1480 2402 1658 2465 ostendunt
1676 2400 1754 2484 quid
1771 2399 1854 2465 fides
1871 2412 1949 2484 agat
1965 2403 1999 2463 in
2016 2403 2208 2465 remissione
2218 2422 2296 2484 pec·

620 2487 787 2549 scientias.
830 2484 908 2550 ldeo
933 2486 1062 2549 additur
1084 2489 1199 2551 eodem
1226 2485 1322 2564 loeo,
1351 2485 1436 2550 Con·
1480 2497 1643 2563 catorum,
1672 2486 1751 2568 quid
1775 2487 1819 2548 sit
1842 2486 2046 2549 sentiendum
2075 2486 2116 2549 de
2140 2487 2296 2568 operibus

620 2568 719 2635 clusit
742 2589 857 2634 omnes
880 2581 944 2635 etc.
988 2569 1113 2635 Onmes
1136 2573 1214 2636 dicit
1237 2591 1316 2636 esse
1346 2591 1436 2647 reos,
1481 2592 1554 2634 curn
1581 2569 1647 2654 legi
1668 2589 1740 2634 non·
1761 2570 1995 2634 satisfacimus.
2040 2569 2132 2633 llaec
2147 2572 2182 2633 .si
2205 2582 2296 2717 pate·

620 2674 700 2741 ergo
725 2675 793 2720 non
817 2666 895 2719 sunt
922 2655 1000 2719 iusti
1027 2667 1164 2739 propter
1192 2654 1347 2735 moralia,
1376 2656 1436 2719 sed
1480 2653 1627 2719 facerent
1654 2673 1709 2717 res
1741 2656 1826 2736 ipsa·
1841 2656 2019 2719 deduceret
2053 2675 2111 2719 eos
2140 2657 2183 2720 ad
2234 2674 2297 2720 auc

620 2738 744 2804 habent
760 2759 845 2822 opus
868 2742 1104 2805 misericordia.
1150 2740 1190 2804 Hi
1214 2739 1281 2805 loci
1299 2751 1332 2804 et
1349 2742 1435 2804 simi·
1480 2741 1674 2804 sententiam
1691 2758 1789 2823 quam
1805 2758 1868 2802 nos
1886 2736 2102 2817 defendimus,
2120 2760 2206 2823 quae
2228 2749 2295 2802 tote

619 2822 671 2888 les
688 2825 730 2887 de
747 2820 760 2886 l
841 2822 932 2889 clare
949 2827 1090 2907 probant
1108 2824 1321 2889 exclusivam.
1480 2825 1520 2890 ab
1540 2834 1668 2909 spectat
1683 2825 1717 2887 id
1735 2825 1790 2909 agi
1811 2831 1847 2887 ut
1864 2823 1984 2888 fiducia
2000 2825 2045 2888 sit
2062 2834 2162 2888 certa.

662 2907 767 2993 Ephe.
808 2915 902 2989 ;[vs.
920 2909 967 2989 8.]
998 2909 1110 2974 Gratis
1129 2913 1210 2974 estis
1233 2907 1354 2973 salvati
1377 2928 1437 2992 per
1703 2965 1705 2969 ,

620 2994 720 3059 fidem
746 3005 781 3057 et
805 2992 871 3059 hoc
893 3015 960 3058 non
985 3007 1048 3058 etc.
1092 2993 1207 3058 Multis
1224 2996 1335 3059 verbis
1359 3014 1435 3057 ean·
1554 3017 1624 3097 De
1668 3016 1809 3100 bonis
1854 3046 1878 3097 0
1919 3018 2085 3100 eribus
2129 3046 2216 3098 seu

536 3131 543 3156 ‚
578 3130 584 3140 .
621 3080 695 3144 dem
723 3084 726 3126 ¹
752 3080 949 3142 sententiam
976 3076 1129 3143 inculcat.
1174 3079 1286 3142 Gratis
1321 3079 1435 3161 inquit.
1601 3135 1608 3150 ,
1773 3131 1789 3151 .,
1883 3047 1911 3130 p
2011 3136 2019 3153 ,
2086 3127 2111 3170 34

620 3164 699 3228 lt'em
728 3164 850 3228 donum
878 3175 941 3227 est.
985 3164 1065 3227 item
1093 3183 1136 3226 ne
1164 3166 1237 3248 quis
1266 3161 1435 3247 glorietur.
1598 3135 1889 3243 rmpletrone
1920 3137 2072 3245 legls:
2111 3137 2200 3242 )-

620 3248 731 3321 Quare
749 3248 870 3312 fiducia
886 3267 953 3310 non
976 3249 1075 3312 debet
1091 3249 1181 3311 inniti
1199 3261 1316 3311 nostra
1333 3248 1436 3332 digni-

615 3341 697 3398 tate.
733 3332 817 3396 Nam
835 3330 968 3415 gloriari
991 3343 1044 3396 est
1061 3334 1213 3397 fiduciam
1229 3334 1286 3396 niti
1303 3333 1438 3414 propria
1523 3330 1603 3395 (him
1623 3331 1686 3395 iide
1703 3344 1740 3395 ut
1757 3333 1877 3396 dictum
1894 3346 1946 3396 est
1956 3331 2171 3397 iustificantur
2182 3353 2298 3397 neces-

612 3418 788 3501 dignitate.
806 3415 863 3480 Ps.
876 3415 1005 3481 CXLll.
1026 3422 1091 3496 [vs.
1102 3417 1147 3495 2.]
1166 3418 1241 3480 Non
1257 3418 1361 3480 intres
1372 3428 1436 3480 etc.
1479 3418 1570 3479 sario
1600 3417 1696 3500 sequi
1725 3417 1822 3480 debet
1851 3419 2036 3481 obedientia
2064 3438 2146 3504 erga
2174 3416 2294 3503 legem.

620 3500 713 3586 Ergo
729 3498 805 3565 sola
826 3503 1050 3566 misericordia
1072 3501 1285 3565 iustificamur
1307 3513 1437 3586 etpro-
1480 3500 1574 3565 Sicut
1586 3499 1739 3567 christus
1751 3502 1866 3585 inquit.
1895 3503 1930 3567 Si
1946 3504 1997 3566 vis
2011 3505 2045 3565 in
2057 3504 2156 3570 vitam
2168 3503 2297 3587 ingredi

622 3573 913 3650 nunciamnr'iusti
937 3606 1004 3650 non
1021 3598 1157 3735 propter
1175 3588 1363 3670 dignitatem
1380 3607 1438 3650 no·
1481 3598 1545 3650 etc.
1565 3586 1570 3648 Ι
1590 3586 1670 3650 ltem
1699 3584 1914 3671 Evangelium
1937 3588 2105 3669 praedicat
2129 3589 2297 3670 poeniten·
2331 3606 2375 3667 54,
2395 3618 2420 3656 ι

620 3682 732 3737 suam.
749 3668 807 3734 Ps.
819 3668 972 3734 CXXIX.
991 3676 1057 3750 [vs
1097 3679 1118 3749 .]
1131 3671 1167 3735 Si
1183 3673 1370 3754 iniquitates
1382 3673 1439 3735 ob-
1480 3673 1570 3747 tiam,
1587 3672 1723 3753 requirit
1740 3672 1839 3755 igitur
1857 3673 2073 3736 obedientiam
2085 3692 2167 3757 erga
2177 3669 2295 3760 legem.

621 3756 806 3820 servaveris
825 3765 887 3820 etc.
916 3755 1080 3839 Agnoscit
1095 3765 1280 3839 peceatum,
1298 3766 1331 3818 et
1346 3767 1438 3819 tuen·
1480 3754 1524 3817 Et
1540 3754 1754 3818 iustificantur
1771 3766 1808 3817 ut
1823 3774 1912 3820 nova
1929 3769 1961 3820 et
1978 3756 2138 3840 spirituali
2155 3758 2224 3821 vita
2241 3758 2295 3819 de

622 3839 698 3904 dum
726 3859 764 3902 se
792 3840 870 3902 dicit
896 3835 970 3902 sola
996 3840 1228 3904 misericordia
1279 3838 1440 3903 Sustinuit
1482 3858 1610 3923 gamus.
1654 3836 1714 3902 llla
1735 3850 1843 3903 autem
1866 3843 1935 3905 vita
1955 3861 2044 3905 nova
2068 3854 2101 3906 et
2117 3839 2295 3924 spiritualis

622 3924 819 3988 munemel
838 3923 872 3986 in
889 3925 993 3986 verbo
1017 3925 1087 3987 eius
1110 3934 1173 3987 etc.
1216 3922 1340 3988 Eadem
1364 3944 1439 3987 sen·
1482 3933 1534 3985 est
1580 3922 1717 3986 uaedam
1743 3924 1927 3988 obedientia
1950 3945 2032 4012 erga
2054 3927 2160 3990 deum.
2203 3926 2300 3990 quta

623 4007 787 4071 tentiaest
803 4007 837 4071 in
853 4005 909 4070 Ps.
921 4006 1006 4070 XLl.
1033 4007 1144 4079 Quare
1163 4009 1266 4071 tristis
1284 4027 1320 4071 es
1332 4010 1440 4074 anima
1482 4004 1562 4070 illud
1611 4008 1675 4069 abo
1694 4005 1803 4094 legem
1819 4028 1924 4072 meam
1941 4013 1974 4074 in
1993 4013 2151 4093 cordibus
2171 4030 2296 4074 comm.

623 4103 686 4155 etc.
729 4090 786 4154 Ps.
809 4089 864 4156 31.
894 4094 957 4170 [vs.
979 4091 1025 4173 5.]
1053 4091 1132 4156 Dixi
1160 4091 1342 4156 confitebor
1376 4101 1439 4157 etc.
1481 4091 1651 4157 Sectmdo:
1675 4091 1757 4158 Cum
1781 4095 1869 4158 bona
1886 4114 1989 4176 opera
2010 4098 2218 4179 requiruntur
2235 4114 2300 4160 seu

621 4175 709 4241 Dan.
727 4175 783 4240 ut
810 4182 874 4254 [vs.
892 4175 958 4257 ts]
992 4177 1066 4241 Non
1094 4178 1127 4239 in
1155 4176 1439 4242 iustificationibus
1482 4177 1668 4240 obedientia
1685 4197 1767 4263 erga
1783 4176 1903 4256 levem,
1920 4201 1985 4243 non
2004 4180 2113 4244 solum
2127 4182 2299 4265 requirun-

622 4261 745 4325 nostris
774 4272 836 4324 etc.
880 4260 972 4326 llaec
999 4260 1153 4343 exempla
1184 4260 1367 4327 clarissime
1394 4273 1439 4326 te·
1481 4274 1535 4325 tur
1552 4271 1687 4325 externa
1709 4275 1742 4326 et
1767 4263 1828 4327 civ'
1845 4265 1876 4327 ia
1899 4283 1998 4347 opera
2020 4266 2080 4329 sed
2105 4267 2201 4329 etiarn
2219 4265 2304 4329 novi

622 4357 750 4410 stantur
771 4344 924 4410 fiduciam
948 4347 1071 4410 debere
1092 4348 1150 4410 niti
1178 4344 1251 4409 sola
1274 4348 1439 4429 promissa
1481 4357 1513 4410 et
1531 4344 1718 4428 spirituales
1735 4360 1862 4426 motus,
1885 4351 1981 4413 timor
1998 4351 2066 4428 dei,
2088 4348 2225 4426 fiducia,
2248 4352 2299 4411 in-

622 4431 847 4495 misericordia
862 4429 897 4494 ln
910 4427 1042 4494 Christo
1060 4450 1128 4494 non
1147 4443 1261 4495 nostra
1273 4432 1438 4516 dignitate.
1481 4432 1624 4505 vocatio,
1643 4428 1786 4508 dilectio,
1804 4441 1837 4495 et
1854 4432 1978 4500 similes
1996 4447 2117 4511 motus,
2134 4452 2220 4516 quos
2239 4434 2298 4497 ad·

622 4514 665 4578 Et
686 4513 798 4579 valent
813 4516 857 4579 sd
876 4511 1097 4579 consolandas
1114 4518 1187 4598 pias
1204 4521 1358 4580 mentem*
1474 4516 1620 4580 versarii
1648 4517 1756 4579 nostri
1782 4537 1845 4580 nec
1873 4519 1994 4583 docere
2021 4540 2084 4583 nec
2111 4515 2299 4604 intelligere

774 4597 842 4663 lam
862 4598 929 4664 huc
952 4602 1175 4664 accersendas
1199 4611 1277 4666 sunt
1293 4598 1438 4684 reliquae
1480 4610 1632 4682 possunt.
1681 4600 1757 4665 Non
1782 4604 1865 4676 enim
1894 4615 2036 4685 possunt
2064 4605 2205 4668 existere
2232 4603 2298 4667 nisi

623 4684 802 4749 sententiae
819 4682 914 4749 Pauli
930 4695 965 4748 et
985 4684 1116 4748 loannis
1135 4705 1220 4769 quae
1231 4689 1273 4749 de
1284 4685 1349 4749 fide
1360 4706 1438 4748 con·
1483 4687 1575 4766 prius
1593 4695 1744 4748 teneatur
1762 4688 2049 4767 doctnnadefide,
2067 4707 2151 4772 quse
2168 4687 2300 4752 dubita-

624 4769 804 4833 cionantur.
847 4767 918 4833 Etsi
943 4770 1028 4833 enim
1049 4789 1116 4834 non
1137 4772 1258 4854 ubique
1280 4788 1439 4854 expresse
1480 4771 1601 4832 tionem
1619 4769 1728 4832 eximit
1750 4772 1877 4848 animis,
1920 4774 2003 4837 Nam
2027 4792 2121 4837 mens
2145 4773 2300 4837 iudicans

622 4853 747 4917 addunt
770 4852 990 4932 exclusivum,
1018 4865 1127 4919 tamen
1157 4877 1230 4919 cum
1254 4856 1296 4919 de
1319 4855 1438 4919 fiducia
1479 4874 1518 4916 se
1536 4855 1598 4917 deo
1617 4851 1803 4936 displicere,
1821 4876 1888 4920 non
1899 4871 2010 4939 potest
2021 4859 2117 4923 deum
2128 4859 2297 4922 invocare.

622 4936 864 5003 misericordiae
884 4934 1076 5024 loquantur,
1105 4960 1142 5002 re
1165 4941 1176 5004 i
1200 4961 1239 5003 sa
1263 4937 1439 5003 excludunt
1480 4937 1573 5002 luna
1600 4934 1691 5001 illud.
1737 4941 1910 5013 Quomodo
1938 4945 2141 5008 invocabunt
2170 4944 2199 5007 si
2227 4962 2299 5006 non

623 5020 776 5087 fiduciam
797 5033 932 5087 nostrae
960 5024 1135 5109 dignitatis.
1176 4962 1345 5088 laetificati
1372 5023 1458 5090 fidei
1481 5022 1640 5088 credunt?
1661 5022 1747 5088 Nam
1771 5028 1826 5110 qui
1848 5028 1971 5093 iudicat
1988 5047 2026 5091 se
2042 5030 2200 5092 reiectum
2217 5046 2299 5092 esse

623 5125 739 5188 pacem
754 5105 925 5172 babemus
967 5106 1058 5172 llaec
1082 5110 1244 5172 sententia
1266 5093 1459 5202 dubitatio-i
1478 5107 1580 5172 adeo
1598 5127 1666 5171 non
1683 5110 1804 5176 iudicat
1827 5131 1866 5176 se
1887 5114 2043 5177 exaudiri.
2079 5111 2179 5177 Falso
2196 5113 2299 5199 igitur

623 5209 699 5254 nem
725 5187 894 5275 prohibet,
921 5193 1057 5277 requirit
1084 5194 1169 5255 enim
1195 5191 1303 5256 fidem.
1357 5191 1438 5257 ltem
1455 5207 1459 5332 p
1479 5192 1626 5255 iactitant
1651 5195 1830 5261 adversarii
1848 5216 1886 5261 se
1903 5199 2065 5263 bonorum
2083 5217 2220 5281 operum
2237 5198 2299 5261 do·

624 5271 713 5339 clare
730 5274 808 5339 dicit
829 5293 892 5339 nos
919 5275 984 5341 fide
1006 5278 1216 5359 pronunciari
1237 5278 1352 5342 iustos.
1395 5276 1438 5340 Et
1480 5288 1590 5340 etores
1609 5296 1698 5356 esse,
1714 5299 1790 5345 eum
1806 5283 1983 5366 praecipua
1999 5302 2102 5367 opera
2118 5294 2298 5346 et-sancto-

623 5369 660 5422 nt
676 5359 818 5424 sciamus
840 5358 906 5424 fide
923 5360 1100 5445 significari
1124 5381 1191 5424 non
1215 5362 1362 5426 ociosam
1378 5382 1436 5426 no·
1455 5343 1459 5430 l

625 5443 728 5507 titiam
745 5443 807 5506 sed
823 5453 946 5509 motum
963 5456 1113 5529 agentem
1137 5443 1257 5530 aliquid
1275 5447 1308 5510 in
1334 5457 1437 5510 certa·
1456 5447 1461 5541 ξ
1481 5451 1685 5461 ’'—

623 5527 710 5592 mine
728 5529 948 5594 conscientiae
965 5540 999 5594 et
1018 5529 1255 5594 iustitiaationis
1273 5532 1363 5596 addit
1373 5529 1435 5596 Pa·
1481 5550 1527 5614 u)
1548 5552 1615 5604 mee
1631 5561 1713 5614 prese
1731 5533 1834 5606 mnne
1850 5553 1884 5605 m
1900 5551 1974 5605 mitt
1993 5550 2124 5606 tinemut
2207 5569 2221 5584 ··
