5859 6734
1094 690 1221 755 451

1097 841 1484 960 Evangelio.
1606 872 1816 937 Porro
1883 885 1955 937 et.
2012 875 2115 937 sin
2206 871 2417 937 lorum
2485 876 2887 940 tentationes
2955 877 3038 939 de

1099 957 1422 1024 electione
1478 969 1545 1020 et
1596 958 1988 1040 scriptorum
2034 978 2113 1022 ea
2162 979 2264 1022 em
2311 959 2394 1021 de
2434 977 2512 1022 re
2555 958 3036 1040 disputationes

1098 1042 1337 1125 partim
1394 1062 1437 1104 a
1490 1042 1746 1106 ratione
1803 1045 2096 1106 oriuntur
2153 1043 2297 1105 sine
2342 1041 2549 1106 verbo
2593 1040 2723 1106 Dei
2794 1045 3038 1126 partim

1099 1146 1142 1188 a
1184 1120 1358 1210 lege.
1444 1124 1759 1188 Homines
1826 1128 2269 1210 imaginantur
2334 1145 2643 1190 caussam
2801 1127 3039 1190 ctionis

1102 1227 1256 1272 esse
1306 1220 1602 1271 nostram
1656 1209 2037 1293 dignitatem
2078 1229 2200 1274 seu
2239 1210 2507 1285 merita,
2550 1209 2709 1294 quia
2742 1209 2835 1273 ita
2880 1211 3040 1275 iudi·
3077 1251 3079 1255 -

1893 1292 2052 1357 ldeo
2102 1295 2171 1358 in
2222 1291 2400 1356 hanc
2454 1293 2846 1357 sententiam
2897 1291 3079 1360 fere<
3126 1299 3287 1375 veri,
3351 1309 3564 1362 tamen
3629 1298 3877 1364 inutilia
3945 1312 4011 1363 et
4071 1299 4388 1382 perplexa
4451 1317 4622 1384 sunt,
4685 1319 4764 1370 et
4813 1320 5068 1375 tantum

1112 1371 1500 1440 delabuntur
1546 1377 1639 1460 ⁸⁴)
1740 1373 2143 1440 Scholastici
2232 1377 2542 1440 doctores
2628 1378 3079 1441 recentiores·

1102 1302 1257 1356 cant
1312 1294 1481 1356 ratio
1540 1303 1608 1354 et
1656 1289 1785 1356 lex.

1104 1477 1370 1535 omneS‚
1427 1459 1580 1542 quia
1636 1469 1885 1523 tantum
1938 1459 2183 1526 docent
2230 1461 2547 1526 iustitiam
2601 1456 2792 1545 legis.
2904 1461 3041 1525 Sed

1103 1558 1229 1604 nos
1254 1542 1733 1606 meminerimus
1766 1543 1852 1606 ad
1888 1539 2319 1628 Evangelium
2354 1546 2834 1628 respiciendum
2866 1565 3039 1610 esse.

1270 1672 1421 1740 Duo
1473 1686 1691 1738 autem
1742 1687 1895 1739 sunt
1950 1679 2431 1742 consideranda
2475 1679 2543 1742 in
2604 1680 3044 1762 promissione

1103 1755 1466 1844 Evangelii,
1510 1756 1844 1824 videlicet:
1915 1760 2095 1862 quod
2137 1773 2203 1825 et
2246 1763 2455 1847 gratis
2545 1764 2815 1827 romittit
2857 1765 3042 1827 iusti·

1100 1843 1281 1919 tiam,
1326 1853 1393 1905 et
1435 1843 1614 1926 quod
1657 1844 2003 1925 promissio
2050 1857 2154 1908 est
2185 1848 2493 1910 universa
2528 1848 2604 1910 'S.
2663 1846 2831 1910 Nam
2874 1847 3042 1911 haec

1101 1926 1230 1990 duo
1274 1937 1581 1992 exercent
1628 1925 1953 1991 humanos
2005 1931 2281 1994 animos,
2383 1928 2815 2012 Disputamus
2873 1929 3042 1996 alias

1103 2010 1187 2075 de
1230 2009 1567 2094 dignitate,
1610 2030 1735 2073 nos
1778 2012 1927 2076 ideo
1961 2031 2092 2076 non
2139 2033 2294 2076 esse
2329 2011 2603 2092 electos,
2648 2015 2802 2098 quia
2835 2015 3041 2080 simus

1100 2093 1367 2196 indigni.
1410 2091 1602 2155 Alias
1647 2095 2049 2177 disputamus
2086 2097 2169 2162 de
2201 2095 2753 2179 particularitate:
2797 2097 3043 2162 Etiam·

1100 2179 1161 2240 si
1202 2177 1382 2262 digni
1424 2196 1757 2255 essemuS,
1809 2189 2029 2242 tamen
2073 2178 2288 2245 Deum
2332 2199 2496 2244 suos
2541 2182 2867 2265 quosdam
2913 2181 3044 2247 ele-

1149 2261 1167 2280 '
1287 2305 1308 2338 ‚
1353 2260 1588 2344 quibus
1630 2259 1827 2325 fuerit
1868 2282 1951 2325 ae
1998 2264 2161 2328 uior.
2248 2264 2402 2328 ldeo
2448 2285 2533 2329 ue
2573 2285 2891 2350 negamus
2927 2287 3045 2330 no·

1148 2345 1207 2408 is
1247 2344 1647 2428 sperandam
1683 2365 1836 2410 esse
1878 2365 1958 2410 sa
1986 2359 2186 2425 utem,
2230 2349 2383 2432 quia
2456 2361 2721 2413 ortasse
2766 2369 2903 2413 non
2937 2369 3046 2414 su-

1101 2449 1246 2492 mus
1272 2430 1367 2512 85)
1422 2429 1491 2491 in
1546 2447 1625 2492 eo
1680 2449 1973 2493 numero.
2080 2430 2377 2516 Utraque
2436 2434 2810 2518 imaginatio
2854 2453 3046 2518 repu-

1104 2512 1345 2576 dianda
1410 2523 1535 2589 est,
1599 2523 1665 2575 et
1729 2533 2133 2597 magnopere
2194 2517 2470 2598 prodest
2532 2518 2859 2582 adversus
2924 2538 3044 2581 eas

1103 2591 1448 2680 diligenter
1501 2596 1753 2659 munire
1805 2600 1951 2679 pias
2006 2609 2282 2662 mentes.
2392 2600 2547 2664 ldeo
2582 2621 2797 2685 neque
2841 2602 3046 2686 digni·

1102 2689 1309 2744 tatem
1360 2690 1659 2744 nostram
1712 2682 2049 2764 respicere
2107 2684 2460 2762 debemuS,
2520 2704 2735 2769 neque
2778 2703 2862 2748 ex
2906 2687 3046 2750 uni-

1104 2760 1351 2828 versali
1390 2765 1827 2846 promissione
1868 2764 2337 2848 particularem
2380 2765 2683 2842 efficere3
2750 2770 2869 2832 sed
2913 2771 3044 2832 sin-

1014 2915 1025 2920 ,
1102 2845 1241 2995 full
1302 2869 1431 2912 nos
1494 2849 1560 2910 in
1618 2845 1799 2911 illam
1850 2847 2288 2914 universalem
2341 2847 2772 2916 includamus
2878 2851 3043 2917 Cum

1126 2933 1301 3016 gitur
1363 2931 1447 2995 de
1508 2928 1829 2996 electione
1879 2935 2179 3017 angimur
2233 2947 2347 2998 aut
2412 2937 2846 3017 disputamus,
2911 2957 3045 3000 non

1104 3016 1437 3082 ordiamur
1480 3036 1524 3079 a
1562 3017 1809 3080 nostris
1844 3036 1925 3079 su
1972 3019 2415 3100 putationibus
2461 3017 2569 3082 vel
2612 3040 2653 3082 a
2693 3016 2883 3106 lege,
2927 3020 3047 3083 sed

1102 3122 1147 3165 a
1184 3102 1623 3184 promissione
1664 3099 1940 3185 Evange
1968 3103 2032 3164 ii.
2110 3099 2183 3165 Si
2225 3103 2373 3184 quis
2411 3113 2594 3167 extra
2616 3101 3050 3191 Evangelium

1105 3203 1409 3250 caussam
1450 3187 1704 3269 quaerit
1745 3183 2109 3263 electionis,
2152 3186 2209 3248 is
2252 3205 2385 3250 non
2428 3197 2652 3270 potest
2693 3207 2827 3252 non
2872 3208 3048 3252 erra-

1106 3290 1199 3333 re.
1284 3267 1441 3333 ldeo
1484 3289 1617 3334 non
1662 3271 1950 3333 sinamus
1994 3289 2120 3333 nos
2166 3270 2250 3333 ab
2298 3267 2665 3356 Evangelio
2701 3269 2922 3351 avelli,
2965 3293 3049 3337 ac

1106 3363 1406 3418 caeteras
1448 3356 1945 3437 supputationes
1986 3351 2219 3436 procul
2262 3355 2652 3419 reiiciamuS.

1279 3487 1443 3552 Cum
1482 3488 1680 3572 igitur
1721 3489 2071 3570 promissio
2116 3489 2204 3551 sit
2248 3489 2557 3572 gratuita,
2600 3499 2781 3552 recte
2822 3491 3048 3554 statui·

1110 3585 1236 3651 tur,
1254 3574 1350 3656 ⁸⁶)
1394 3572 1909 3638 misericordiam
1953 3590 2107 3638 esse
2152 3591 2459 3635 caussam
2494 3569 2856 3637 electionis.
2915 3573 3047 3638 De-
3080 3608 3081 3611 ¹

1108 3659 1261 3723 inde
1303 3678 1453 3722 cum
1493 3657 1842 3739 promissio
1884 3657 1973 3719 sit
2012 3653 2442 3720 universalis:
2488 3655 2559 3719 Si
2570 3677 2756 3803 e:1¹qu
2791 3676 2875 3719 ex
2912 3659 3048 3720 uni·
3080 3658 3081 3661 ’

1110 3738 1353 3807 versali
1390 3738 1849 3824 particularem
1892 3737 2051 3804 velit
2093 3737 2381 3816 efficere,
2433 3740 2493 3802 is
2536 3760 2569 3801 r
2653 3741 2765 3803 det
2805 3742 2929 3805 sim
2973 3738 3048 3805 li-

1112 3828 1273 3892 citer
1328 3826 1643 3888 incertam
1698 3823 2201 3910 promissionem
2258 3835 2323 3886 et
2377 3819 2566 3887 tollet
2608 3822 2824 3888 fidem.

1112 3931 1259 3975 cum
1301 3909 1713 3972 statuendum
1754 3907 1843 3972 sit
1880 3907 2382 3990 promissionem
2416 3925 2577 3969 vere
2607 3905 3048 3972 universalem

1112 4013 1287 4072 esse,
1342 3992 1516 4075 quod
1559 3992 1645 4054 ad
1687 3987 2087 4056 voluntatem
2127 3988 2255 4053 Dei
2296 3991 2561 4064 attinet3
2638 3993 2810 4056 sicut
2851 4012 2892 4055 a
2933 4013 3048 4074 po-

1111 4078 1391 4142 steriore
1444 4076 1513 4138 in
1560 4073 2019 4139 iustificatione
2064 4075 2337 4138 dicimus
2379 4072 2466 4137 ali
2512 4093 2663 4140 uam
2704 4076 2773 4138 in
2812 4078 3049 4159 accipi-

1106 4172 1265 4226 -ente
1308 4178 1611 4224 caussam
1661 4177 1847 4236 esse,
1906 4155 2213 4223 videlicet
2266 4177 2400 4221 non
2524 4159 2872 4244 gnitatem,
2929 4161 3052 4224 sed

1112 4248 1266 4332 quia
1315 4244 1817 4327 promissionem
1870 4242 2327 4326 apprehendit,
2384 4262 2531 4307 cum
2582 4263 2713 4326 qua
2766 4243 3050 4325 Spiritus

1112 4340 1389 4396 sanctus
1444 4337 1549 4392 est
1620 4324 1887 4403 efficax,
1953 4327 2489 4411 quemadmodum
2542 4324 2792 4392 Paulus
2842 4329 3052 4412 inquit

1116 4414 1310 4492 [Rom
1377 4411 1484 4490 10,
1530 4412 1691 4490 1⁷4:
1733 4411 1930 4475 Fides
1976 4431 2059 4474 ex
2101 4411 2324 4475 auditu
2367 4422 2516 4484 est3
2558 4413 2652 4474 ita
2692 4422 2759 4476 et
2801 4413 2886 4477 de
2920 4411 3050 4476 ele-

1114 4501 1330 4564 ctione
1376 4518 1419 4562 a
1459 4496 1824 4577 posteriore
1866 4496 2250 4572 iudicemu5‚
2292 4506 2603 4571 videncetv)
2640 4494 2817 4559 haud
2855 4498 3050 4560 dubie

1116 4580 1365 4646 electos
1408 4599 1563 4646 esse
1606 4599 1749 4658 808,
1793 4581 1903 4664 qui
1942 4580 2457 4644 misericordiam
2512 4577 2641 4643 fide
2684 4580 3049 4663 apprehen-

1118 4667 1315 4742 dunt,
1378 4683 1503 4730 nec
1567 4665 1880 4729 abiiciunt
1943 4685 2089 4728 eam
2152 4662 2453 4730 fiduciam
2514 4663 2601 4726 ad
2665 4677 3046 4728 extremum.

1114 4747 1299 4816 naec
1339 4748 1555 4812 omnia
1588 4767 1673 4812 ex
1710 4745 1843 4813 hoc
1886 4746 2068 4812 fonte
2111 4748 2424 4824 oriuntur,
2469 4748 2644 4831 quod
2692 4749 2776 4811 de
2818 4746 3048 4814 volun-

1118 4843 1253 4896 tate
1292 4828 1419 4894 Dei
1472 4852 1606 4896 non
1648 4843 1754 4897 est
1792 4831 2207 4897 iudicandum
2249 4842 2434 4895 extra
2484 4833 2756 4897 verbum
2798 4842 2863 4895 et
2904 4834 3049 4896 sine

1116 4916 1362 4989 verb03
1427 4915 1607 4998 quod
1648 4927 1829 4980 certe
1871 4915 2116 4982 faciunt
2156 4912 2251 4980 illi
2265 4960 2286 4993 ,
2342 4915 2449 5000 qui
2493 4928 2816 5000 quaerunt
2859 4936 3049 4982 caus-

1118 5205 1212 5269 84)
1248 5203 1555 5256 delabuntur
1585 5200 1733 5253 mitt.
1776 5201 1852 5248 12.
1890 5200 1972 5250 13.
2010 5202 2197 5264 «ηοω.
2230 5212 2459 5254 errrore:
2494 5201 2800 5255 (inlabuntur

1120 5303 1215 5366 85)
1249 5301 1450 5368 sumus]
1488 5301 1635 5354 mitt.
1671 5301 1720 5349 7.
1759 5301 1806 5349 8.
1848 5301 2062 5351 11—14.
2100 5304 2155 5352 et
2175 5301 2323 5363 opp.=
2360 5302 2523 5354 simus

1121 5406 1215 5469 88)
1250 5403 1529 5466 εωιιιὶειιῃ
1561 5401 1708 5454 Editt.
1746 5402 1795 5450 8.
1837 5400 2049 5450 11—13.
2084 5395 2140 5452 et
2171 5402 2320 5465 opu:
2354 5403 2640 5466 statuimus,

1121 5505 1214 5568 87)
1246 5505 1480 5556 videlicet
1511 5499 1739 5553 addunt
1770 5499 1913 5555 Editt.
1949 5500 1997 5549 7.
2034 5501 2083 5549 8.
2122 5501 2336 5550 11—14.
2381 5504 2437 5553 et
2468 5502 2591 5565 opp.

2342 689 2563 756 rull..
2606 691 2812 757 MEL.
2856 690 3230 756 SCRIPTA
3268 691 3816 760 DOGMATIGA.

3122 897 3266 940 sam
3329 875 3668 945 electionis
3731 895 3820 943 aut
3875 892 4060 944 tollunt
4115 905 4351 945 caussam
4404 897 4684 959 electionis,
4719 896 4796 960 38)
4843 899 4910 953 et
4973 893 5065 954 in-

3122 962 3310 1024 terim
3365 983 3499 1026 non
3556 964 3884 1028 deducunt
3940 964 4378 1028 conscientias
4433 967 4518 1029 ad
4562 970 5068 1052 promissionem

3122 1044 3310 1108 Evan
3361 1044 3488 1110 elii.

3082 1142 3083 1146 ’
3293 1066 3438 1194 fiee
3477 1151 3699 1196 moror
3744 1133 3938 1195 etiam
3979 1132 4039 1194 si
4083 1133 4229 1215 quis
4263 1131 4372 1196 hic
4416 1133 4548 1199 alia
4591 1141 4912 1222 quaedam
4949 1145 5067 1208 ob-

3125 1215 3426 1278 scuriora
3479 1212 3640 1279 velit
3692 1235 4043 1298 quaerere3
4111 1237 4279 1300 quae
4323 1220 4577 1284 etiamsi
4621 1225 4778 1306 quid
4818 1222 5068 1291 habent

3124 1383 3510 1464 perturbant
3552 1384 4015 1460 conscientiaS,
4058 1396 4124 1448 et
4164 1388 4498 1452 abducunt
4539 1410 4652 1454 eas
4695 1411 4736 1454 a
4779 1411 5066 1475 conspe-

3127 1477 3239 1530 ctu
3279 1465 3642 1551 Evangelii.
3729 1468 3872 1531 Nec
3929 1488 4090 1532 vero
4148 1465 4287 1533 ulla
4340 1476 4610 1539 tentatio
4659 1478 5066 1559 pertinacius

3125 1561 3319 1634 urget
3361 1553 3612 1615 animos
3656 1572 3737 1615 ac
3769 1554 3980 1653 magis
4023 1554 4410 1620 adversatur
4452 1556 4627 1637 fidei,
4669 1581 4864 1644 quam
4903 1563 5064 1628 ima-

3172 1637 3369 1698 ‘natio
3411 1633 3544 1714 illa,
3633 1656 3756 1699 uae
3802 1634 4004 1700 efficit
4035 1640 4538 1719 promissionem
4579 1642 5063 1725 particularem.

3156 1720 3281 1784 deo
3341 1721 3574 1784 meden
3621 1742 3728 1784 um
3785 1732 3886 1784 est
3938 1719 4358 1786 imbecillitati
4399 1726 4760 1793 animorum
4804 1741 5066 1795 nostro-

3126 1825 3290 1882 rum,
3344 1826 3476 1869 non
3521 1816 3624 1868 est
3669 1803 4114 1870 confirmanda
4155 1804 4530 1874 diffidentia.
4621 1809 4910 1899 Colligat
4950 1816 5069 1898 igi·

3125 1898 3233 1951 tur
3275 1889 3400 1952 sibi
3444 1891 3720 1973 quisque
3763 1891 4152 1968 testimonia,
4196 1911 4364 1975 quae
4401 1896 4757 1961 ostendunt
4789 1900 5068 1981 promis-

3125 1973 3376 2036 sionem
3421 1992 3572 2038 esse
3613 1972 4070 2039 universalem.
4161 1974 4410 2048 Quales
4449 1991 4606 2043 sunt
4635 1979 4766 2046 hae
4799 1995 5067 2048 senten-

3126 2056 3277 2120 tiae.
3363 2055 3639 2121 Roman.
3685 2057 3728 2122 3
3773 2062 3897 2135 [vs.
3941 2059 4071 2136 22]
4118 2058 4367 2124 lustitia
4398 2060 4526 2128 Dei
4567 2084 4688 2146 per
4729 2064 4928 2132 fidem
4970 2067 5066 2132 le-

3126 2160 3210 2205 su
3252 2135 3519 2217 Christi,
3564 2162 3731 2225 quae
3777 2155 3881 2206 est
3921 2144 3986 2205 in
4032 2163 4260 2208 omnes
4304 2158 4370 2209 et
4411 2165 4614 2230 super
4654 2169 4903 2216 omnes.
4961 2151 5066 2214 lo-

3125 2222 3360 2288 hannis
3382 2224 3446 2289 3.
3471 2229 3597 2302 [vs.
3625 2225 3750 2304 154
3795 2224 3888 2290 Ut
3907 2228 4138 2305 omnis,
4182 2230 4292 2312 qui
4336 2233 4544 2296 credit
4583 2233 4648 2298 in
4671 2235 4904 2318 ipsum,
4924 2255 5065 2300 non

3126 2319 3376 2454 pereat,
3418 2310 3540 2372 sed
3579 2306 3823 2374 habeat
3863 2312 4059 2375 vitam
4101 2323 4456 2378 aeternam.
4539 2313 4732 2381 Rom.
4781 2317 4882 2382 1⁰.
4929 2324 5064 2398 [νε.

3169 2393 3258 2471 2.]
3325 2393 3502 2457 Idem
3555 2392 3872 2459 Dominus
3935 2399 4221 2460 omnium
4271 2398 4458 2464 dives
4509 2401 4578 2464 in
4633 2421 4898 2480 omnes,
4951 2404 5068 2486 qui

3126 2477 3438 2542 invocant
3503 2497 3652 2542 eum
3715 2490 3835 2543 etc.
3901 2479 4284 2545 Huiusmodi
4346 2487 4710 2550 sententiae
4751 2488 5067 2552 suavissi-

3127 2580 3300 2623 mam
3343 2559 3860 2629 consolationem
3902 2561 4229 2643 adfemnt,
4273 2571 4653 2649 praesertim
4688 2591 4837 2634 cum
4872 2572 5068 2637 etiam

3126 2641 3407 2708 alteram
3480 2645 3867 2729 particulam
3941 2649 4136 2712 nobis
4211 2654 4657 2732 proponimus,
4735 2653 5066 2736 videlicet,

3129 2729 3308 2811 quod
3341 2730 3428 2793 sit
3469 2732 3818 2814 gratuitum
3861 2731 4265 2796 beneficium.
4324 2734 4470 2799 Huc
4509 2738 4835 2820 pertinent
4867 2741 5067 2805 etiam

3125 2809 3255 2875 hae
3296 2815 3657 2878 sententiae
3701 2815 3786 2890 [1.
3830 2815 3990 2879 Tim.
4035 2817 4099 2894 2,
4141 2816 4230 2896 4.]
4273 2815 4460 2883 Deus
4499 2820 4644 2884 vult
4677 2842 4904 2887 omnes
4945 2823 5067 2887 ho-

3129 2898 3338 2961 mines
3401 2895 3631 2961 salvos
3694 2896 3952 2974 facere3
4017 2901 4171 2965 item
4236 2900 4456 2982 [Rom,
4518 2905 4584 2982 2,
4631 2905 4788 2985 1112
4867 2905 5066 2990 Apud

3092 3040 3093 3044 ,
3129 2980 3344 3045 Deum
3391 3003 3526 3045 uon
3583 2992 3687 3046 est
3738 2989 4224 3068 προςωποληψια.
4335 2985 4521 3051 Haec
4561 3002 4712 3052 sunt
4759 2991 5064 3055 conside-

3090 3088 3093 3134 Α
3128 3066 3359 3143 randa,
3424 3085 3509 3128 nc
3567 3065 4024 3132 confirmemus
4079 3067 4440 3133 naturalem
4504 3067 4929 3137 diffidentiam
4997 3087 5068 3139 et

3130 3148 3275 3213 Deo
3343 3150 3700 3214 tribuamus
3767 3157 4279 3236 προςωποληψίαν.
4387 3152 4736 3218 Praeterea
4799 3167 4863 3219 et
4927 3156 5068 3220 hoc

3130 3233 3770 3300 animadvertendtun
3813 3247 3946 3298 est:
3989 3233 4226 3301 malum
4272 3257 4360 3301 ex
4397 3239 4588 3302 nobis
4631 3257 4809 3316 esse,
4852 3261 5068 3324 quare

3082 3368 3083 3373 1
3133 3317 3497 3382 cavendum
3561 3331 3688 3397 est,
3752 3338 3836 3383 ne
3898 3317 4198 3385 volentes
4259 3319 4712 3406 indulgeamus
4779 3323 5068 3390 naturali

3129 3398 3529 3466 diffidentiae
3584 3423 3667 3466 ac
3710 3421 4146 3488 repugnemus
4186 3407 4626 3488 promissioni,
4683 3420 4797 3472 aut
4849 3409 5065 3474 disce-

3131 3487 3358 3550 dentes
3404 3507 3447 3549 a
3500 3488 3932 3570 promissione
3984 3490 4231 3552 interea
4284 3510 4678 3573 quaeramus
4720 3490 4887 3556 alias
4930 3491 5058 3557 ele-

3131 3570 3366 3634 ctionis
3420 3590 3696 3635 caussas
3740 3572 3883 3635 sine
3924 3574 4128 3637 verbo
4172 3571 4319 3637 Dei.
4407 3574 4694 3658 Ideoque
4730 3587 4796 3639 et
4835 3576 5063 3662 Augu-

3130 3655 3342 3717 stinus
3383 3653 3736 3738 quamlibet
3780 3658 3980 3721 durus
4023 3669 4158 3732 est,
4221 3669 4436 3722 tamen
4495 3661 4578 3723 de
4619 3661 5063 3742 praedestina-

3128 3738 3306 3801 tione
3351 3748 3417 3800 et
3451 3741 3662 3822 gratia
3702 3741 3801 3802 sic
3843 3741 4136 3822 scripsit:
4179 3739 4338 3818 EoS,
4382 3743 4495 3826 qui
4531 3745 4893 3808 vocationis
4927 3767 5062 3810 mu-

3129 3840 3256 3884 nus
3299 3841 3594 3905 congrua
3633 3824 3872 3904 pietate
3907 3825 4339 3907 susceperint,
4382 3837 4469 3904 et,
4513 3840 4820 3911 quantum
4844 3829 4909 3892 in
4942 3828 5062 3894 ho·

3129 3905 3300 3968 mine
3347 3916 3480 3982 est,
3534 3903 3660 3969 Dei
3715 3907 3783 3969 in
3837 3925 3912 3970 se
3968 3909 4145 3971 bona
4200 3920 4580 3987 servantes,
4631 3913 4943 3976 adiuvant
4969 3917 5062 3988 δ’)

3132 3999 3257 4050 etc.
3345 3987 3568 4060 Quare
3621 3992 3814 4054 etiam
3867 3992 3925 4054 si
3981 3992 4136 4075 quid
4191 3993 4254 4054 in
4298 3991 4426 4057 hac
4469 4013 4705 4058 caussa
4745 3992 4858 4056 alii
4901 3997 5060 4058 sub·

3130 4069 3304 4135 tilius
3351 4072 3714 4155 disputant,
3769 4075 3920 4138 mihi
3971 4086 4187 4139 tamen
4242 4079 4406 4140 satis
4449 4091 4552 4140 est
4591 4074 4905 4160 colligere
4951 4096 5060 4156 ea,

3178 4176 3301 4220 uae
3346 4170 3594 4222 certum
3637 4171 3739 4222 est
3777 4160 4098 4242 prodesse
4143 4155 4575 4224 conscientiis.
4641 4157 4838 4225 Certe
4883 4163 5062 4225 enim

3132 4177 3325 4305 debet
3383 4243 3786 4307 conscientia
3837 4244 3905 4306 in
3957 4246 4288 4325 praesenti
4354 4247 4702 4310 certamine
4757 4248 5062 4310 revocari

3133 4326 3217 4388 ad
3278 4329 3816 4408 promissionem,
3880 4338 3946 4390 et
4007 4326 4138 4389 hoc
4200 4332 4549 4413 praecipue
4615 4330 5062 4409 considerare,

3132 4410 3307 4492 quod
3299 4413 3693 4556 Npromissio
3739 4423 3806 4475 et
3846 4412 4128 4495 gratuita
4169 4424 4236 4475 et
4275 4412 4666 4478 universalis
4708 4423 4830 4477 est.

3364 4514 3531 4578 eque
3594 4494 3792 4571 haec,
3856 4514 4025 4580 quae
4089 4495 4251 4572 dixi,
4333 4498 4770 4562 adversantur
4833 4499 5061 4562 verbis

3131 4575 3375 4641 Christi
3420 4577 3586 4657 [lob.
3607 4579 3672 4666 6,
3715 4579 3885 4658 44.]=
3930 4579 4139 4641 Nemo
4181 4582 4359 4645 venit
4400 4584 4484 4646 ad
4530 4601 4656 4659 me,
4697 4582 4824 4645 nisi
4865 4601 5061 4665 quem

3130 4660 3327 4725 Pater
3370 4664 3660 4726 traxerit.
3745 4664 3886 4727 Nos
3931 4663 4100 4726 enim
4143 4685 4186 4727 a
4228 4667 4430 4729 verbo
4477 4667 4678 4729 ordiri
4722 4666 5058 4729 debemus.

3129 4744 3355 4829 ltaque
3399 4766 3546 4809 cum
3589 4748 3855 4809 verbum
3896 4746 4456 4831 apprehendimus,
4501 4746 4696 4814 simul
4725 4748 4912 4813 Deus
4955 4758 5062 4812 est

3130 4827 3368 4893 efficax
3429 4848 3549 4911 per
3610 4831 3900 4893 verbum.
4006 4832 4194 4896 quta
4254 4833 4416 4900 illud
4481 4833 4696 4913 [Rom.
4767 4833 4826 4910 1,
4893 4831 5058 4910 16.]=

3128 4910 3556 4997 Evangelium
3619 4925 3720 4977 est
3783 4916 4075 4999 potentia
4135 4922 4328 4998 ne140)
4391 4919 4475 4982 ad
4539 4917 4820 4983 salutem
4879 4916 5058 4979 omni

3129 5164 3223 5228 88)
3259 5165 3564 5294 ἒιιιιοιὲἐωῃι
3595 5178 3802 5220 causam
3836 5169 4116 5233 electionis,
4152 5167 4378 5222 addunt
4411 5169 4556 5222 Edict-
4593 5170 4640 5217 7.
4677 5170 4722 5218 8.
4765 5170 4824 5216 ll
4864 5195 4930 5204 —·
4970 5169 5052 5218 14.

3130 5328 3223 5392 89)
3257 5330 3514 5396 adiuvant]
3552 5334 3626 5386 sic
3657 5335 3802 5387 Editt.
3839 5338 3886 5385 7.
3922 5337 3968 5385 8.
4007 5337 4248 5386 11-14.
4287 5340 4340 5388 et
4373 5335 4687 5398 ορμςεᾱίκ.
4726 5337 4769 5386 1.
4806 5336 4856 5385 2.
4892 5335 5048 5385 4-8,

3266 5398 3314 5449 9.
3348 5401 3446 5460 typ,
3481 5411 3683 5454 errore:
3715 5403 3922 5455 adiuvat

3128 5499 3223 5564 40)
3257 5499 3345 5552 Dei
3379 5497 3604 5552 addunt
3637 5501 3778 5554 sdm.
3815 5503 3865 5555 7.
3888 5505 3936 5556 8.
3979 5502 4188 5554 11-14.
4221 5505 4274 5552 et
4306 5501 4425 5564 opp.
