5859 6734
464 711 530 778 raa
779 667 782 672 ⁵
956 735 979 752 ·-
1092 715 1206 781 rau.
1228 715 1332 781 aar.
1356 714 1542 781 suarem
1562 717 1840 789 consumet
2422 721 2485 787 aar

508 933 511 939 ·
564 899 613 962 lta
660 911 821 982 quaerunt
853 895 1048 985 Philosophi
1090 904 1122 965 in
1161 905 1266 967 densa
1298 900 1361 965 cali
1388 904 1441 967 'ne
1485 903 1660 969 merabiles
1695 905 1749 970 alii
1782 905 1905 972 similes
1926 912 2091 974 somniant
2113 931 2151 974 se
2173 911 2332 994 imperiis
2358 910 2482 993 potitu-

466 985 582 1049 mortis
614 984 779 1047 humanae
813 1003 963 1048 caussas.
1022 986 1094 1051 Nec
1126 984 1245 1052 salsum
1277 999 1329 1050 est
1361 990 1371 1050 i
1397 989 1439 1051 ud
1485 1010 1542 1053 ros
1576 1010 1662 1054 esse.
1705 991 1882 1055 Erroribus
1910 995 2009 1077 igitur
2026 1007 2058 1057 et
2078 998 2192 1078 pravis
2216 996 2481 1078 cupiditatibus,

467 1069 651 1145 Menandri,
669 1089 854 1151 quanquam
872 1069 1022 1150 αὐτόματα
1043 1070 1129 1136 mala
1149 1073 1274 1138 infinita
1283 1083 1371 1148 sunt
1395 1083 1441 1135 ta·
1485 1094 1579 1157 quae·
1602 1089 1785 1158 sequuntur
1816 1088 1953 1142 naturae
1986 1080 2282 1162 depravationem,
2307 1081 2407 1142 adeo
2428 1099 2479 1143 ca-

467 1174 541 1217 man
562 1152 664 1237 longe
684 1150 780 1235 plura
802 1173 879 1217 esse
901 1157 1028 1232 ἑκούσια,
1046 1158 1155 1234 idest,
1168 1177 1309 1241 quornm
1318 1176 1440 1220 caussa
1484 1157 1646 1224 mulamus
1669 1158 1766 1237 mala,
1799 1173 1835 1225 ut
1853 1164 1948 1225 etiam
1971 1162 2129 1227 Ethnicus
2152 1164 2325 1245 Poeta⁴⁸)
2365 1164 2477 1228 excla-

468 1251 519 1303 est
551 1249 609 1302 aut
630 1258 723 1300 error·
745 1239 776 1300 in
800 1240 973 1303 iudicando
995 1253 1051 1304 aut
1072 1242 1225 1310 voluntas
1245 1253 1339 1306 recto
1359 1241 1440 1306 iudi·
1484 1247 1621 1307 marcrit
1643 1242 1762 1328 lugens
1780 1245 1940 1310 humanas.
1963 1249 2130 1311 miserias:
2212 1276 2217 1284 ·

466 1325 519 1387 cio
553 1334 742 1387 contumax.
786 1322 830 1385 Ut
852 1322 1027 1407 Pompeius
1060 1347 1172 1391 errore
1198 1325 1350 1392 accendit
1371 1323 1439 1390 bel·

465 1405 534 1471 lum
556 1407 662 1486 civile,
675 1406 769 1469 Paris
787 1406 904 1471 volens
916 1412 1001 1492 rapit
1013 1410 1183 1489 Helenam,
1198 1421 1299 1498 atque
1313 1411 1360 1476 ita
1370 1405 1438 1474 h'd·
1638 1416 1730 1490 Πλείη
1751 1422 1821 1493 γαῖα
1837 1418 1946 1493 κακῶν,
1964 1419 2051 1492 πλείη
2072 1415 2103 1479 δὲ
2121 1418 2282 1480 θάλασσα.

465 1491 532 1555 lum
556 1490 689 1554 attrahit
707 1494 738 1553 in
760 1491 887 1556 Asiam.
915 1494 1085 1558 Homicida
1106 1495 1292 1560 voluntario
1309 1491 1438 1560 eadere

465 1578 607 1641 accersit
640 1579 702 1640 sibi
729 1598 880 1659 poenam.
924 1579 1034 1643 David
1062 1578 1180 1644 volens
1199 1582 1283 1664 rapit
1303 1577 1438 1644 alterius
1567 1579 1708 1645 Accedit
1736 1596 1844 1645 autem
1872 1584 1913 1646 ad
1937 1595 2070 1646 nostros
2091 1604 2224 1647 errores
2249 1597 2284 1648 et
2307 1586 2359 1648 ad
2383 1589 2465 1669 capi-

467 1662 637 1745 coniugem
670 1674 702 1723 et
731 1664 792 1724 sibi
816 1684 855 1725 ac
878 1665 1053 1728 universae
1075 1666 1164 1749 genti
1184 1663 1361 1729 horribiles
1385 1685 1438 1728 ca·
1483 1666 1600 1727 ditates
1617 1677 1752 1729 nostras
1774 1669 1927 1731 incitator
1947 1667 2126 1743 Diabolus,
2147 1671 2288 1751 spiritus
2313 1671 2464 1734 inimicus

465 1744 628 1810 lamitates
661 1749 812 1809 accersit.
867 1746 972 1811 Huius
1005 1752 1136 1832 generis
1170 1748 1318 1833 exempla
1350 1748 1438 1811 velie
1481 1748 1556 1812 Deo
1589 1760 1622 1811 et
1651 1752 1726 1814 odio
1748 1750 1812 1814 Dei
1840 1753 1991 1834 saeviens
2024 1753 2056 1814 in
2085 1751 2283 1817 imbecillem
2308 1766 2462 1819 naturam

465 1850 638 1894 numerare
665 1831 801 1913 perinde
833 1843 885 1894 est
917 1853 957 1895 ac
990 1835 1018 1896 si
1047 1833 1131 1897 velis
1154 1853 1274 1898 arenas
1296 1835 1437 1898 omnium
1481 1833 1658 1897 hominum.
1687 1834 1839 1899 Cumulat
1870 1837 1971 1921 igitur
1997 1836 2147 1915 altipeta
2164 1848 2196 1899 et
2217 1838 2346 1900 ἑκούσια
2368 1838 2460 1915 mala,

466 1925 623 1998 aquarum
645 1934 828 1978 numerare.
1482 1931 1581 2002 auget
1601 1916 1732 1984 furores
1752 1917 1935 2003 Caligulae,
1957 1920 2097 1984 Neronis
2115 1932 2147 1984 et
2168 1920 2344 1999 similium,
2366 1936 2403 1986 ut
2421 1926 2459 1986 ir·

551 1998 603 2061 Ac
626 2001 667 2062 de
689 1996 882 2063 voluntariis
904 1999 1014 2086 aliquo
1037 2005 1135 2066 modo
1159 2003 1270 2067 vident
1285 2022 1437 2067 caussam
1482 2004 1579 2066 ritate
1611 2005 1660 2067 ira
1680 2003 1744 2067 Ilei
1777 2015 1931 2068 crescant
1958 2024 2084 2085 poenae
2111 2016 2144 2068 et
2164 2007 2336 2069 miseriae.
2383 2007 2457 2078 Quis

465 2082 671 2165 Philosophi,
707 2084 766 2147 sed
799 2086 840 2148 de
860 2085 1045 2151 Automatis
1067 2086 1234 2152 hominum
1255 2086 1348 2151 malis
1371 2106 1438 2151 non
1481 2086 1546 2150 hos
1566 2084 1677 2151 sontes
1697 2085 1857 2152 malorum
1879 2090 1962 2152 satis
1985 2091 2130 2173 cogitare
2152 2089 2285 2171 potest‘l
2308 2092 2456 2155 videm

465 2165 575 2234 'vident
597 2171 808 2252 praecipuam
831 2189 993 2235 caussam.
1037 2170 1090 2235 De
1111 2171 1177 2237 hoc
1198 2170 1290 2236 fonte
1307 2173 1438 2237 concio·
1482 2174 1514 2235 in
1537 2173 1618 2254 ipsis
1640 2169 1797 2255 exemplis
1820 2185 1854 2236 et
1876 2175 2062 2256 experimur·
2076 2177 2123 2257 ⁴⁴)
2158 2176 2188 2253 in
2211 2176 2345 2237 nostris
2368 2177 2456 2238 mise·

464 2265 560 2317 natur
604 2255 753 2318 doctrina
792 2253 965 2320 Ecclesiae
1004 2258 1123 2321 tradita
1155 2259 1196 2321 ab
1230 2259 1321 2320 initio
1355 2276 1438 2322 voce
1482 2258 1553 2332 riis,
1581 2255 1741 2321 humanas
1773 2277 1946 2321 aerumnas
1980 2259 2143 2321 tristiores
2176 2279 2275 2335 esse,
2306 2278 2409 2342 quam
2423 2273 2454 2324 rt

463 2338 526 2402 Dei
549 2349 582 2402 et
602 2350 785 2423 propagata
806 2360 868 2422 per
889 2340 1019 2418 Patres,
1051 2341 1249 2426 Prophetas,
1270 2340 1438 2406 Christum
1483 2361 1594 2405 earum
1615 2343 1872 2427 magnitudinem
1894 2343 2094 2425 cogitatione
2115 2341 2293 2426 complecti
2315 2357 2379 2407 aut
2389 2364 2454 2407 ver·

465 2435 497 2486 et
518 2420 713 2506 Apostolos.
768 2423 845 2487 ideo
868 2428 1084 2490 observemus
1106 2426 1161 2490 hic
1182 2427 1356 2490 discrimen
1377 2426 1438 2490 hu·
1482 2428 1534 2490 bis
1556 2423 1721 2508 explicare
1743 2425 1891 2490 homines
1912 2427 2054 2508 possint.

463 2528 581 2571 manae
613 2505 848 2591 Philosophiae
881 2524 912 2573 et
948 2513 1117 2575 doctrinae
1150 2510 1315 2576 coelestis.
1366 2511 1438 2574 Nec
1566 2511 1634 2575 Sed
1658 2508 1822 2574 difficilius
1853 2523 1906 2574 est
1927 2515 2074 2596 cogitare
2095 2530 2239 2575 caussae
2261 2514 2454 2597 maguitudi-

465 2589 542 2655 ions
565 2603 689 2657 tantum
709 2606 923 2673 monstratur,
942 2597 1003 2658 sed
1025 2597 1121 2660 etiam
1143 2616 1242 2661 verae
1262 2599 1362 2671 ac⁸⁹i
1382 2594 1437 2659 iir-
1480 2615 1566 2671 nem,
1655 2606 1743 2658 ntum
1764 2592 1884 2659 malum
1905 2597 1949 2657 sit
1969 2606 2149 2677 peccatum,
2171 2598 2252 2680 quid
2269 2598 2314 2660 sit
2337 2597 2454 2661 irallti

466 2697 539 2741 mae
559 2675 805 2742 consolationes
827 2691 859 2742 et
880 2682 1023 2744 remedia
1044 2693 1280 2764 proponuntur.
1481 2689 1570 2743 certa
1604 2699 1667 2764 ege
1687 2680 1850 2763 punientis
1871 2678 2013 2755 scelera,
2036 2692 2159 2762 quanta
2181 2683 2225 2743 sit
2242 2682 2359 2745 rabies
2382 2682 2455 2745 Ilia·

549 2760 747 2845 Principalis
782 2783 903 2827 caussa
924 2767 1039 2828 mortis
1061 2778 1094 2827 et
1115 2763 1327 2848 plurimarum
1349 2763 1437 2828 caia·
1482 2762 1549 2827 boli
1581 2765 1733 2849 augentis
1766 2762 1931 2827 hominurn
1958 2765 2118 2826 miserias.
2163 2764 2235 2828 liae
2258 2785 2404 2830 caussae
2423 2768 2453 2829 in

465 2850 613 2913 mitatum
634 2849 734 2911 totius
756 2850 888 2932 generis
906 2847 1049 2927 humani,
1065 2851 1192 2932 piorum
1213 2860 1245 2913 et
1257 2850 1438 2932 impiorum,
1481 2867 1605 2932 genere
1639 2850 1826 2931 cogitentur
1858 2849 1901 2912 de
1934 2846 2030 2911 malis
2063 2849 2302 2933 grassantibus
2334 2852 2369 2913 iu
2390 2861 2455 2913 tota

466 2944 520 2998 est
574 2933 655 2996 rima
690 2935 894 2998 contumacia
925 2936 1104 3017 primorum
1135 2944 1305 3016 parentum
1328 2944 1361 2995 et
1381 2930 1438 2996 illa
1481 2944 1599 2996 natura
1621 2929 1797 3009 hominum,
1817 2932 1852 2994 in
1873 2931 2026 2996 Ecclesia
2048 2943 2080 2995 et
2102 2933 2135 2994 in
2156 2933 2277 3016 impiis.
2310 2934 2382 2999 Sed
2403 2933 2454 2997 hic

466 3019 475 3037 ⁰
517 2954 656 3081 alebas
678 3028 862 3101 propagata
883 3021 916 3082 in
937 3030 1102 3100 posteros.
1136 3016 1193 3081 Sic
1214 3019 1332 3081 dicitur
1342 3016 1437 3081 Eum.
1481 3014 1583 3080 multo
1605 3013 1769 3080 difficilior
1790 3017 1940 3100 quaestio
1963 3018 2082 3080 oritur:
2127 3014 2211 3080 Cum
2232 3038 2323 3081 mors
2346 3030 2381 3081 et
2403 3038 2455 3082 ce·

489 3147 497 3164 .
523 3107 587 3178 ivs.
596 3101 663 3180 12]
688 3101 752 3165 Per
773 3113 947 3186 peccatum
968 3124 1058 3166 mors
1080 3102 1213 3166 intravit
1233 3104 1268 3173 in
1283 3103 1437 3165 mundum
1481 3113 1571 3164 terae
1604 3098 1806 3164 calamitates
1829 3101 1895 3163 sint
1916 3119 2042 3181 poenae
2063 3099 2277 3165 humanorum
2295 3115 2455 3185 peccato-

466 3199 499 3251 et
532 3187 626 3267 in40)
660 3206 774 3251 omnes
807 3186 957 3251 homines
990 3189 1136 3270 pervasit
1157 3206 1265 3264 mors,
1287 3205 1327 3251 eo
1350 3186 1438 3270 quod
1481 3206 1552 3248 rum
1591 3205 1632 3248 ac
1663 3182 1837 3264 scelerum,
1870 3204 1929 3248 cur
1960 3183 2062 3249 multo
2084 3188 2191 3270 magis
2212 3183 2360 3248 Ecclesia
2383 3185 2451 3248 Dei

467 3289 580 3336 omnes
614 3282 691 3334 sunt
722 3273 780 3335 rei.
830 3270 866 3335 Si
898 3285 1017 3336 natura
1047 3271 1190 3335 humana
1221 3291 1288 3334 non
1320 3268 1436 3334 iirisset
1481 3270 1622 3332 miseriis
1651 3281 1786 3333 onerata
1814 3281 1877 3346 est,
1909 3290 1952 3353 qu
2029 3272 2125 3351 'mpia
2147 3268 2333 3334 multitudo‘l
2376 3266 2450 3333 Cur

464 3377 587 3422 aversa
620 3377 641 3419 a
672 3354 765 3433 Deo,
797 3358 976 3420 mansisset
1008 3358 1042 3419 in
1065 3375 1105 3419 ea
1125 3357 1222 3441 vigor
1244 3354 1395 3419 vivificus
1417 3375 1439 3418 a
1480 3350 1567 3417 Abel
1588 3353 1781 3418 interficitur
1802 3374 1823 3416 a
1838 3351 1963 3416 iratre'l
2012 3375 2052 3417 ur
2074 3354 2214 3417 lesaiam
2229 3350 2453 3418 crudelissime

464 3440 539 3507 Deo
571 3441 693 3504 inditus
727 3451 862 3505 naturae
882 3440 1055 3518 humanae,
1077 3460 1140 3504 nec
1162 3440 1439 3522 computruissent
1482 3438 1600 3502 scindit
1621 3458 1716 3501 serra
1732 3449 1895 3522 tyrannus
1917 3437 2097 3501 Manasse‘l
2128 3436 2199 3501 Cur
2215 3438 2386 3501 ieremiam
2407 3439 2454 3501 iu·

464 3525 616 3591 homines
637 3537 673 3589 ut
695 3545 804 3606 poma,
825 3524 1013 3603 utiiosculi,
1030 3535 1066 3590 ut
1086 3526 1250 3609 pecudes3
1271 3522 1339 3587 Sed
1372 3534 1438 3586 ost·
1481 3522 1600 3586 teriicit
1627 3521 1698 3606 Apr
1722 3521 1783 3585 es?
1826 3521 1893 3586 Cur
1926 3521 2119 3585 Zachariam
2140 3521 2345 3587 Pontifices?
2388 3521 2456 3587 Cro·

466 3631 565 3696 quam
596 3610 705 3674 amisit
724 3610 960 3694 integritatem,
989 3611 1125 3674 materia
1145 3604 1330 3694 languidior
1349 3545 1439 3670 lacta
1481 3606 1664 3690 Baptistam
1713 3607 1853 3671 erodes?
1896 3605 1965 3671 Cur
1985 3604 2152 3670 Christum
2170 3605 2325 3671 Pilatus?
2355 3606 2455 3671 Deni-

488 3715 639 3761 omorum
670 3706 704 3758 et
728 3694 891 3777 pecudum
913 3706 1050 3760 naturae
1071 3690 1186 3758 similis
1208 3712 1286 3757 esse
1318 3692 1437 3774 coepit.
1482 3711 1547 3775 qne
1578 3689 1728 3775 exempla
1759 3702 1838 3754 nota
1863 3703 1950 3754 sunt.
1993 3689 2189 3774 Plerumque
2211 3689 2373 3755 Ecclesia
2395 3690 2455 3755 Dei

465 3718 580 3866 ltaque
600 3789 736 3864 propter
756 3791 931 3862 peceatum
951 3782 1055 3843 iratus
1076 3778 1223 3860 Deus⁴¹)
1246 3776 1323 3839 sinit
1342 3778 1438 3839 mise-
1482 3786 1534 3839 est
1566 3776 1704 3858 exiguus
1735 3786 1849 3838 coetus
1883 3795 1983 3839 verae
2015 3777 2182 3839 doctrinae
2209 3773 2454 3857 professionem

466 3887 537 3931 ram
568 3877 719 3929 naturam
748 3865 896 3928 orbatam
919 3883 981 3927 suo
1002 3865 1090 3927 dono
1112 3864 1146 3924 in
1168 3872 1307 3924 mortem
1327 3879 1436 3936 ruere,
1481 3861 1626 3922 retinens
1649 3870 1683 3921 et
1699 3860 1866 3922 sustinens
1889 3861 2000 3923 varias
2023 3871 2055 3923 et
2087 3863 2240 3944 ingentes
2277 3879 2455 3924 aerumnas

467 3962 503 4015 nt
533 3946 624 4012 Psal.
657 3947 711 4014 89.
744 3952 808 4025 [vs.
831 3947 877 4026 7.]
922 3944 1110 4011 Deiecimus
1142 3946 1175 4007 in
1207 3946 1256 4007 ira
1282 3956 1340 4008 tua
1372 3955 1437 4009 etc.
1482 3961 1671 4007 communes
1703 3954 1736 4007 et
1768 3941 1962 4025 peculiares.
2007 3944 2105 4008 iacob
2138 3946 2255 4007 amittit
2279 3946 2454 4028 coniugem

467 4036 535 4098 ianr
567 4035 612 4098 ad
644 4031 782 4096 eandem
805 4050 957 4096 caussam
979 4031 1085 4095 morbi
1106 4041 1139 4092 et
1161 4030 1269 4092 omnia
1289 4027 1437 4107 αὐτόματα
1480 4031 1514 4092 ίιι
1544 4038 1662 4111 partu,
1706 4028 1821 4091 amittit
1854 4028 1954 4092 filium
1987 4028 2128 4110 loseph,
2170 4040 2318 4112 vagatur
2359 4030 2456 4092 miser

466 4115 555 4183 mala
574 4117 749 4199 pertinent.
1482 4114 1553 4175 sine
1575 4123 1665 4175 certa
1686 4113 1765 4175 sede
1786 4114 1869 4176 inter
1888 4112 2037 4176 homines
2059 4113 2227 4193 improbos
2250 4123 2287 4176 et
2309 4112 2454 4196 petulas

552 4200 683 4267 Deinde
715 4202 793 4285 quia
823 4212 900 4283 post
931 4200 1019 4264 hanc
1040 4211 1176 4263 naturae
1196 4197 1437 4280 corruptionem
1481 4208 1543 4260 tes.

467 4310 587 4374 magna
621 4296 672 4352 est
701 4282 810 4370 caligo
843 4287 877 4348 in
909 4286 1089 4362 mentibus,
1122 4295 1155 4346 et
1180 4279 1273 4346 multi
1295 4300 1438 4357 errores,
1566 4278 1609 4343 Et
1629 4278 1821 4363 plerumque
1843 4282 1976 4364 imperia
1998 4292 2108 4343 tenent
2128 4277 2258 4363 profani
2285 4282 2456 4365 Punctpa

468 4391 587 4457 magna
614 4367 828 4447 imbecillitas,
860 4367 981 4433 multae
1015 4370 1211 4454 cupiditates
1239 4379 1272 4430 et
1289 4378 1438 4430 errantes
1481 4367 1673 4451 ignorantes
1695 4376 1727 4428 et
1748 4376 1996 4428 contemnentes
2018 4367 2200 4428 doctrinam
2222 4363 2454 4449 Propheticam

468 4461 609 4541 impetus
642 4466 676 4520 et
698 4467 904 4539 contemptus
927 4456 1035 4519 iudicii
1058 4454 1167 4518 divini.
1211 4450 1312 4529 Cain,
1339 4449 1439 4526 Esau,
1484 4463 1517 4513 et
1537 4447 1778 4531 Apostolicam,
1800 4460 1833 4511 et
1853 4446 2052 4512 antecellunt
2063 4446 2234 4513 Ecclesiae
2255 4469 2329 4514 non
2349 4446 2452 4512 solum

469 4542 595 4608 etiamsi
627 4561 668 4604 ex
700 4543 873 4624 generosis
906 4541 1096 4624 parentibus
1124 4540 1193 4602 nati
1214 4547 1246 4599 et
1268 4534 1440 4619 diligenter
1466 4535 1619 4618 opibus,
1652 4531 1759 4617 gloria
1789 4544 1823 4596 et
1844 4531 2083 4615 voluptatibus,
2107 4533 2166 4596 sed
2188 4535 2290 4596 etiam
2314 4531 2452 4617 politicis

469 4630 511 4689 ari
544 4630 695 4692 virtutem
717 4626 854 4689 instituti
871 4637 959 4702 sunt,
991 4637 1100 4687 tamen
1121 4622 1346 4687 accenduntur
1366 4639 1440 4704 pra·
1484 4619 1674 4694 virtutibus,
1707 4629 1744 4680 ut
1775 4628 1855 4700 quot
1884 4628 2035 4699 putemus
2067 4615 2170 4681 fuisse
2190 4619 2363 4703 principes
2384 4619 2455 4701 pios

469 4712 521 4775 vis
544 4710 786 4791 cupiditatibus,
809 4710 997 4787 ambitione,
1019 4710 1206 4773 invidentia.
1233 4703 1276 4768 Et
1296 4705 1441 4788 quotidie
1484 4704 1604 4766 virtute
1624 4700 1833 4777 Alexandro,
1866 4700 2014 4786 Pyrrho,
2047 4701 2192 4784 Scipioni
2213 4714 2273 4765 aut
2295 4702 2456 4768 similibus

468 4795 588 4859 accidit
609 4791 701 4871 illud,
723 4796 809 4878 quod
820 4796 952 4859 Graece
974 4795 1103 4871 dicitur,
1125 4792 1175 4855 διὰ
1192 4796 1355 4868 ἐπιθυμίας
1363 4794 1441 4851 κενοί
1485 4784 1729 4852 conferendos?

469 4878 539 4944 aad
572 4882 806 4958 latronam-t
849 4877 1013 4956 Absolon,
1027 4882 1073 4954 ⁴2)
1105 4876 1268 4940 Antonius
1296 4886 1328 4936 et
1349 4875 1441 4937 iunu-
1570 4869 1652 4935 Cum
1673 4879 1781 4933 autem
1792 4866 1963 4933 Ecclesiae
1985 4871 2137 4934 miseriae
2153 4867 2276 4933 multos
2289 4883 2458 4947 moveant,

1483 4968 1520 5020 ut
1539 4952 1636 5019 valde
1657 4954 1814 5035 dubitent,
1835 4974 1877 5017 au
1899 4952 1969 5019 ulla
1986 4958 2032 5029 ⁴⁶)
2064 4974 2144 5038 pars
2165 4953 2302 5018 humani
2326 4958 2460 5042 generis

470 5030 517 5169 3⁸9)
534 5102 576 5169 1ιο1
597 5102 672 5155 editt
692 5091 763 5149 r'-a.
785 5101 825 5148 Π·
843 5104 870 5151 e,
1485 5058 1584 5104 curae
1617 5040 1659 5101 sit
1685 5035 1772 5114 Deo,
1804 5058 1846 5101 an
1879 5040 1923 5101 sit
1954 5036 2064 5122 aliqua
2084 5036 2147 5101 Dei
2164 5036 2339 5118 Ecclesia,
2361 5064 2407 5107 au
2426 5041 2459 5105 Ιιί

472 5205 520 5270 40)
537 5206 564 5257 ln
581 5203 713 5257 cantante
729 5200 802 5253 Etliti.
819 5200 861 5249 22.
879 5201 920 5249 24.

470 5307 518 5367 41)
535 5308 615 5358 initis
631 5304 712 5367 neus]
728 5302 803 5353 etin.
823 5302 914 5350 1-10.
936 5302 974 5348 12·
992 5303 1063 5353 Deus
1078 5300 1156 5351 hams
1482 5292 1529 5357 43)
1547 5291 1671 5345 Hesiodus
1689 5292 1749 5354 oon.
1768 5296 1795 5344 et
1811 5294 1838 5344 b.
1859 5293 1915 5340 101.
1933 5290 1973 5341 ed.
1985 5292 2133 5352 toralium:
2150 5288 2226 5351 πλείη
2243 5292 2300 5359 μὲ,
2319 5294 2381 5366 739
2398 5304 2464 5365 rat«

471 5408 532 5472 41⁸)
549 5409 601 5460 iioe
626 5405 720 5458 dietim
750 5405 792 5455 est
816 5402 917 5454 wionis
942 5403 969 5453 in
984 5402 1112 5463 movero,
1136 5404 1203 5452 teste
1221 5399 1249 5450 it.
1269 5397 1397 5459 saphane
1414 5395 1441 5447 iu
1549 5373 1583 5419 *³
1599 5355 1642 5407 ⁷¹²⁶
1660 5354 1693 5406 δὲ
1710 5360 1739 5406 ¹⁹·

538 5475 612 5527 Thes.
629 5474 656 5526 L.
674 5474 715 5526 Gr.
734 5486 755 5524 s.
772 5484 797 5522 ι.
812 5464 896 5524 κενός,
1483 5460 1530 5523 44)
1548 5460 1703 5522 amur]
1721 5460 1793 5522 com.
1812 5460 1835 5511 ἰ
1852 5462 1877 5507 4·
1895 5458 2056 5521 emnemur

471 5575 518 5637 c)
535 5575 656 5640 ιιιοιιι]
676 5575 751 5628 erro.
771 5572 845 5623 1-e.
863 5573 906 5621 ιι.
926 5569 1037 5622 tarum
1260 5552 1265 5562 '
1483 5561 1530 5622 ιι)
1547 5562 1611 5623 ua]
1627 5561 1700 5613 eam
1719 5560 1759 5608 ar.
1779 5560 1896 5622 esen,
1913 5560 1975 5622 opp.
1996 5562 2018 5607 r.
2037 5560 2060 5611 r.
2077 5560 2121 5610 rm
