5859 6734
1184 727 1293 794 Pffll..
1322 727 1426 806 MEla·
1448 727 1636 798 sclam
1647 723 1926 800 boemanos.
2488 723 2553 789 (iffi

1576 913 1685 980 Deum
1705 931 1766 998 per
1788 912 2004 978 Mediatorem
2026 907 2205 985 Christum,
2224 910 2289 972 imo
2313 905 2443 994 fingant
2465 905 2550 972 alios

1420 1059 1423 1064 .
1576 999 1775 1064 mediatores
1808 1007 1943 1060 sanctos
1977 1006 2034 1060 aut
2066 995 2185 1058 missas
2214 1003 2271 1057 aut
2292 988 2550 1070 satisfactiones,

907 1081 1192 1148 Antithesis.
1577 1095 1634 1232 adut
1655 1080 1720 1147 alia
1742 1101 1762 1144 o
1786 1099 1860 1156 era;
1905 1081 1996 1157 Item,
2019 1079 2073 1164 qui
2097 1079 2218 1155 dicant,
2243 1076 2458 1142 dubitandum
2476 1097 2551 1142 esse

1601 1187 1620 1231 e
1685 1168 1752 1231 atia
1806 1165 1846 1231 ei.

651 1247 718 1314 lam
750 1249 998 1314 consideremus
1030 1249 1161 1316 humani
1200 1253 1332 1338 generis
1368 1263 1536 1318 coutuma·
1644 1187 1784 1316 ggentas
1817 1262 1869 1314 est
1902 1250 2123 1326 desertorum,
2157 1248 2212 1330 qui
2244 1244 2401 1310 deliciunt
2427 1267 2450 1310 a
2472 1267 2553 1313 vera

565 1333 648 1398 ciam
670 1332 832 1398 adversus
848 1335 984 1414 primurn
1006 1347 1237 1420 praeceptum,
1258 1347 1294 1400 ιιι
1316 1348 1349 1403 et
1370 1336 1537 1401 infirmita·
1578 1337 1729 1401 doctrina
1745 1331 1918 1421 Evangelii
1948 1345 2037 1399 metu
2059 1331 2112 1397 vel
2135 1332 2227 1408 odio,
2249 1341 2285 1395 ιιι
2306 1330 2423 1408 ludas,
2454 1327 2552 1397 iulia·

563 1426 630 1480 tem
662 1427 809 1482 nostram
835 1438 1074 1504 agnoscamus,
1107 1432 1139 1486 et
1159 1419 1270 1506 aliquo
1291 1421 1391 1486 modo
1414 1422 1536 1486 discer-
1578 1440 1642 1486 nus
1665 1432 1729 1486 etc.

563 1519 643 1574 uere
675 1503 798 1589 gradus
828 1515 1043 1587 peccatorum
1079 1518 1196 1571 contra
1227 1505 1293 1571 hoc
1348 1517 1536 1590 raeoeptum
1665 1503 1831 1588 Septimus
1854 1514 1904 1568 est
1927 1503 2180 1587 desperantium,
2203 1514 2238 1566 ut
2249 1499 2342 1576 Saul,
2365 1513 2396 1564 et
2416 1499 2552 1566 initanc

564 1583 741 1651 discamus.
786 1585 915 1652 Primus
943 1600 995 1654 est
1016 1588 1252 1674 Epicureorum
1273 1529 1537 1658 etheademico·
1580 1590 1843 1673 desperationem
1873 1607 1969 1653 ruere
2002 1606 2116 1652 omnes
2144 1605 2285 1649 necesse
2306 1599 2373 1662 est,
2406 1587 2460 1670 qui
2481 1606 2551 1650 non

564 1689 646 1748 ram,
667 1673 724 1754 qui
745 1683 867 1758 negant
887 1685 943 1738 aut
966 1675 1125 1753 dubitant,
1143 1697 1186 1742 an
1208 1677 1251 1740 sit
1271 1673 1383 1755 Deus,
1415 1695 1458 1739 an
1481 1694 1537 1740 cu·
1579 1685 1700 1740 uonrnt
1720 1672 1935 1757 Evangelium
1958 1673 1998 1736 de
2022 1670 2086 1735 fide
2108 1673 2140 1735 in
2163 1669 2341 1734 Christum.

564 1765 615 1818 ret
630 1751 790 1833 humana,
815 1777 859 1820 an
880 1754 946 1824 hoc
968 1760 1123 1838 verbum,
1151 1761 1240 1845 quod
1260 1759 1360 1826 habet
1370 1757 1537 1837 Ecclesia,
1666 1759 1813 1823 Octavus
1837 1769 1900 1836 est,
1920 1777 1987 1822 aon
2010 1757 2138 1820 discere
2154 1754 2381 1840 Evangelium,
2406 1774 2473 1817 non
2498 1777 2553 1819 et·

564 1838 608 1902 sit
629 1841 782 1906 traditum
804 1862 824 1905 a
845 1840 931 1907 Deo.
974 1841 1065 1908 Talis
1087 1857 1138 1910 est
1159 1857 1270 1910 autem
1290 1846 1430 1910 maxima
1454 1843 1536 1910 mul·
1581 1845 1683 1908 citare
1716 1863 1754 1907 sa
1786 1843 1829 1906 ad
1857 1843 2051 1907 audiendam
2085 1851 2117 1903 et
2145 1843 2411 1924 cognoscentiam
2433 1841 2553 1904 doctri·

564 1923 668 1989 titudo
689 1921 856 1990 hominurn
873 1928 1005 2012 ubique,
1027 1950 1114 2014 quae
1134 1951 1274 2013 prorsus
1297 1950 1339 1994 ex
1355 1931 1463 1995 auimo
1481 1930 1537 1994 de·
1580 1949 1657 1993 uam
1689 1926 1833 2004 Christi,
1879 1947 1952 1992 cam
1990 1925 2090 1989 Pater
2141 1922 2295 1989 coelestis
2346 1927 2552 2008 praeceperit

564 2003 645 2080 levit
665 2028 793 2074 omnem
814 2014 1042 2077 assensionem
1070 2015 1112 2078 de
1132 2014 1219 2094 Deo,
1242 2013 1390 2101 indulget
1412 2014 1537 2079 dubita·
1582 2011 1711 2092 [lllatth.
1736 2012 1786 2090 17,
1808 2011 1873 2092 5.]:
1896 2011 1991 2076 llunc
2014 2012 2131 2074 audite.

565 2091 645 2158 tioui
673 2105 706 2158 et
742 2113 814 2158 eant
846 2095 1028 2162 confirmat.
1072 2097 1217 2185 Magnae
1248 2101 1348 2185 igitur
1379 2101 1538 2164 tenebrae
1666 2097 1782 2162 Nonus
1805 2109 1857 2162 est
1878 2096 2149 2181 Hypocritarum,
2172 2096 2243 2179 qai,
2266 2096 2329 2158 etsi
2352 2115 2432 2158 vera
2452 2095 2555 2178 proli-

565 2187 701 2244 secutae
733 2190 810 2242 sunt
840 2178 970 2266 lapsum
1002 2184 1180 2266 primorum
1200 2196 1388 2269 parentum,
1422 2181 1538 2248 athas
1581 2193 1706 2261 tantur,
1735 2202 1797 2247 nec
1830 2193 1909 2247 sunt
1934 2178 2050 2264 polluti
2072 2182 2216 2243 externis
2238 2176 2356 2255 idolis,
2389 2191 2501 2242 tamen
2523 2182 2554 2244 in

566 2265 721 2330 tenebras
787 2277 861 2332 stea
882 2265 1055 2333 coniinnat
1083 2267 1207 2334 malitia
1238 2269 1406 2336 homiuum
1427 2281 1460 2334 et
1481 2269 1538 2334 ad·
1582 2270 1683 2333 corde
1715 2277 1792 2332 sunt
1824 2267 1895 2330 sine
1929 2267 2044 2330 timore
2072 2261 2152 2340 Dei,
2186 2265 2257 2327 sine
2281 2262 2360 2342 fide,
2390 2277 2423 2326 et
2447 2267 2556 2351 magis

566 2349 655 2415 iuvat
676 2347 742 2416 Dia
766 2349 850 2416 olas.
1582 2364 1693 2417 amant
1719 2349 1800 2418 volu
1823 2363 1907 2416 tates
1936 2370 2015 2416 suas
2044 2360 2101 2412 aut
2124 2369 2220 2430 opes,
2242 2369 2340 2432 quam
2361 2347 2503 2426 Deum,¹
2522 2365 2556 2414 ut

652 2433 824 2501 Secundus
846 2440 970 2525 gradus
992 2449 1044 2503 est
1065 2458 1197 2517 eorum,
1225 2440 1281 2523 qui
1302 2436 1393 2504 idola
1415 2434 1538 2516 colunt,
1580 2434 1699 2501 Nabal.
1743 2433 1833 2500 Talrs
1866 2455 1997 2518 semper
2029 2454 2148 2518 magua
2169 2432 2340 2499 multitudo
2364 2445 2415 2496 est
2438 2435 2472 2497 in
2494 2433 2556 2498 Eo

567 2519 632 2586 hoc
653 2531 717 2597 est,
739 2523 795 2605 qai
817 2520 944 2608 fingunt
965 2520 1086 2588 multos
1107 2523 1218 2601 Deos,
1240 2535 1274 2588 et
1296 2525 1461 2588 diversam
1481 2542 1538 2606 po
1583 2519 1684 2586 clesia
1715 2523 1812 2586 etiam
1844 2518 1987 2586 habente
2020 2540 2133 2602 pmant
2168 2519 2364 2594 doctrinam,
2386 2531 2421 2582 ut
2445 2533 2556 2584 monet

567 2607 700 2670 tentiam
721 2603 861 2692 siugulis
883 2609 1081 2687 attribuunt,
1101 2620 1138 2673 ιιι
1155 2607 1296 2686 Ethnici,
1318 2620 1374 2673 aut
1395 2609 1541 2673 tribuunt
1581 2604 1742 2691 parabola
1764 2606 1950 2698 desemine
1974 2601 2104 2684 [Matth.
2129 2603 2181 2680 13,
2203 2604 2246 2666 at
2267 2606 2368 2687 sqq.].

568 2690 710 2754 divinum
727 2686 898 2769 honorem,
920 2692 952 2755 id
970 2704 1032 2771 est,
1049 2694 1292 2758 invocationem
1311 2693 1484 2771 creaturis,
1505 2703 1541 2756 ιιι
1668 2690 1826 2755 Decimus
1848 2701 1900 2756 est
1921 2689 2089 2773 superbia,
2111 2688 2144 2750 id
2166 2701 2227 2765 est,
2249 2688 2420 2752 admiratio
2432 2701 2463 2751 et
2475 2687 2558 2752 lidu-

569 2775 624 2858 qui
646 2775 801 2838 invocant
822 2787 958 2839 sanctos
984 2788 1143 2842 mortuos.
1186 2776 1355 2843 hrvocatio
1378 2778 1463 2842 enim
1485 2778 1540 2840 tri·
1584 2778 1635 2840 cia
1664 2777 1815 2858 propriae
1839 2776 2020 2858 potentiae,
2054 2773 2249 2851 scientiae,
2282 2774 2455 2848 virtutum,
2484 2775 2558 2837 sine

570 2858 639 2923 buit
670 2859 955 2943 omnipotentiam,
987 2873 1043 2925 aut
1070 2859 1208 2948 alligant
1229 2860 1338 2927 Deum
1366 2863 1410 2930 ad
1431 2873 1539 2926 certas
1584 2862 1750 2946 agnitione
1782 2861 1937 2944 propriae
1957 2859 2074 2924 imbec'
2103 2858 2206 2936 itatis,
2240 2859 2313 2921 sine
2334 2859 2501 2942 agnitione
2526 2871 2557 2922 et

570 2954 717 3020 statuas,
750 2963 825 3008 cant
858 2947 930 3010 sine
961 2947 1066 3012 verbo
1099 2966 1161 3009 suo
1182 2967 1251 3011 nou
1271 2945 1351 3012 velit
1374 2944 1541 3012 adullam
1582 2946 1737 3031 petitione
1759 2943 1870 3010 auxilii
1893 2944 2002 3021 divini,
2024 2954 2059 3007 ιιι
2076 2940 2267 3008 Alexander
2289 2945 2436 3006 maximis
2454 2944 2558 3008 rebus

569 3046 639 3091 rent
660 3023 802 3112 alligari.
846 3027 987 3094 Constat
1007 3041 1125 3116 autem,
1142 3032 1297 3098 mundum
1319 3050 1451 3118 semper
1472 3029 1541 3114 ple·
1584 3031 1689 3117 gestis
1722 3030 1844 3094 iudicat
1875 3029 1942 3092 hoc
1974 3026 2226 3110 pulcherrimum
2259 3047 2295 3092 re
2342 3048 2394 3090 am
2426 3039 2559 3111 partam

568 3133 647 3178 num
677 3107 783 3178 fuisse
821 3124 854 3178 et
886 3133 963 3180 esse
995 3113 1166 3181 idolorum.
1210 3116 1280 3180 Nec
1314 3115 1466 3182 differunt
1498 3117 1540 3181 ab
1585 3135 1661 3181 esse
1683 3112 1831 3179 consiliis
1854 3125 1887 3179 et
1909 3113 2169 3178 dimicationibus
2191 3114 2274 3190 suis,
2318 3111 2478 3176 eiectatur
2488 3110 2560 3175 hac

569 3195 717 3261 lithnicis
738 3199 884 3264 moribus
905 3200 1070 3266 invocatio
1092 3212 1284 3268 sanctorum
1305 3214 1339 3268 et
1359 3213 1541 3267 statuarum
1585 3221 1647 3266 sua
1668 3202 1838 3283 sapientia,
1860 3219 1922 3264 sua
1943 3197 2144 3274 fortitudine,
2161 3198 2273 3282 incipit
2294 3208 2505 3262 contenmere
2525 3211 2559 3260 et

570 3279 690 3348 mlius·
1584 3305 1734 3371 premere
1755 3281 1940 3362 inferiores,
1961 3303 2024 3346 nec
2114 3284 2198 3346 oscit
2215 3280 2278 3345 has
2299 3291 2405 3344 tantas
2428 3299 2487 3342 res
2500 3301 2560 3365 ge-

655 3365 786 3432 'l'ertius
807 3368 931 3452 gradus
953 3380 1005 3434 est
1021 3368 1207 3456 Magorum,
1225 3373 1282 3457 qui
1302 3383 1401 3456 pacta
1417 3369 1542 3437 faciunt
1585 3383 1655 3435 stes
1677 3390 1754 3436 esse
1764 3368 1828 3435 Dei
1849 3367 1982 3447 auxilio,
2004 3368 2058 3452 qui
2098 3370 2183 3430 ersis
2205 3368 2364 3514 eripiebat
2376 3367 2558 3448 imperium,

571 3473 645 3518 eam
665 3449 820 3517 Diabolis
841 3452 993 3518 hostibus
1017 3452 1099 3533 Del,
1131 3467 1164 3520 et
1184 3474 1313 3536 eorum,
1346 3457 1402 3541 qui
1421 3454 1542 3542 Magos
1585 3468 1621 3522 ut
1649 3475 1708 3520 eos
1736 3457 1883 3539 puniret,
1917 3454 2004 3519 sicut
2037 3464 2069 3516 et
2096 3463 2213 3534 postea
2235 3452 2267 3515 A
2282 3451 2425 3515 exander
2447 3447 2557 3514 factus

572 3533 757 3614 consulunt,
780 3548 814 3600 at
835 3539 1028 3623 eorum,qui
1042 3538 1115 3606 aliis
1128 3542 1368 3625 superstitiosis
1386 3543 1543 3606 observa·
1585 3542 1721 3626 nequior
1753 3541 1892 3623 punitur.
1943 3536 2033 3602 Talis
2066 3537 2262 3601 describitur
2284 3549 2317 3600 et
2338 3532 2558 3600 Nabuchodo-

571 3619 714 3687 tionibus
735 3621 835 3686 dediti
856 3635 951 3701 sunt,
991 3626 1111 3709 quibus
1132 3627 1283 3692 tribuitur
1304 3627 1451 3710 potentia
1472 3627 1543 3690 sine
1585 3629 1753 3704 nosor,⁸¹)
1775 3627 1830 3709 qui
1852 3624 2032 3708 castigatus
2054 3621 2208 3708 agnoscit
2228 3620 2313 3686 hanc
2335 3621 2558 3706 arrogantiam

573 3706 777 3772 ordinatione
798 3705 879 3785 Dei3
918 3707 1028 3782 Quare
1054 3710 1083 3774 si
1106 3713 1168 3858 pai
1188 3709 1326 3776 allectus
1349 3730 1388 3775 se
1411 3722 1543 3790 uantur,
1586 3723 1619 3776 et
1641 3731 1680 3775 se
1701 3710 1869 3783 emendat3
1913 3707 1980 3772 Sed
2002 3705 2205 3772 Senuaherib
2229 3705 2326 3770 simili
2347 3703 2454 3769 elatus
2478 3703 2557 3768 lida-

551 3789 736 3856 .Diabolus
772 3802 869 3857 autor
906 3805 975 3873 est,
1018 3805 1052 3858 et
1083 3794 1205 3859 liucia
1236 3795 1348 3860 nititur
1413 3795 1541 3862 iabolis.
1587 3798 1639 3862 cia
1671 3798 1722 3860 sui
1745 3814 1811 3857 non
1834 3792 2035 3869 emendatur,
2069 3792 2128 3854 sed
2150 3791 2350 3855 interficitur.
2395 3789 2436 3852 Et
2459 3787 2556 3853 histo·

573 3875 664 3940 llaec
686 3876 795 3940 omnia
816 3875 1032 3958 prohibentur
1053 3877 1158 3942 Lavit.
1180 3877 1232 3942 ιθ.
1256 3884 1320 3959 [vs
1342 3879 1388 3957 6.]
1411 3879 1542 3958 Anima,
1586 3883 1655 3945 riae
1687 3879 1864 3943 ostendunt
1894 3875 2083 3961 plerumque
2116 3873 2269 3940 heroicos
2303 3878 2394 3940 viros
2427 3875 2557 3938 tandem

574 3979 659 4108 puae
680 3957 896 4025 declinaverit
917 3964 959 4026 ad
980 3962 1103 4049 Magos
1125 3975 1159 4028 et
1179 3961 1317 4042 ariolos,
1335 3975 1367 4029 et
1381 3962 1545 4030 fornicata
1587 3965 1725 4049 opprimi
1757 3963 1951 4027 tristissimis
1986 3961 2129 4026 casibus.
2174 3961 2209 4024 ld
2243 3981 2284 4024 eo
2307 3959 2361 4038 iit,
2395 3957 2556 4044 quiahoc

589 4045 672 4108 uerit
692 4064 766 4108 cum
787 4045 846 4123 eis,
869 4065 990 4129 ponam
1009 4043 1126 4112 inciam
1147 4067 1253 4112 meam
1275 4060 1391 4114 contra
1412 4069 1496 4128 earn,
1513 4061 1547 4115 et
1588 4051 1685 4115 modo
1714 4060 1869 4132 peccaut,
1901 4047 2104 4112 admirantur
2137 4064 2214 4110 sese
2237 4059 2269 4109 et
2292 4045 2459 4109 confidunt
2487 4045 2556 4106 sais

574 4125 765 4194 interficiam
789 4125 881 4196 illum
902 4129 943 4194 de
964 4131 1070 4196 medio
1091 4151 1135 4214 po
1158 4131 1205 4198 uli
1225 4133 1287 4199 sui.
1589 4136 1683 4200 donis
1706 4135 1777 4197 sine
1794 4133 1960 4218 agnitione
1981 4129 2142 4194 humanae
2157 4129 2363 4207 infirmitatis,
2386 4132 2457 4193 sine
2469 4130 2557 4214 agni-

660 4211 807 4286 Quartus
825 4213 1091 4294 estludaeorum,
1112 4153 1402 4301 Philosophorum,
1423 4217 1546 4284 Haere·
1588 4222 1677 4285 tione
1710 4231 1742 4283 et
1773 4219 1930 4302 petitione
1961 4211 2072 4279 auxilii
2099 4215 2214 4294 divini,
2248 4229 2282 4280 et
2303 4235 2404 4298 saepe
2427 4223 2558 4279 moreat

575 4301 713 4366 ticoram
733 4309 765 4362 et
779 4297 1096 4381 Mahometistarum,
1119 4303 1175 4386 qui
1195 4323 1311 4368 omnes
1333 4304 1396 4368 sibi
1417 4303 1546 4388 fingunt
1588 4325 1644 4370 res
1676 4299 1881 4388 periculosas
1904 4311 1960 4365 aut
1982 4300 2078 4363 etiam
2100 4301 2238 4365 iniustas
2261 4321 2301 4364 ex
2322 4301 2458 4385 privatis
2481 4295 2559 4364 aile-

575 4403 657 4450 suos
678 4381 782 4460 Deos,
803 4403 868 4448 nec
888 4383 1004 4452 volant
1024 4406 1208 4471 agnoscere
1227 4388 1315 4455 hunc
1337 4385 1545 4467 esseDeam,
1589 4392 1696 4455 ctibus
1724 4388 1844 4453 fiducia
1864 4405 1945 4452 suae
1966 4384 2145 4468 potentiae,
2168 4398 2202 4449 ιιι
2223 4385 2410 4469 Pompeius.
2455 4384 2559 4448 Acce·

576 4469 632 4616 pai
653 4469 746 4533 sein
767 4465 832 4534 hoc
853 4472 957 4535 verbo
979 4489 1040 4536 suo
1062 4469 1243 4555 partilium
1265 4471 1433 4539 Christum
1453 4484 1546 4558 pate·
1589 4476 1670 4541 duat
1698 4485 1730 4539 et
1762 4468 1829 4537 alia
1861 4472 1957 4548 vitia,
1990 4467 2104 4545 luxus,
2140 4472 2307 4556 despectio
2330 4480 2364 4535 et.
2386 4471 2559 4554 oppressio

590 4553 665 4630 ecit,
687 4573 763 4618 omn
779 4555 830 4618 sic
849 4564 973 4620 tanturn
994 4553 1076 4620 velit
1096 4558 1236 4641 agnosci
1256 4569 1290 4622 et
1299 4558 1457 4624 invocari.
1486 4557 1546 4623 Er·
1589 4559 1739 4636 aliorum,
1759 4568 1796 4623 ut
1816 4554 2007 4620 Alexander
2028 4573 2167 4620 securus
2189 4553 2417 4632 helluabatur,
2439 4552 2560 4618 interii·

577 4635 867 4786 gpviolahantffl)
912 4639 1028 4706 rituum
1048 4653 1259 4726 praeceptum
1270 4641 1469 4721 Manichaei,
1491 4644 1546 4727 qui
1591 4646 1699 4710 ciebat
1731 4643 1852 4726 optime
1878 4641 2012 4704 meritos
2031 4639 2151 4718 duces,
2186 4642 2259 4705 ideo
2281 4654 2463 4725 sequuntur
2485 4659 2561 4723 poe

623 4721 745 4808 gehant
766 4721 851 4786 duos
906 4743 982 4802 eos,
1010 4725 1133 4790 bouum
1154 4737 1187 4790 et
1208 4725 1328 4792 malum
1348 4729 1471 4811 pariter
1493 4749 1546 4792 ae·
1590 4751 1662 4796 nae.
1707 4727 1779 4792 Hoc
1811 4728 1915 4809 ipsunt
1947 4735 2100 4809 poemata
2132 4727 2228 4790 etiam
2262 4724 2490 4809 significarunt
2524 4723 2562 4786 de

579 4817 703 4870 ternos.
746 4805 827 4872 ltem
848 4805 1098 4889 Samosatam,
1120 4812 1176 4895 qui
1198 4808 1375 4878 affirmavit
1396 4814 1431 4876 in
1452 4811 1547 4877 Chri·
1590 4813 1711 4892 Aiace,
1743 4831 1840 4896 quem
1869 4811 1984 4875 scribit
2005 4806 2191 4893 Sophocles
2221 4812 2295 4874 ideo
2317 4810 2463 4893 punitum
2488 4825 2563 4873 esse

578 4901 632 4954 sto
665 4899 790 4954 tanturn
821 4911 899 4956 esse
919 4891 1094 4958 humanam
1114 4907 1275 4962 naturam.
1298 4895 1414 4980 ,Sicut
1433 4895 1549 4962 Maho-
1590 4898 1720 4976 furore,
1753 4896 1828 4980 quia
1863 4917 1938 4960 cunt
1965 4906 2059 4980 pater
2079 4893 2235 4960 Telanton
2259 4895 2391 4958 abeunti
2413 4895 2562 4966 dixisset,

579 4975 727 5056 metistae
748 4975 845 5058 imple
867 4979 1019 5042 sentiunt.
1052 4975 1228 5046 Violanmt
1248 4980 1314 5046 hoc
1335 4993 1550 5067 praeceptum
1591 4996 1627 5050 ιιι
1659 4991 1822 5068 pugnarat
1844 4981 1974 5066 quidem
1996 4992 2144 5058 strenua,
2173 4982 2234 5045 sed
2255 5001 2276 5044 a
2296 4979 2371 5044 Deo
2393 4981 2564 5043 victoriam

580 5071 613 5124 et
633 5059 763 5135 Ariani,
796 5061 851 5162 qui
871 5073 1077 5147 negaverunt
1097 5061 1196 5130 lilium
1218 5062 1281 5130 Dei
1310 5066 1450 5131 esseda
1472 5068 1549 5131 sub·
1635 5078 1736 5144 teret,
1764 5066 1935 5149 respondit
1965 5064 2069 5142 Aiax,
2102 5067 2199 5130 etiam
2238 5064 2381 5150 ignavos
2413 5064 2566 5128 adiutore

580 5145 701 5210 stantia
728 5141 847 5208 Patns.
891 5145 971 5210 Item
1003 5145 1077 5224 alii,
1105 5151 1161 5234 qui
1193 5150 1362 5229 dixerunt,
1395 5150 1550 5236 Spiritum
1626 5172 1667 5219 eo
1699 5170 1801 5236 posse
1834 5151 1982 5229 vincere,
2015 5170 2053 5214 se
2087 5170 2165 5213 vero
2192 5150 2246 5215 vel
2281 5151 2351 5214 sine
2383 5146 2469 5213 Deo.
2516 5147 2566 5212 Ex

581 5241 730 5294 sanonum
751 5238 876 5292 tantum
898 5249 976 5294 esse
997 5242 1118 5296 motam
1139 5232 1375 5300 inhominibas
1392 5249 1550 5302 creatum.
1593 5237 1644 5304 his
1678 5233 1835 5319 exemplis
1868 5231 1966 5300 facile
1994 5231 2131 5319 intelligi
2153 5246 2283 5318 potest,
2317 5253 2420 5319 quare
2442 5231 2566 5298 heroici

666 5313 806 5387 Quintus
839 5315 963 5397 gradus
985 5327 1036 5379 est
1065 5335 1194 5394 eorum,
1217 5322 1273 5404 qui
1300 5340 1365 5384 non
1395 5320 1550 5387 invocant
1595 5325 1655 5388 viri
1678 5324 1807 5388 tandem
1830 5322 1940 5385 saevis
1963 5320 2095 5386 casibus
2109 5322 2339 5405 opprimantur.
2365 5320 2567 5400 etscn'ptum

583 5583 629 5646 ιθ)
648 5581 786 5646 ottranni
808 5585 881 5640 atat
903 5587 976 5638 t-t.
993 5587 1018 5639 a
1037 5587 1062 5638 ι.
1078 5583 1104 5640 ι.
1122 5571 1217 5642 notin
1597 5595 1644 5659 ιι)
1662 5593 1909 5657 ιιιιιιιιιιιιιι,]
1929 5591 2001 5646 nota.
2024 5593 2096 5646 ι-ι.
2117 5595 2141 5644 ι.
2160 5595 2182 5644 r.
2201 5595 2224 5644 ι.
2243 5591 2465 5646 structionem.
