5859 6734
518 675 586 742 olii
1220 675 1334 744 etim.
1356 676 1460 744 liet.
1482 674 1671 746 SCRll'l'A
1690 675 1968 746 hostiarios
2453 684 2522 760 w

519 875 676 930 semente
695 861 883 926 Ecclesiam
902 881 998 926 suam
1018 864 1142 948 ubique
1163 875 1324 928 terrarum
1340 874 1374 928 et
1395 864 1520 928 comi-¹
1626 861 1714 928 lieni
1737 884 1779 928 ue
1807 866 2029 930 narrationem
2055 864 2187 932 loannis
2220 870 2520 938 accommodabant

521 953 586 1016 hue
608 949 821 1032 temporibus.
866 946 960 1011 llaec
980 969 1042 1033 pro
1064 950 1114 1012 ria
1135 959 1213 1012 sunt
1234 959 1373 1013 naturae
1394 950 1497 1014 omui·
1539 947 1583 1012 ed
1612 967 1706 1012 exern
1823 947 1965 1013 hominis
1994 947 2181 1016 architectis
2208 962 2245 1016 ut
2272 951 2306 1014 in
2334 951 2519 1026 architecto
2559 983 2561 988 ·

518 1033 673 1122 potantis.
721 1029 812 1096 Utile
839 1045 890 1097 est
918 1034 1019 1118 igitur
1106 1033 1332 1098 cdoctrinam
1359 1035 1394 1098 iu
1413 1031 1496 1098 Pro·
1540 1042 1592 1096 est
1613 1033 1687 1098 idea
1706 969 1808 1099 loturi
1829 1035 1959 1118 operis,
1988 1054 2074 1119 quae
2100 1055 2168 1100 non
2189 1047 2241 1102 ast
2262 1055 2428 1120 persona,
2456 1041 2520 1108 sed

519 1119 629 1206 phetie
661 1119 705 1186 de
741 1118 953 1183 invocatione
983 1116 1130 1183 Messiee
1169 1118 1395 1182 considerare.
1452 1113 1497 1182 Et
1538 1118 1747 1201 propositum
1768 1129 1802 1182 et
1824 1119 1980 1204 cogitatio
2009 1119 2044 1182 in
2064 1117 2236 1185 architecti
2258 1133 2388 1202 mente,
2407 1125 2458 1190 sic
2481 1127 2518 1194 ln

519 1215 659 1290 apparet
671 1201 798 1281 Patres,
819 1201 1005 1286 Prophetas
1027 1222 1069 1267 ac
1090 1199 1176 1267 alios
1196 1203 1271 1285 pios
1293 1202 1416 1268 veteris
1432 1200 1496 1267 'l'e-
1538 1203 1710 1266 conditore
1733 1201 1808 1266 Deo
1830 1203 1982 1268 dixenmt
2003 1201 2108 1268 luisse
2124 1204 2232 1270 ideam
2254 1209 2518 1294 etproposltum,

518 1289 669 1354 ammenti
691 1288 892 1356 divinitatem
912 1287 1060 1352 Messias
1086 1289 1160 1372 ipsa
1186 1288 1398 1352 invocatione
1418 1307 1496 1371 pro·
1538 1288 1628 1371 quod
1649 1305 1687 1349 se
1707 1283 1897 1372 patefacere
1919 1286 2060 1354 voluerit
2081 1309 2141 1372 per
2161 1290 2383 1358 conditionem
2402 1297 2517 1364 mundi

518 1373 631 1440 sessos
660 1393 753 1452 esse,
782 1383 816 1435 et
842 1391 905 1436 nos
927 1374 1016 1437 dicta
1038 1370 1097 1436 ille
1123 1393 1190 1436 non
1212 1368 1321 1437 solum
1343 1372 1496 1438 erudiunt
1537 1383 1571 1434 et
1590 1390 1652 1455 per
1677 1372 1849 1437 doctorem
1870 1370 2086 1438 excellentem
2115 1372 2301 1453 Christum,
2323 1377 2516 1446 emturum

518 1463 562 1524 de
581 1471 701 1524 notura
721 1455 814 1535 Filii,
843 1457 904 1521 sed
925 1459 1022 1522 etiam
1046 1455 1261 1523 consolantur
1284 1457 1381 1522 etad
1402 1458 1496 1522 invo-
1536 1456 1720 1520 doctrinam
1747 1453 1864 1522 salutis
1897 1471 1931 1522 et
1957 1460 2117 1522 editurum
2146 1462 2330 1526 testimonia
2354 1463 2396 1526 de
2421 1459 2511 1528 Deo.

518 1547 680 1610 cationem
701 1543 894 1607 exuscitant.
1535 1539 1631 1606 llanc
1655 1542 1887 1625 cogitationem
1909 1561 1970 1608 seu
1991 1541 2057 1606 hoc
2078 1546 2286 1628 propositum
2294 1547 2338 1623 ω)
2359 1547 2513 1614 dixeram

602 1628 742 1714 Semper
763 1647 844 1775 ergo
868 1628 911 1690 sit
931 1629 966 1690 in
988 1637 1170 1710 conspectu
1189 1624 1275 1690 haee
1295 1627 1396 1704 ratio,
1418 1645 1495 1692 cum
1535 1623 1640 1689 fuisse
1662 1627 1769 1709 ipsum
1785 1638 1929 1774 patrem,
1952 1638 1986 1691 et
2007 1628 2049 1692 de
2070 1626 2134 1692 hac
2157 1629 2360 1714 cogitatione
2376 1632 2511 1698 eluutin

518 1717 560 1780 de
575 1715 784 1778 invocatione
823 1711 918 1776 hristi
934 1714 1032 1776 toties
1046 1712 1279 1796 praecipiatur.
1312 1709 1494 1776 Fatendum
1536 1708 1659 1774 Genesi
1683 1716 1769 1794 [cap.
1804 1720 1826 1790 .]
1849 1713 2010 1796 scriptmn
2031 1731 2125 1778 esse:
2147 1712 2241 1778 Dixit
2262 1712 2369 1793 Deus,
2390 1715 2424 1780 id
2446 1729 2512 1801 est,

513 1801 625 1865 estin
647 1797 780 1868 Christo
803 1815 882 1861 esse
903 1809 1053 1862 naturam
1075 1796 1237 1873 dimum,
1281 1798 1337 1860 uia
1357 1797 1494 1861 invoca·
1535 1795 1694 1873 decrevit,
1715 1799 1904 1879 proposuit3
1926 1807 1960 1860 et
1979 1798 2014 1860 in
2036 1796 2158 1863 loanne
2181 1797 2304 1878 [l,3.]:
2326 1798 2515 1885 Omniaper

517 1886 564 1949 tio
585 1885 752 1959 absentis,
773 1883 829 1965 qui
850 1902 917 1945 non
943 1882 1146 1966 conspicitur
1168 1817 1358 1958 visibiliter,
1379 1881 1493 1946 tribuit
1533 1881 1642 1966 ipsum
1663 1877 1753 1944 facta
1782 1891 1876 1958 sunt,
1904 1881 1938 1946 id
1959 1893 2028 1960 est,
2057 1881 2175 1948 Omnia
2203 1883 2336 1950 condita
2357 1897 2436 1950 sunt
2452 1906 2515 1970 per

517 1970 793 2051 omnipotentiam.
848 1966 954 2030 Sentit
991 1968 1076 2031 enim
1107 1963 1200 2031 illum
1238 1967 1352 2031 videre
1383 1975 1492 2030 motus
1533 1961 1621 2028 hanc
1642 1963 1813 2030 architecti
1836 1967 2068 2050 cogitationem
2095 1986 2155 2032 seu
2176 1987 2236 2052 per
2257 1986 2444 2036 sermonem
2465 1971 2515 2042 iu·

518 2053 664 2119 cordium
694 2051 836 2115 omnium
862 2050 1030 2115 hominum
1058 2051 1181 2135 ubique
1214 2061 1386 2116 terrarum.
1430 2048 1492 2114 iiic
1534 2051 1676 2130 beutam,
1698 2060 1811 2114 utres
1832 2049 1936 2114 fieret.

517 2151 551 2203 et
575 2136 750 2201 Ecclesiae
778 2134 964 2219 exemplum
985 2136 1246 2213 meminerimus,
1273 2155 1360 2221 qnae
1389 2153 1493 2220 saepe
1620 2131 1718 2208 Quod
1743 2154 1825 2200 vero
1858 2134 2000 2200 loannes
2040 2136 2144 2220 inquit
2178 2136 2330 2220 [1‚1‹t.],
2362 2137 2513 2208 Verbum

516 2224 632 2306 repetit
651 2220 897 2370 precationem,
923 2226 1028 2306 χριστέ
1056 2224 1184 2297 ἐλέησον.
1228 2219 1320 2286 Ηοοο
1341 2221 1490 2305 precatio
1533 2239 1614 2284 caro
1634 2213 1759 2285 famum
1781 2229 1853 2297 est,
1873 2222 1924 2284 sic
1952 2234 2185 2304 comparant,
2208 2223 2339 2286 tandem
2360 2224 2453 2290 iuxta
2478 2225 2512 2290 id

517 2319 570 2372 est
588 2327 650 2392 pro
665 2307 755 2370 essio
778 2305 955 2370 divinitatis
977 2304 1107 2370 Christi
1531 2305 1737 2388 propositum
1765 2315 1878 2368 natum
1900 2325 1977 2371 esse
2000 2325 2041 2370 ex
2063 2307 2190 2392 virgine
2208 2305 2388 2388 Christum,
2410 2319 2511 2396 atque

600 2391 699 2456 Nunc
721 2391 764 2454 ad
784 2388 941 2454 loannem
955 2390 1093 2467 accedo,
1113 2390 1170 2474 qui
1187 2390 1416 2474 descripturus
1433 2409 1491 2453 na·
1532 2389 1579 2451 ita
1610 2387 1766 2454 loannem
1799 2409 1953 2456 exorsum
1986 2409 2062 2454 essa
2094 2391 2262 2476 inquiunt,
2294 2404 2331 2458 ut
2362 2405 2512 2462 moneret

515 2476 663 2542 turasio
686 2473 819 2540 Christo
842 2475 1009 2538 orditura
1031 2475 1158 2540 divina:
1180 2473 1397 2559 lriprincipio
1420 2484 1493 2538 erat
1532 2471 1748 2558 Evangelium
1769 2493 1836 2539 non
1866 2495 1942 2540 esse
1964 2476 2131 2540 inventum
2152 2476 2346 2556 humanmn,
2374 2479 2435 2546 sed
2456 2499 2510 2544 ae-

516 2563 614 2642 λόγος.
656 2561 715 2626 Sic
735 2570 837 2624 vocat
856 2557 973 2624 Filium
993 2559 1076 2636 Dei,
1098 2560 1153 2661 qui
1198 2571 1293 2624 ostea
1313 2559 1493 2642 assumpsit
1532 2567 1659 2624 ternum
1680 2557 1745 2624 Dei
1765 2561 1971 2644 propositum
1993 2557 2114 2638 fuisse,
2136 2563 2263 2627 mittere
2284 2561 2375 2628 hune
2397 2563 2511 2630 docto·

516 2647 691 2711 humanam
712 2656 878 2721 naturam,
900 2655 936 2708 ut
956 2645 1001 2708 ibi
1028 2646 1061 2707 in
1085 2654 1149 2708 mtr
1207 2645 1382 2710 tverbum
1411 2664 1491 2708 caro
1532 2662 1602 2708 rem
1637 2641 1804 2710 Christum
1837 2657 1869 2709 et
1901 2663 1963 2728 per
1995 2665 2069 2710 erun
2101 2645 2200 2710 edere
2230 2649 2417 2713 testimonia
2452 2648 2511 2715 dc·

518 2729 640 2797 lactum
661 2741 725 2794 est.
768 2727 912 2792 Primmn
932 2740 1043 2794 autem
1063 2665 1107 2792 le
1127 2725 1185 2792 illa
1204 2739 1325 2794 natura
1339 2726 1492 2812 loquens,
1533 2727 1669 2792 ctrinae.

516 2836 603 2900 quae
631 2813 693 2880 tuit
719 2825 795 2878 ante
821 2815 1096 2890 incarnationem,
1129 2809 1272 2876 affirroat
1300 2813 1387 2893 λόγον
1414 2832 1492 2877 οοοο
1618 2811 1710 2876 Ηοοο
1737 2812 1978 2897 sycophantiae
2007 2812 2212 2898 corruptela,
2234 2817 2312 2900 quia
2333 2814 2448 2882 alludit
2465 2819 2510 2884 ed

515 2913 694 2977 aeternnm,
740 2899 794 2963 uia
815 2900 848 2961 in
873 2900 920 2962 uit
939 2895 1045 2962 irrisae
1065 2909 1142 2962 ante
1164 2900 1364 2963 creationem
1380 2910 1413 2962 et
1429 2900 1492 2962 ait:
1532 2895 1708 2962 humanum
1735 2896 1940 2983 exemplum,
1966 2912 2101 2984 propter
2123 2900 2376 2966 concinnitatem
2403 2904 2510 2988 impiis

516 2985 635 3050 Omnia
699 3005 716 3048 r
769 3003 823 3048 um
879 2995 935 3048 cta
957 3003 1045 3048 esse.
1532 2982 1672 3068 ingeniis
1696 2980 1861 3048 blanditur·
1890 2997 1923 3048 et
1950 3004 2009 3050 sae
2033 3004 2053 3050 e
2079 3005 2218 3072 magnas
2247 2988 2359 3051 minas
2393 2990 2536 3062 tramite

601 3005 754 3134 Εῐῖιιοο
775 3067 860 3148 λόγον
880 3065 1144 3132 nominatDeum
1165 3067 1333 3170 inquiens:
1356 3065 1398 3131 Et
1418 3086 1492 3132 ver·
1532 3068 1607 3132 ideo
1629 3066 1723 3131 iirrna
1745 3070 1932 3134 testimonia
1958 3091 1998 3134 co
2028 3073 2034 3086 “
2061 3071 2147 3135 enda
2164 3081 2258 3150 sunt,
2287 3091 2371 3156 quae
2399 3083 2512 3138 osten·

517 3157 595 3220 burn
623 3166 695 3220 erat
722 3153 827 3219 Dens.
869 3153 956 3217 Nam
985 3151 1135 3218 Graecus
1161 3149 1323 3217 articulus
1351 3161 1492 3218 testabar
1533 3152 1615 3218 dunt
1641 3163 1796 3236 oportere
1816 3151 1871 3222 liic
1895 3154 1981 3234 λόγον
2002 3152 2140 3239 intelligi
2167 3174 2356 3240 personam
2380 3155 2512 3242 Estque

517 3241 602 3322 λόγον
624 3238 858 3305 collocandum
878 3257 956 3303 esse
974 3235 1051 3303 loco
1069 3239 1208 3304 subiecti
1229 3249 1264 3302 et
1283 3235 1392 3302 Deum
1413 3233 1491 3302 loco
1532 3238 1710 3386 praecipua
1740 3239 1774 3340 in
1804 3241 1994 3388 irpirrrrtatione
2025 3238 2510 3390 loanniscotntpppcprsia,Dau

1670 3342 1702 3386 rc
1727 3342 1802 3409 sign
1840 3343 1879 3389 ce
1919 3345 2114 3408 personam,
2148 3345 2223 3390 sicu
2345 3344 2416 3390 esra
2477 3346 2512 3392 er

538 3327 707 3391 medicati.
749 3324 823 3388 Nec
843 3325 1042 3409 ambiguitas
1062 3333 1116 3387 est
1136 3322 1192 3387 hic
1213 3323 1248 3387 in
1270 3319 1491 3406 appellatione
1534 3322 1621 3403 λόγος

514 3347 589 3474 liet
631 3409 784 3474 Narratio
812 3409 898 3473 enim
918 3409 1065 3473 institute
1091 3418 1145 3472 est
1171 3408 1215 3472 ad
1236 3407 1492 3492 descriptionem
1533 3404 1706 3474 Catholica
1727 3428 1862 3493 semper
1884 3411 1990 3474 sensit
2012 3420 2045 3474 et
2066 3405 2222 3476 defendit.
2255 3410 2339 3475 Nam
2362 3421 2395 3474 et
2415 3423 2511 3492 tunc,

515 3497 558 3559 de
586 3495 730 3559 essentia
762 3495 883 3558 divina.
937 3492 1015 3558 ldco
1042 3490 1243 3580 intelligatur
1274 3513 1395 3558 nomen
1426 3490 1492 3557 Dei
1533 3512 1607 3558 cum
1618 3492 1856 3558 Samosatenus
1877 3492 2140 3574 tumultuaretur,
2162 3506 2387 3561 convenenmt
2407 3515 2510 3561 senes

515 3599 584 3645 non
611 3579 654 3643 de
679 3575 798 3644 officiis
823 3579 962 3657 divinis,
995 3598 1082 3664 quae
1127 3575 1408 3654 eranthemim,
1441 3581 1492 3654 (ut
1532 3576 1691 3662 Episcopi
1711 3578 1922 3644 Antiochiam
1948 3601 1990 3644 ex
2011 3581 2167 3645 vicinisr
2212 3582 2361 3660 onibus,
2384 3582 2439 3665 qui
2461 3584 2510 3647 di·

515 3665 594 3730 alibi
617 3661 702 3744 [ioh.
714 3661 831 3744 loca
849 3663 957 3728 errPs.
968 3662 1078 3743 81,6.Ι
1101 3600 1234 3728 dicitius
1255 3661 1330 3748 Ego
1348 3663 1426 3738 dixi,
1448 3663 1490 3726 dii
1531 3659 1681 3748 scipulos
1693 3663 1933 3748 Apostolorum
1944 3667 2114 3731 auderent
2136 3677 2170 3730 et
2207 3676 2434 3732 amosatenum
2455 3690 2508 3734 re·

516 3751 626 3832 ostia)
642 3749 705 3816 sed
717 3749 947 3898 propriissime
962 3749 1004 3813 de
1017 3760 1165 3826 aeterna,
1187 3749 1423 3831 omnipotente,
1444 3747 1492 3810 in·
1530 3745 1676 3812 futarunt
1697 3768 1739 3812 ac
1755 3750 1943 3814 damnatum
1964 3753 2132 3816 eiecerunt
2152 3771 2194 3815 ex
2214 3748 2377 3816 Ecclesia.

516 3833 696 3919 colligente,
741 3855 807 3900 ona
827 3835 985 3911 amentia,
1007 3833 1199 3910 conditrice,
1221 3833 1307 3896 sicut
1322 3842 1355 3897 et
1370 3845 1490 3914 postea
1616 3831 1671 3896 Ad
1688 3851 1760 3896 eam
1782 3835 2004 3918 cognitionem
2024 3833 2194 3921 proiectus
2218 3836 2400 3924 Gregorius
2418 3837 2507 3903 Neo-

516 3920 656 3984 loannes
678 3913 835 3984 affinnatt
864 3917 984 3982 Omnia
1008 3937 1071 4001 per
1097 3915 1186 3980 hunc
1203 3916 1289 3997 λόγον
1311 3934 1389 3980 esse
1411 3935 1490 3980 con·
1531 3917 1751 3980 mendensis
1772 3917 1957 4004 Episcopus
1980 3941 2100 4000 senex,
2122 3924 2215 3987 cuins
2239 3923 2421 3987 doctrinam
2443 3923 2507 3988 Ec-

516 4005 599 4078 dita3
621 4003 701 4068 dicit
722 4021 803 4088 ergo
825 4003 912 4084 tim
932 4019 1011 4066 esse
1033 4013 1201 4066 aeternum
1221 4000 1331 4066 Deum
1356 4012 1389 4065 et
1410 4020 1490 4064 con·
1532 3997 1635 4066 clesia
1657 4003 1727 4066 eim
1748 4007 1903 4088 temporis
1923 4008 2132 4088 purissimam
2153 4027 2229 4072 esse
2251 4007 2421 4086 iudicavit,
2453 4028 2506 4072 re-

516 4091 665 4154 dituram.
1530 4082 1625 4169 liquit
1653 4087 1812 4170 scriptam
1839 4087 2084 4156 confessionem
2110 4089 2211 4157 multo
2240 4103 2316 4156 ante
2347 4089 2506 4156 Nicaeam

601 4171 675 4238 lloc
701 4171 922 4238 testimonium
953 4169 1082 4236 hrmum
1114 4191 1191 4235 esse
1223 4172 1332 4235 bonae
1363 4182 1488 4234 meotes
1530 4171 1555 4236 S
1603 4172 1711 4236 odum.
1745 4173 1838 4238 llaec
1860 4172 2028 4240 confessio
2051 4185 2140 4241 extat
2160 4174 2217 4241 lib.
2229 4178 2260 4240 7.
2281 4176 2413 4242 Eusebii
2423 4197 2505 4262 pag.

515 4255 720 4346 intelligunt,
748 4275 834 4342 quae
922 4257 1074 4321 uiescunt
1093 4257 1128 4320 in
1156 4276 1241 4321 voce
1262 4252 1435 4339 Evangelii
1456 4267 1489 4320 et
1532 4191 1604 4320 ill.
1619 4260 1664 4333 ⁵¹)
1696 4254 1791 4324 Unus
1813 4257 1906 4326 Deus
1927 4273 2022 4342 pater
2042 4264 2134 4325 verbi
2152 4262 2303 4344 viventis,
2325 4263 2508 4348 sapientiae

515 4365 581 4410 nou
615 4353 792 4408 occuram
819 4343 892 4408 ca‘
965 4362 1047 4406 ones
1076 4353 1110 4406 et
1137 4339 1345 4423 corruptelas
1381 4339 1489 4406 Evan-
1530 4343 1756 4422 subsistentis,
1778 4355 1810 4408 et
1831 4347 1982 4431 imaginis
2004 4365 2085 4410 suae
2106 4348 2235 4432 integer
2249 4349 2398 4434 integrae
2414 4350 2508 4434 geui-

517 4427 606 4516 gelii.
651 4427 720 4492 Sed
740 4428 841 4492 astuti
863 4426 995 4513 quidam
1017 4429 1114 4490 etim
1137 4428 1170 4504 ii,
1191 4439 1227 4490 ut
1250 4425 1489 4492 Samosatenus

516 4525 549 4576 et
576 4523 695 4597 postea
721 4510 882 4580 Photinus
909 4522 943 4576 ct
967 4530 1085 4576 recens
1203 4523 1294 4589 etus,
1327 4508 1490 4578 scelerate

516 4596 651 4663 ‘luda‘
671 4609 705 4662 ‘t
726 4617 937 4702 ⁰⁰¹‘¹'¹,²¹¹¹P⁰¹'⁰
958 4600 1031 4700 ³⁰5³
1054 4595 1427 4701 ffm‘d50mm10ml3
1449 4617 1491 4661 ⁰⁰
1531 4634 1578 4698 50)
1597 4647 1644 4686 seu
1662 4635 1711 4686 boc
1728 4633 1895 4697 propositum]
1913 4635 1950 4686 sic
1968 4634 2041 4686 iiditt
2063 4637 2082 4686 i.
2101 4639 2141 4701 3.;
2159 4639 2218 4689 cett
2236 4638 2322 4690 iiditt:
2348 4651 2396 4692 seu
2412 4649 2509 4703 propo·

517 4682 755 4748 contenderunt
782 4687 868 4763 loyce
893 4702 961 4747 non
989 4681 1177 4768 srgmiicare
1202 4701 1398 4765 personam,
1429 4683 1490 4747 sed
1600 4704 1678 4755 situm

516 4769 603 4832 sicut
623 4769 657 4832 iu
677 4766 811 4832 homine
833 4769 1065 4854 cogitationem
1076 4766 1220 4832 hominis
1237 4777 1490 4832 autsermonem
1529 4804 1577 4868 tit)
1596 4806 1664 4857 Hm
1680 4803 1796 4865 mom
1812 4803 1940 4855 comp„
1958 4815 2009 4855 mn
2026 4805 2120 4867 ,ἐμω
2137 4806 2162 4857 2„
2182 4818 2276 4868 mem
2294 4809 2366 4859 „m
2382 4807 2509 4860 Me

516 4873 584 4917 ¹¹⁰ss
616 4851 755 4917 illelmi&
782 4872 859 4917 ⁰⁸⁵⁰
886 4874 1083 4936 Ρθῑθθῦθῐῐὶ,
1116 4853 1178 4919 ⁸011
1210 4849 1399 4939 quiillteoem
1433 4863 1490 4916 ³1¹2
1598 4873 1786 4924 ecclesiasticae
1804 4870 1912 4934 Eusebii,
1934 4872 1981 4923 sed
1999 4873 2024 4924 in
2041 4874 2088 4937 iis,
2106 4886 2170 4937 quoe
2188 4874 2302 4928 Romans
2319 4877 2445 4940 interpres
2464 4889 2509 4928 ra·

515 4939 700 5019 mmor)
720 4945 965 5014 mmmmm
987 4938 1036 5002 113
1055 4936 1231 5003 voluenmt
1249 4938 1284 5000 jn
1299 4936 1421 5002 loanne
1441 4938 1490 5000 in.
1598 4941 1642 5004 pitt
1660 4942 1701 4992 28.
1719 4939 1776 4991 libri
1793 4939 1841 4990 i'li.
1863 4939 1938 4991 buius
1956 4940 2077 4994 historiae
2095 4940 2193 4994 addidit
2216 4944 2285 4996 hisce
2305 4945 2403 4996 verbis:
2427 4945 2507 5004 ,sed

516 5019 622 5108 οιο
644 5021 730 5101 ουν
944 5043 1139 5106 ersom,
1167 5023 1228 5087 se
1256 5023 1489 5106 comunem
1599 5005 1906 5138 {tristities

516 5129 574 5172 ⁸0¹¹
593 5107 799 5191 Pl⁰l¹⁰⁸ll¹¹¹¹¹
813 5107 839 5170 Ρ
840 5110 933 5185 atris,
951 5109 1042 5191 ‘1¹¹⁰‘l
1053 5109 1096 5172 lt
1105 5110 1178 5191 ipse
1188 5105 1301 5184 ΡΜ)
1313 5108 1399 5171 ⁸5⁰¹st
1410 5107 1488 5170 dici·
1599 5143 1734 5202 Gregorius
1758 5140 2009 5204 magnificentissime
2032 5146 2145 5206 scripsit,
2170 5152 2196 5198 et
2220 5149 2358 5201 catholicae
2381 5145 2440 5197 ndei
2460 5160 2510 5199 ex·

515 5213 588 5256 mus
604 5202 745 5256 mentem
759 5205 816 5256 aut
827 5193 1004 5257 bonitatem
1015 5191 1124 5256 Patris
1136 5211 1213 5256 esse
1223 5195 1331 5274 ipsum
1343 5190 1486 5256 Patrem.
1597 5211 1748 5271 positionem
1767 5210 1878 5262 imiter
1894 5210 1988 5262 editam
2008 5211 2152 5275 dereliquit
2181 5215 2260 5276 Quam
2270 5227 2316 5276 oro
2327 5213 2507 5268 recitatione

1597 5278 1763 5330 eccieslamm
1786 5280 1884 5332 socius
1908 5278 2069 5330 commodum
2087 5281 2126 5334 bis
2144 5283 2211 5336 duri.
2246 5283 2359 5346 Gregorii
2384 5287 2508 5346 martyris

1597 5348 1623 5398 et
1640 5346 1752 5408 episcopi
1769 5347 1915 5398 necessaria
1933 5344 2012 5397 fides:
2037 5347 2106 5400 Unus
2130 5349 2194 5401 deus
2211 5353 2301 5412 pater‘
2319 5355 2366 5402 etr.
2403 5353 2438 5404 ib
2462 5351 2506 5404 bis

1596 5413 1683 5467 verbis
1701 5414 1799 5466 orditur
1814 5415 1895 5475 ipsios
1914 5413 2049 5465 mooun.
2085 5417 2153 5467 ilaec
2169 5421 2195 5468 et
2213 5430 2278 5480 quae
2296 5425 2447 5482 sequuntur,
2464 5421 2506 5472 in-

515 5486 563 5546 tt)
579 5485 686 5549 motum]
706 5483 744 5538 sic
760 5494 850 5535 omnes
869 5481 940 5534 iiditt.
958 5481 1070 5543 exceptis
1088 5480 1158 5535 iiditt
1179 5483 1315 5544 ²5-27.,
1332 5494 1397 5546 quoe
1415 5481 1480 5532 eriri·
1595 5484 1653 5534 vent
1671 5483 1697 5534 iu
1715 5482 1823 5534 illatoris
1842 5483 2015 5536 ecclesiastiea
2033 5483 2128 5544 iatine,
2152 5486 2288 5548 interprete
2307 5487 2413 5540 Rufino.
2449 5489 2505 5542 iot.

582 5554 656 5606 beni:
673 5552 777 5606 moduni
1595 5563 1616 5602 s.
1636 5550 1652 5602 l.
1671 5554 1698 5602 et
1715 5562 1738 5601 a·
1758 5549 1814 5613 (ild.
1833 5550 1994 5600 satellitii:
2020 5551 2193 5616 mercuri,
2219 5554 2307 5607 exaud.
2325 5557 2402 5608 iieur.
2421 5557 2505 5617 Erge-
