5859 6734
569 679 651 745 lunt
815 689 826 706 ⁸
1200 675 1310 742 ΡΗΙΙ..
1332 673 1435 739 ΜΕΙ..
1456 672 1641 740 SCRIPTA
1662 670 1933 740 mortemer.
2090 777 2092 781 Ι
2509 668 2580 737 M

566 865 813 951 hypocritarum
841 863 1031 947 arrogantia
1051 862 1236 948 insignibus
1259 858 1359 924 titulis
1383 880 1462 925 suas
1485 881 1538 924 ce-
1578 861 1613 923 in
1631 860 1760 937 studiis,
1777 862 1811 924 iu
1829 859 1981 943 negotiis.
2025 857 2098 922 Nec
2117 858 2351 923 immediatum
2375 854 2488 920 finem
2507 858 2574 923 ieiu-

566 949 730 1014 aemonias
752 947 930 1011 ostentavit
951 957 985 1011 et
1006 945 1191 1011 venditavit.
1579 945 1624 1007 nii
1656 942 1743 1007 hunc
1777 945 1957 1022 constituit,
1990 939 2144 1008 videlicet
2174 955 2212 1007 ut
2243 953 2346 1027 putet
2369 939 2493 1007 Deum
2525 941 2572 1007 tali

651 1031 862 1097 Mortificatio
885 1031 1121 1116 significatam
1142 1031 1332 1112 patientiam
1351 1030 1537 1093 mandatam
1579 1048 1680 1111 opere
1701 1028 1830 1092 honore
1851 1027 1951 1092 affici.

567 1116 674 1182 aDeo
694 1120 728 1180 in
747 1118 834 1180 veris
857 1114 1039 1192 doloribus,
1056 1133 1161 1178 sensu
1180 1116 1250 1178 irae
1260 1113 1336 1192 Dei,
1357 1116 1536 1198 pavoribus
1666 1113 1771 1189 Ac²⁴)
1804 1113 2033 1196 Temperantia
2065 1114 2100 1175 in
2132 1132 2256 1198 gonaro
2290 1124 2493 1196 praecepta
2514 1127 2569 1191 est,

566 1213 602 1268 et
621 1198 866 1275 afflictionibus,
888 1210 945 1262 aut
966 1200 1212 1282 temperantiam
1221 1200 1407 1264 mandatam
1419 1198 1537 1277 aDeo,
1578 1199 1640 1261 sed
1662 1200 1818 1262 exercitia
1838 1196 1904 1262 alia
1923 1197 1999 1261 aliis
2021 1209 2217 1283 congruunt.
2251 1197 2338 1263 ideo
2359 1195 2491 1263 horum
2512 1197 2567 1264 ele

567 1283 749 1352 frenantem
772 1284 984 1365 cupiditates3
1010 1285 1085 1348 Non
1104 1283 1269 1369 significat
1284 1288 1539 1370 ἐθελοθρησκείας
1580 1284 1645 1348 ctio
1668 1281 1777 1347 libera
1798 1284 1850 1346 sit.
1884 1281 1992 1346 Aliter
2010 1301 2109 1347 senes
2132 1284 2285 1366 occupati
2308 1284 2430 1360 curis,
2453 1282 2566 1349 dolori·

567 1367 628 1438 seu
649 1371 852 1435 ceremonias
874 1370 1055 1433 accersitas
1077 1371 1148 1432 sine
1170 1371 1323 1435 mandato
1346 1368 1420 1433 Dei.
1579 1370 1654 1446 bus,
1684 1368 1825 1452 negotiis
1847 1380 1880 1431 et
1902 1366 2084 1431 imbecilles
2107 1379 2224 1453 regant
2246 1388 2422 1449 corpora3
2465 1367 2566 1434 Aliter

653 1453 705 1517 De
736 1456 846 1537 priore
868 1473 1001 1536 genere,
1030 1456 1063 1517 id
1084 1464 1146 1533 est,
1168 1458 1211 1520 de
1229 1454 1408 1522 tolerantia
1426 1456 1462 1520 iu
1482 1474 1539 1520 ve-
1581 1454 1718 1517 iuvenes
1740 1454 1860 1538 vegeti,
1881 1473 1949 1516 non
1978 1449 2120 1517 confecti
2141 1456 2346 1537 angoribus,
2381 1465 2424 1517 ut
2440 1451 2563 1519 -ilavidi

515 1569 519 1582 ·
569 1543 614 1603 ris
647 1535 814 1603 doloribus
844 1547 876 1602 et
896 1540 930 1601 in
952 1560 1064 1617 cruce,
1096 1538 1239 1623 loquitur
1259 1529 1438 1638 Ρσαψὲ.
1459 1536 1538 1605 Cor.
1580 1550 1657 1602 ante
1679 1535 1811 1601 exilium
1832 1539 1938 1622 magis
1957 1557 2040 1622 opus
2063 1549 2133 1601 erat
2154 1539 2336 1614 exercitiis,
2362 1552 2562 1622 quamport·

568 1626 599 1689 4.
622 1629 683 1700 [vs.
709 1623 774 1701 10.]
819 1621 957 1706 Semper
983 1623 1266 1690 mortificationem
1283 1621 1432 1700 Bromi
1462 1623 1540 1690 iesu
1581 1642 1633 1700 ea,
1657 1644 1732 1687 cum
1753 1623 1977 1706 magnitudine
1999 1621 2150 1687 doiorum
2172 1620 2300 1688 fractus
2325 1623 2387 1686 vix
2412 1622 2563 1707 languida

451 1733 454 1739 ¹
567 1710 601 1773 in
622 1728 763 1791 corpore
792 1704 1079 1787 circumferentes,
1110 1720 1147 1772 ut
1174 1720 1207 1773 et
1227 1709 1296 1775 vita
1312 1699 1444 1776 iesui'in
1467 1729 1541 1774 cor·
1580 1709 1727 1771 membra
1748 1708 1926 1771 semivivus
1950 1707 2107 1772 traheret.
2150 1708 2246 1773 Bona
2263 1706 2435 1772 valetudo
2456 1728 2563 1793 corpo-

567 1812 647 1878 pore
664 1804 780 1855 nostro
801 1788 1039 1857 manifestetur.
1066 1792 1248 1858 Desierant
1269 1803 1418 1858 antems
1461 1811 1541 1858 nen·
1581 1795 1628 1856 ris
1650 1803 1683 1855 et
1704 1810 1863 1857 sensuum
1885 1794 1982 1877 vigor
2004 1794 2122 1856 eximia
2133 1793 2196 1857 Dei
2218 1794 2310 1857 dona
2335 1805 2435 1872 sunt,
2456 1813 2563 1859 mcer-

567 1880 613 1941 tla
634 1879 748 1954 verba,
770 1877 848 1961 quid
870 1887 968 1940 vocet
988 1878 1271 1944 mortificationem
1281 1811 1540 1944 (linistieqSem-
1581 1878 1670 1940 saria
1702 1877 1818 1940 studiis
1853 1889 1886 1940 et
1918 1880 2067 1961 negotiis.
2113 1877 2190 1941 ideo
2220 1878 2352 1942 tuenda
2375 1890 2481 1956 sunt,
2511 1900 2564 1943 nae

567 1982 645 2046 per,
673 1962 791 2045 inquit,
813 1980 876 2024 nos
898 1962 1049 2026 viventes
1071 1965 1104 2026 in
1126 1974 1264 2026 mortem
1285 1963 1444 2040 tradimur
1464 1983 1541 2045 pro·
1581 1960 1778 2025 laedendum
1800 1972 1852 2023 est
1869 1980 1910 2024 oo
1951 1982 1991 2025 us
2013 1973 2070 2025 aut
2090 1959 2236 2047 ingluvie
2257 1975 2317 2026 aut
2331 1964 2564 2028 uimiainedia

568 2059 642 2129 pter
664 2045 787 2122 lesum,
808 2057 844 2108 ut
866 2057 899 2108 et
921 2047 989 2110 vita
1010 2045 1085 2111 iesu
1106 2044 1331 2111 manifestetur
1351 2049 1385 2111 in
1407 2046 1539 2111 mortali
1581 2046 1624 2109 Et
1645 2043 1770 2110 Paulus
1791 2045 1916 2109 babere
1961 2049 2148 2124 onorem²⁶)
2170 2049 2304 2130 corpori
2329 2048 2444 2112 iubet.

569 2149 668 2195 carne
690 2141 823 2207 nostra,
854 2130 887 2191 id
910 2141 977 2207 est,
1009 2149 1110 2214 saepe
1131 2134 1228 2196 morti
1250 2134 1430 2210 obiicimm,
1454 2133 1540 2216 rapi·
1668 2128 1752 2194 Cum
1783 2132 1883 2213 igitur
1902 2135 2026 2215 magna
2052 2132 2097 2194 sit
2118 2130 2380 2210 dissimilitudo,
2417 2130 2569 2198 Ecclesia

567 2235 640 2279 mur
661 2214 704 2277 ad
726 2211 887 2298 supplicia
903 2227 1040 2298 propter
1056 2214 1299 2281 confessionem
1327 2215 1462 2294 Christi,
1485 2237 1540 2279 ex·
1582 2234 1649 2278 non
1671 2212 1737 2279 fert
1754 2211 1860 2301 leges,
1878 2217 1997 2298 quibus
2019 2235 2118 2280 unum
2140 2218 2273 2279 modurn
2290 2218 2505 2282 ieiuniorum
2519 2232 2569 2283 ant

568 2318 718 2363 arcemur
738 2298 920 2362 terroribus
941 2298 1085 2365 Diaboli.
1128 2301 1223 2367 Hanc
1244 2312 1344 2364 vocat
1365 2301 1540 2365 mortifica·
1582 2301 1812 2363 exercitiorum
1843 2302 2065 2383 praescribat,
2097 2301 2157 2363 sed
2188 2303 2222 2364 in
2254 2321 2393 2385 genere
2417 2304 2570 2385 praecipit

568 2386 689 2447 tionem
711 2381 847 2460 Christi,
870 2380 1023 2448 videlicet
1045 2385 1182 2449 similem
1200 2383 1436 2450 afflictionibus
1448 2385 1541 2451 Ciui-
1582 2383 1842 2467 Temperantiam
1871 2395 1904 2446 et
1926 2381 2023 2446 simul
2044 2395 2171 2461 monet,
2203 2405 2245 2447 ne
2267 2388 2519 2468 superstitiose
2530 2392 2569 2457 ²⁶>

568 2469 610 2532 sti
632 2479 664 2531 et
684 2471 850 2551 propriam
871 2465 1053 2533 Ecclesiae.
1083 2470 1136 2535 De
1161 2469 1227 2535 hoc
1249 2491 1370 2556 genere
1391 2482 1424 2534 et
1443 2468 1539 2534 Rom.
1583 2468 1738 2533 exercitia
1759 2465 2035 2531 transformentur
2055 2470 2089 2531 in
2112 2465 2237 2546 cultus,
2271 2482 2305 2533 et
2335 2472 2441 2535 iubet
2461 2473 2569 2535 disere

571 2553 619 2618 12.
644 2558 706 2629 [vs.
727 2552 770 2631 i.]
792 2551 909 2635 inquitz
932 2551 1093 2618 Exhibete
1117 2574 1258 2638 corpora
1274 2553 1540 2619 vestrahostiam
1582 2572 1655 2616 men
1679 2552 1784 2616 teneri
1805 2554 1889 2616 inter
1910 2571 2014 2634 opera
2034 2573 2055 2616 a
2073 2551 2148 2617 Deo
2171 2555 2331 2618 mandata
2357 2568 2397 2619 et
2417 2559 2569 2621 evertitis

569 2640 689 2714 vivam,
711 2648 870 2714 sanctam,
887 2635 1072 2720 placentem
1083 2638 1169 2716 Deo,
1191 2638 1384 2703 rationalem
1406 2638 1540 2703 cultum.
1583 2634 1690 2701 electa
1712 2657 1733 2700 a
1749 2636 1858 2699 nobis.
1888 2635 1966 2699 ideo
1984 2636 2109 2701 Paulus
2131 2639 2234 2723 inquit
2257 2639 2288 2702 l.
2311 2637 2407 2704 Tim.
2431 2642 2465 2705 4.
2489 2647 2567 2721 [ves

569 2723 644 2786 Non
678 2723 719 2786 de
751 2722 944 2785 ceremoniis
977 2734 1034 2785 aut
1067 2722 1221 2788 simulata
1253 2722 1375 2799 ἀσκήσει
1396 2721 1541 2806 loquitur
1583 2722 1689 2804 ista}
1733 2719 1862 2785 Exerce
1882 2733 1914 2784 te
1936 2723 1980 2786 ad
2000 2722 2171 2804 pietatem3
2191 2723 2277 2787 Nam
2300 2724 2502 2809 corporalis
2519 2748 2568 2791 ex·

570 2804 706 2883 Paulus,
735 2805 793 2869 sed
819 2806 860 2868 de
883 2825 998 2882 cruce,
1033 2807 1157 2884 idest,
1190 2807 1231 2871 de
1253 2805 1426 2871 tolerantia
1446 2809 1481 2870 in
1494 2811 1539 2883 22)
1583 2807 1730 2870 ercitatio
1763 2806 1806 2869 ad
1837 2806 1999 2870 modicurrr
2031 2806 2120 2871 utilis
2153 2819 2221 2888 est,
2244 2808 2384 2891 pietas
2416 2831 2499 2875 vero
2528 2812 2566 2874 ed

570 2891 658 2955 veris
680 2901 713 2953 et
734 2890 862 2973 magnis
884 2886 1068 2954 doloribus:
1101 2889 1193 2955 ilaec
1215 2902 1267 2954 est
1289 2890 1486 2955 sacrificium
1507 2893 1539 2954 in
1583 2891 1689 2954 omnia
1712 2887 1800 2953 utilis
1823 2901 1886 2954 est.
1932 2890 2136 2956 Gravissima
2156 2894 2338 2957 admonitio
2364 2907 2422 2958 est
2445 2896 2564 2961 discer-

569 2975 632 3052 his,
656 2974 711 3057 qui
731 2973 797 3038 lide
808 2971 878 3037 Filii
896 2972 959 3037 Dei
981 2976 1155 3052 sustinent,
1177 2974 1538 3054 utPsalmus[5o‚19.]
1581 2995 1666 3039 nens
1693 2978 1885 3039 necessaria
1907 2996 2009 3058 opera
2031 2987 2064 3040 et
2085 2997 2106 3040 a
2127 2976 2201 3041 Deo
2224 2977 2386 3042 mandata
2409 2981 2454 3044 ab
2475 3000 2563 3044 em

573 3060 693 3143 inquit:
718 3056 921 3123 Sacrificium
943 3058 1016 3123 Deo
1039 3079 1056 3123 s
1080 3060 1173 3123 iritus
1196 3058 1447 3144 contribulatus,
1481 3080 1540 3124 cor
1583 3061 1668 3124 citiis
1686 3057 1802 3122 electis
1823 3071 1939 3123 nostro
1957 3063 2103 3126 arbitrio.
2136 3060 2228 3126 iubet
2249 3074 2364 3126 autem
2386 3061 2422 3127 io
2508 3085 2561 3128 arr

572 3144 745 3207 contritum
768 3154 801 3205 et
821 3140 1034 3221 humiliatum,
1085 3163 1157 3222 eus,
1180 3164 1248 3208 non
1270 3144 1443 3228 despicies.
1488 3145 1538 3208 Ac
1583 3142 1697 3209 teferri
1719 3163 1821 3228 opera
1842 3165 1863 3207 a
1884 3142 1960 3208 Deo
1982 3147 2145 3223 mandata,
2167 3146 2425 3224 Poenitentiam,

571 3229 736 3312 saprade
764 3226 830 3290 hoc
863 3247 986 3312 genere
1017 3230 1049 3291 in
1083 3226 1175 3293 titulo
1209 3231 1250 3293 de
1276 3226 1384 3294 Cruce
1417 3230 1539 3293 dictum
1582 3249 1652 3293 rem
1673 3228 1749 3306 Dei,
1770 3227 1900 3305 Fidem,
1919 3229 2179 3307 invocationem,
2202 3229 2471 3306 Confessioueur,
2494 3230 2558 3295 Pe-

571 3325 633 3376 est.
1583 3313 1738 3390 tientiam,
1761 3310 1966 3392 Castitatem‚
1988 3314 2264 3399 Temperantiam,
2301 3313 2496 3400 diligentiam
2519 3318 2555 3379 irr

658 3397 711 3461 De
743 3398 891 3461 secundo
920 3418 1060 3484 genere,
1093 3398 1125 3461 id
1154 3410 1219 3480 est,
1253 3398 1295 3462 de
1311 3396 1541 3481 Temperantia
1583 3399 1769 3462 vocatione.
1814 3398 1883 3462 Has
1903 3400 2041 3463 virtutes
2064 3401 2167 3484 inquit
2188 3400 2230 3463 ad
2254 3402 2365 3464 omnia
2384 3398 2478 3465 utiles
2499 3419 2554 3462 es·

573 3482 726 3546 mandata
757 3480 890 3556 aDeo,
924 3484 1162 3546 concionantur
1182 3483 1305 3566 passim
1322 3481 1442 3546 multae
1463 3502 1541 3545 sen-
1583 3501 1637 3559 se‚
1669 3482 1793 3559 idest,
1826 3482 1920 3547 Deus
1953 3485 1986 3547 in
2017 3482 2082 3547 hac
2102 3485 2171 3548 vita
2193 3497 2392 3567 compensat
2414 3497 2446 3549 et
2462 3496 2554 3549 ornat

575 3567 704 3629 tentiae.
748 3564 829 3628 Luc.
851 3564 903 3627 al.
928 3572 990 3644 [vs.
1000 3566 1066 3644 di]
1094 3565 1275 3644 Attendite,
1299 3587 1340 3630 ne
1363 3568 1464 3631 corda
1486 3585 1540 3629 ve·
1583 3565 1644 3630 has
1662 3567 1799 3630 virtutes
1823 3570 1950 3652 magnis
1972 3570 2079 3646 bonis,
2101 3571 2224 3633 maiore
2245 3567 2324 3633 luce
2342 3580 2377 3633 et
2399 3572 2554 3653 sapientia

573 3662 643 3714 stra
665 3660 844 3734 graventur
863 3649 994 3734 crapula
1018 3662 1049 3714 et
1071 3651 1230 3714 ebrietate
1252 3663 1314 3715 etc.
1348 3650 1465 3716 iliatth.
1490 3651 1540 3713 17.
1583 3648 1755 3736 spirituaii,
1787 3653 1907 3715 robore
1929 3651 2020 3730 iidei,
2055 3651 2206 3731 consilio,
2228 3654 2465 3719 consolatione
2485 3675 2552 3720 sue·

574 3742 638 3813 [vs.
660 3733 727 3811 ii]
750 3732 823 3796 iioc
845 3753 950 3818 genus
972 3736 1215 3800 daemoniomm
1233 3756 1299 3798 non
1322 3738 1456 3814 elicitur,
1479 3738 1542 3799 nisi
1584 3755 1684 3802 cessu
1706 3738 1737 3799 in
1756 3737 1996 3818 gubernatione
2016 3734 2149 3820 publica
2171 3750 2204 3801 et
2232 3739 2433 3817 domestica,
2466 3741 2552 3803 casti

573 3820 691 3882 ieiunio
710 3828 744 3882 et
765 3819 922 3881 oratione.
965 3816 1049 3901 Eph.
1071 3818 1102 3883 6.
1126 3826 1190 3897 [vs.
1211 3820 1256 3898 4.]
1285 3819 1433 3884 Educate
1455 3819 1541 3885 filios
1584 3834 1663 3898 tate,
1683 3840 1777 3904 pace,
1801 3821 1908 3894 victu3
1952 3832 1985 3884 et
2006 3832 2084 3904 post
2103 3820 2189 3886 hanc
2212 3823 2314 3886 vitam
2336 3827 2487 3906 praemia
2507 3843 2550 3887 ae·

574 3897 799 3985 indisciplina
820 3913 854 3964 et
875 3903 1025 3967 doctrina
1046 3902 1191 3981 Domini,
1211 3904 1245 3967 id
1267 3916 1338 3986 est,
1361 3905 1542 3969 doctrinam
1584 3918 1677 3968 terna
1694 3906 1865 3969 dabuntur.
1909 3904 1955 3967 At
1978 3924 2154 3986 corporum
2175 3908 2369 3971 exercitatio
2393 3909 2441 3972 ad
2462 3908 2550 3973 modi

575 3988 615 4049 de
636 3984 712 4048 Deo
734 3986 893 4049 iuventuti
916 3987 1034 4050 tradite
1056 3998 1088 4050 et
1104 3984 1304 4052 assuefacite
1327 4008 1398 4051 eam
1419 3990 1473 4071 pia
1495 3989 1541 4050 di·
1585 4010 1658 4052 cum
1689 3986 1778 4051 utilis
1810 4000 1871 4053 est.
1915 3986 2067 4073 intelligit
2099 4001 2208 4053 autem
2239 3989 2326 4056 haec
2359 3993 2549 4057 exercitiis

574 4067 725 4153 sciplina,
745 4069 851 4153 regite
871 4088 992 4147 mores,
1013 4082 1050 4133 ut
1066 4071 1132 4134 sint
1152 4071 1303 4149 modesti,
1325 4073 1420 4148 casti,
1430 4072 1486 4154 pii,
1510 4082 1542 4135 et
1584 4074 1679 4136 nobis
1702 4068 1818 4150 eiecta,
1840 4086 1877 4138 ut
1893 4076 1923 4137 si
1941 4075 2014 4157 quis
2035 4076 2068 4137 in
2091 4076 2143 4138 die
2160 4072 2262 4138 semel
2284 4087 2418 4141 tautum
2440 4089 2548 4161 etpu-

574 4163 725 4218 exercete
756 4171 816 4218 eos
834 4164 925 4217 certo
943 4166 975 4218 et
995 4152 1137 4219 honesto
1159 4152 1292 4233 labore,
1324 4175 1382 4231 ne,
1415 4166 1449 4218 ut
1471 4154 1542 4219 fieri
1583 4153 1697 4220 xillum
1725 4153 1805 4220 velit
1836 4159 1944 4221 edere.
1995 4157 2086 4222 ilaec
2114 4179 2186 4222 cum
2215 4161 2287 4223 sine
2320 4162 2548 4245 superstitione

576 4237 674 4315 solet,
708 4236 807 4303 otiam
839 4249 872 4301 et
904 4235 1003 4303 luxus
1035 4240 1164 4324 pariant
1191 4237 1321 4306 scelera
1343 4240 1542 4304 excutientia
1584 4240 1677 4316 fiunt,
1701 4259 1768 4303 non
1791 4257 1926 4322 prorsus
1949 4244 2072 4319 abiicit,
2096 4245 2157 4308 sed
2178 4240 2264 4307 infra
2286 4264 2393 4328 opera
2404 4247 2548 4311 mandata

575 4324 731 4409 Spiritum
751 4332 911 4388 sanctum.
1585 4323 1702 4389 aDeo
1725 4320 1876 4388 collocat.
1920 4325 2064 4389 Prosunt
2081 4330 2165 4391 enim
2187 4324 2297 4411 aliqua
2318 4347 2362 4393 ex
2383 4343 2493 4414 parte,
2511 4331 2549 4394 vi·

485 4465 489 4471 ,
660 4407 738 4474 Sive
758 4408 856 4493 igitur
873 4407 1078 4473 mortificatio
1100 4407 1306 4473 tolerantiam
1327 4410 1360 4472 in
1382 4428 1483 4474 cruce
1500 4409 1543 4475 si-
1585 4409 1703 4473 deiicet
1734 4409 1811 4493 quia
1838 4410 1871 4472 in
1893 4411 2013 4473 sobriis
2036 4411 2139 4475 maior
2161 4424 2211 4475 ast
2233 4413 2371 4477 intentio
2389 4416 2550 4490 animi‚in

566 4512 616 4572 ‚ve
634 4493 894 4580 ¹temperantiam
926 4493 1102 4580 significat,
1133 4492 1146 4556 i
1190 4494 1277 4559 uitur
1309 4493 1350 4557 de
1381 4494 1542 4558 mandatis
1584 4495 1803 4572 invocatione,
1831 4495 1958 4571 studiis,
1991 4496 2143 4579 negotiis.
2188 4494 2368 4575 Convivia,
2391 4496 2550 4574 sodalitia,

575 4575 744 4725 iim'
764 4578 826 4641 sed
845 4573 927 4643 iilud
947 4598 1061 4642 verum
1083 4589 1144 4655 est,
1162 4576 1299 4641 hberum
1321 4582 1449 4655 essen)
1475 4579 1542 4643 cui·
1586 4598 1756 4643 sermones
1778 4576 1907 4661 profaui
1927 4576 2039 4642 laxant
2060 4581 2202 4658 animos,
2228 4589 2263 4644 ut
2283 4578 2420 4648 facilius
2442 4583 2550 4648 admit·

690 4661 841 4745 privatim
873 4659 996 4748 eligere
1025 4663 1180 4726 exercitia
1206 4661 1349 4726 honesta
1369 4674 1402 4726 et
1423 4682 1543 4726 conve·
1585 4674 1655 4727 tant
1670 4665 1823 4727 incendia
1844 4664 2066 4746 cupiditatum,
2087 4676 2123 4728 ut
2143 4664 2263 4729 accidit
2277 4663 2403 4732 Davidi
2421 4670 2458 4732 in
2480 4668 2551 4731 otio.

576 4747 698 4810 aientia
728 4765 811 4811 suae
842 4747 941 4811 aetati
972 4759 1005 4810 et
1031 4748 1155 4811 viribus
1177 4748 1265 4823 suis,
1294 4758 1330 4812 ut
1352 4758 1384 4810 et
1406 4745 1542 4810 scholae
1584 4746 1626 4810 Et
1646 4750 1716 4811 noti
1738 4757 1813 4810 sunt
1836 4745 2001 4811 versiculi:

580 4830 792 4915 gnbematori
812 4825 950 4896 liberum
974 4841 1026 4894 est
1046 4831 1215 4895 instituere
1235 4827 1411 4894 lectionum
1432 4841 1465 4894 et
1477 4830 1541 4892 dis·

580 4914 782 4997 putationum
803 4915 958 4978 ordinem.
1002 4913 1080 4978 ideo
1099 4925 1131 4978 et
1152 4911 1277 4979 Paulus
1297 4915 1400 4997 inquit
1423 4913 1451 4975 1.
1463 4912 1540 4976 Cor.
1737 4913 1812 4976 Otia
1834 4917 1960 4978 securis
1977 4915 2134 4979 insidiosa
2155 4928 2286 4981 nocent.

578 5000 610 5063 9.
634 5005 698 5075 [vs.
719 4996 786 5075 22]
820 4995 956 5083 castigo
979 5018 1100 5082 corpus
1120 5017 1228 5062 meum
1251 4999 1332 5061 etin
1353 4996 1542 5061 servitutem
1738 4996 1825 5061 (lura
1847 4994 1931 5083 fugit
1951 4995 2063 5073 multo,
2087 4998 2284 5085 diluiturque
2306 5006 2468 5087 merofl)

579 5085 695 5185 redigo
728 5092 790 5144 etc.
834 5081 905 5145 iioc
939 5081 1015 5157 tine,
1048 5102 1089 5145 ne
1120 5082 1371 5166 intemperantia
1391 5080 1543 5164 impediat
1591 5144 1787 5156 ω,-

580 5166 735 5249 Spintum
756 5179 917 5244 sanctum,
938 5166 1148 5230 intentionem
1170 5168 1267 5229 animi
1279 5167 1311 5228 in
1321 5166 1542 5245 invocatione,
1585 5217 1631 5279 Μ)
1649 5214 1694 5277 Aa]
1712 5214 1785 5277 ⁰⁰11»-
1803 5214 1827 5265 2·
1844 5218 1868 5268 ,Α
1885 5218 1915 5268 lt

1586 5316 1632 5379 ²5)
1649 5316 1745 5367 babere
1762 5315 1897 5380 bonorem}
1917 5316 1988 5368 ltdttt
2006 5319 2028 5363 1.
2047 5316 2071 5369 ³.
2088 5317 2209 5372 bonorem
2227 5322 2325 5373 babere

580 5419 625 5482 rt)
643 5418 680 5482 tn]
699 5418 771 5471 editt.
793 5420 815 5465 t.
834 5416 857 5466 3.
877 5425 903 5470 et
1586 5413 1633 5477 28)
1650 5415 1837 5479 superstitiose]
1855 5415 1898 5468 lid.
1919 5417 1958 5463 22.
1976 5417 2152 5479 rupemtittosr

580 5520 625 5581 23)
644 5519 713 5584 esve]
734 5519 806 5571 Editt
826 5520 865 5570 22.
883 5520 923 5566 tt.
943 5518 1059 5581 att-ts,
1076 5520 1136 5583 opp.
1157 5522 1179 5569 1.
1198 5522 1223 5569 a.
1240 5524 1279 5571 eat
1587 5514 1633 5576 27)
1651 5516 1720 5567 ovid.
1737 5520 1789 5568 Art·
1806 5518 1884 5568 amat
1902 5516 1920 5579 1,
1938 5514 1995 5563 itt.
