5859 6734
519 681 583 745 527
1140 666 1254 731 PlllL.
1276 664 1380 731 MEL.
1403 662 1589 729 SCRIPTA
1610 660 1886 727 DOGMATICA.
2440 662 2506 728 528
2565 666 2568 670 ’

521 876 578 928 net
599 857 731 928 collatio
752 859 787 922 in
808 850 930 918 Psahn.
952 851 984 914 4.
1008 850 1125 928 [νεεδ
1143 857 1207 934 sq.]
1236 848 1302 932 lpsi
1323 846 1491 910 abundant
1530 847 1706 930 promissio
1739 845 1850 908 verbis
1883 856 2009 907 tantum
2038 845 2109 905 sine
2142 841 2302 924 exemplis
2332 849 2503 929 proposita

521 927 684 1012 frumento
712 953 744 1005 et
773 941 860 1005 vino.
903 936 940 998 ln
965 954 1051 1019 paco
1078 937 1111 996 in
1139 934 1172 997 id
1200 936 1307 1015 ipsum
1333 931 1490 994 donniom
1531 940 1631 992 esset.
1670 929 1741 993 Nec
1762 929 1896 992 dubium
1918 939 1981 1004 est,
2003 928 2080 1009 quin
2103 928 2210 988 sancti
2231 939 2344 1007 patres
2368 933 2502 1012 copiose

522 1041 593 1094 atr
635 1029 789 1092 mascam.
833 1022 905 1086 Huc
928 1022 1025 1083 etiam
1046 1019 1210 1101 pertinent
1231 1034 1346 1079 omnes
1360 1025 1490 1078 senten·
1532 1012 1725 1096 explicarint
1757 1033 1830 1076 cum
1863 1013 2099 1094 promissiones
2132 1021 2200 1072 tum
2226 1009 2310 1075 haec
2341 1015 2501 1097 exempla.

522 1115 588 1178 tiae
632 1121 800 1174 eaeterno
822 1127 858 1170 re
883 1126 925 1168 no
949 1102 1080 1166 Christi.
1531 1095 1707 1162 Toatantnr
1739 1109 1771 1159 et
1797 1094 2002 1179 Angelorum
2035 1091 2200 1176 colloquia
2233 1116 2308 1157 cum
2334 1097 2502 1163 Abraham

607 1194 675 1260 lob.
700 1193 750 1257 19.
780 1199 843 1269 [vs.
860 1128 1031 1266 {5474
1063 1183 1161 1264 Scio,
1189 1183 1278 1266 quod
1302 1184 1491 1264 redemptor
1533 1193 1565 1244 et
1587 1183 1726 1245 caeteris
1748 1182 1915 1264 patribus,
1943 1177 2040 1242 aliam
2063 1197 2140 1241 esse
2162 1176 2269 1242 vitam.
2313 1179 2355 1242 Et
2377 1182 2501 1265 signifi·

523 1300 616 1346 mens
636 1281 735 1355 vivit,
765 1277 850 1341 etin
871 1271 1052 1338 novisshno
1074 1270 1129 1334 die
1150 1269 1192 1334 de
1214 1279 1302 1331 terra
1323 1277 1489 1330 surrectu—
1533 1278 1608 1329 cant
1629 1263 1749 1350 Angeli
1776 1285 1839 1328 nos
1867 1265 1979 1327 socios
2009 1282 2084 1325 esse
2113 1259 2198 1325 illius
2220 1275 2376 1326 aeternae
2400 1267 2501 1344 vitae,

523 1383 676 1440 russum,
693 1373 727 1426 et
736 1378 850 1424 rursus
863 1355 1092 1421 circumdabor
1103 1349 1192 1438 pelle
1201 1371 1286 1428 mea,
1300 1363 1333 1414 et
1343 1351 1377 1413 in
1389 1369 1491 1414 carne
1532 1349 1565 1410 in
1587 1370 1652 1432 qua
1672 1361 1749 1413 sunt
1765 1351 1838 1432 ipsi,
1861 1350 1937 1431 quia
1958 1366 2020 1410 nos
2044 1356 2159 1409 curant
2180 1357 2213 1408 et
2233 1344 2413 1411 defendunt
2436 1362 2499 1413 etc

523 1468 598 1513 mea
619 1447 738 1511 videbo
759 1443 877 1517 Deum,
900 1460 998 1523 quem
1017 1439 1150 1504 visurus
1171 1455 1244 1501 sum
1266 1456 1330 1521 ego
1352 1436 1434 1518 ipse,
1458 1445 1491 1497 et
1616 1433 1653 1495 ln
1674 1433 1824 1497 Numeris
1846 1432 1899 1495 23.
1923 1438 1986 1508 [νε.
2012 1429 2076 1510 10.]
2099 1429 2173 1493 dicit
2193 1426 2345 1493 Balaam:
2376 1431 2499 1497 Moria-

524 1530 613 1596 ocoli
632 1531 695 1594 mei
718 1527 927 1609 conspecturi
948 1534 1042 1602 sunt,
1070 1532 1105 1586 et
1123 1541 1192 1586 non
1212 1520 1310 1584 alius.
1355 1518 1416 1582 Hic
1438 1530 1491 1582 est
1533 1528 1584 1580 tur
1606 1517 1713 1582 anima
1734 1538 1807 1580 mea
1835 1527 1939 1579 morte
1961 1517 2140 1589 iustorum,
2163 1525 2197 1575 ot
2216 1512 2296 1577 fiant
2316 1516 2498 1580 novissima

524 1601 662 1700 insignis
679 1611 785 1682 locus,
806 1611 860 1692 qui
880 1619 1020 1672 testatur
1036 1624 1115 1670 vere
1133 1625 1195 1669 nos
1213 1605 1329 1667 eadem
1348 1599 1490 1686 corpora
1533 1622 1606 1666 rnea
1632 1603 1749 1666 horum
1776 1599 1902 1664 similia.
1945 1599 1988 1662 Et
2009 1600 2062 1661 at.
2087 1605 2150 1675 [vs.
2170 1596 2233 1675 la]
2261 1597 2390 1663 Videbo
2413 1621 2497 1679 eum,

524 1718 582 1762 rec
624 1709 717 1761 turos
738 1712 827 1771 esse,
850 1693 910 1755 sed
932 1701 1110 1764 renovata3
1138 1692 1225 1753 sicut
1246 1687 1369 1751 Paulas
1392 1688 1491 1750 docet
1533 1687 1593 1751 sed
1614 1707 1681 1751 non
1702 1687 1818 1760 modo;
1840 1686 1993 1750 intuebor
2014 1703 2100 1759 eum,
2123 1681 2181 1746 sed
2203 1702 2270 1744 non
2289 1702 2404 1766 prope.

526 1782 570 1859 [l.
641 1801 669 1842 r.
694 1779 745 1856 15,
766 1777 810 1842 38
830 1783 917 1861 sqq.]
945 1786 1008 1838 etc.
1058 1774 1137 1837 ltem
1165 1774 1277 1849 docet,
1310 1770 1420 1856 qualis
1448 1773 1492 1834 sit

524 1867 593 1929 vita
614 1874 766 1939 catomo,
789 1859 917 1924 scilicet
940 1860 1054 1922 notitia
1076 1856 1138 1921 Dei
1159 1869 1220 1922 etc.
1616 1887 1677 1951 DE
1699 1885 2062 1953 Apfflcrppofflssus
2084 1883 2163 1951 SEU
2187 1883 2249 1947 DE
2271 1881 2416 1948 GRUCE

609 1945 660 2011 Ex
685 1947 804 2030 Moyse
831 1953 1076 2028 argumentatur
1102 1940 1254 2005 Christus
1282 1938 1414 2021 [Matth.
1437 1939 1491 2017 22,
1874 1969 2155 2036 TOLERANM

526 2032 607 2110 324:
627 2031 700 2114 Ego
722 2049 795 2092 sum
815 2028 909 2092 Deus
925 2023 1095 2090 Abraham
1117 2037 1180 2091 etc.
1213 2025 1303 2127 Ergo
1320 2022 1492 2087 Abraham

525 2117 623 2192 vivit;
645 2115 722 2198 qtria
743 2111 838 2176 Dens
859 2132 925 2176 non
947 2121 1041 2174 curat
1064 2129 1115 2186 ea,
1136 2128 1223 2193 quae
1243 2106 1323 2172 nrhil
1344 2118 1430 2172 sunt.
1618 2108 1702 2174 Curn
1728 2111 1849 2174 dictum
1874 2109 1918 2172 sit
1940 2106 2129 2173 Ecclesiam
2152 2110 2186 2172 in
2213 2106 2276 2170 hac
2303 2108 2371 2170 vita
2391 2108 2500 2177 subie-

608 2197 652 2262 Et
682 2197 872 2260 ratiocinari
902 2191 1051 2258 similiter
1080 2212 1122 2256 ex
1153 2192 1426 2275 promissionibus
1459 2201 1493 2254 et
1537 2204 1619 2257 ctam
1641 2214 1718 2258 esse
1741 2195 1832 2257 cruci
1854 2203 1886 2256 et
1903 2190 2143 2271 allhctionibus,
2165 2192 2273 2257 visum
2291 2202 2342 2254 est
2358 2192 2501 2256 adiicere

526 2279 686 2366 exmplis'
710 2279 893 2343 firmissime
918 2296 1113 2362 possenna,
1142 2278 1316 2360 inquibus
1338 2276 1492 2339 hicarti-
1536 2280 1694 2359 quaedam
1723 2280 1765 2341 de
1796 2276 1862 2341 hoc
1895 2276 1982 2341 loco.
2027 2276 2168 2341 Prodest
2200 2276 2286 2339 enim
2314 2274 2502 2339 Ecclesiam

527 2363 622 2432 culus
643 2366 686 2428 de
705 2377 843 2428 aeterna
858 2363 927 2426 vita
943 2361 1039 2447 quast
1055 2356 1221 2425 involutus
1239 2371 1300 2423 est.
1335 2358 1381 2422 Ut
1396 2359 1491 2424 Deus
1535 2359 1599 2448 hac
1624 2363 1666 2426 de
1687 2382 1724 2425 re
1746 2360 1919 2446 diligenter
1940 2362 2123 2438 instituere,
2156 2373 2192 2422 nt
2213 2361 2246 2421 in
2268 2359 2357 2424 omni
2379 2378 2503 2444 genere

526 2449 675 2535 promisit
712 2467 752 2512 se
789 2457 999 2510 servaturum
1030 2463 1106 2508 esse
1137 2443 1308 2509 Abraham
1340 2455 1373 2507 et
1404 2439 1491 2506 alios
1536 2443 1747 2510 afflictionum
1779 2444 1958 2508 habeamus
1991 2446 2024 2508 in
2057 2454 2209 2528 promptu
2240 2443 2313 2525 pias
2341 2454 2375 2505 et
2402 2441 2502 2508 utiles

527 2544 664 2598 sanctos
685 2529 845 2608 [Gen.15,
863 2530 923 2607 l.]x
944 2526 1018 2612 Ego
1043 2547 1116 2591 surn
1133 2540 1303 2610 protector
1326 2538 1410 2609 tuus}
1426 2539 1490 2591 etc.
1536 2528 1791 2593 consolationes.
1821 2528 1905 2593 Sunt
1921 2540 2030 2592 antem
2047 2538 2187 2612 quatuor
2204 2528 2311 2609 capita
2325 2528 2504 2610 praecipua

526 2616 573 2680 At
593 2617 700 2680 sancti
726 2616 759 2678 in
784 2612 850 2677 hac
871 2614 938 2676 vita
959 2623 1036 2676 sunt
1055 2609 1260 2676 afflictissimi
1288 2623 1321 2675 et
1342 2612 1494 2676 videntur
1535 2610 1629 2677 huius
1651 2612 1900 2678 consolationis.

528 2701 665 2776 deserti,
699 2718 773 2762 cum
799 2709 906 2760 tamen
932 2716 1013 2760 vere
1045 2715 1143 2760 curae
1175 2699 1241 2760 sint
1272 2695 1360 2758 Deo..
1400 2694 1491 2779 Ergo
1618 2696 1761 2760 Primum
1783 2699 1990 2761 statuendum
2011 2707 2064 2759 est
2083 2703 2191 2772 certo,
2223 2714 2287 2758 nos
2309 2715 2375 2758 non
2398 2692 2504 2782 affligi

527 2792 632 2848 restat
656 2780 723 2846 alia
749 2783 817 2845 vita
838 2792 871 2844 ot
892 2781 1010 2864 ingens
1032 2777 1149 2864 gloria,
1173 2801 1238 2862 qna
1260 2778 1493 2864 glorificabun·
1537 2799 1627 2857 casu,
1651 2783 1711 2845 sed
1732 2780 1844 2865 aliquo
1867 2779 2006 2845 consilio
2028 2801 2049 2844 a
2067 2780 2283 2863 permissione
2304 2778 2379 2842 Dei.
2413 2780 2505 2844 Haec

527 2877 581 2932 tur
604 2877 682 2952 post
705 2863 793 2928 hanc
817 2867 935 2942 vitam,
968 2865 1001 2927 in
1028 2884 1127 2947 quant
1154 2865 1316 2927 intuentes
1346 2863 1493 2947 cogitant
1537 2865 1622 2928 enim
1646 2867 1751 2949 prima
1779 2868 1811 2929 in
1841 2867 1991 2930 omnibus
2017 2862 2250 2930 afflictionibus
2281 2865 2429 2947 quaestio
2452 2876 2504 2927 est

528 2969 643 3017 omma
662 2949 811 3024 iniurias,
838 2967 1030 3025 aerumnas,
1058 2945 1263 3012 calamitates
1285 2959 1493 3010 contenmen·
1537 2949 1695 3013 hnmanae
1723 2951 1856 3013 mentis:
1885 2948 1937 3012 An
1961 2953 2049 3014 bona
2069 2962 2103 3012 et
2124 2946 2212 3011 mala
2234 2969 2315 3012 casu
2338 2950 2504 3025 eveniant,

528 3037 589 3100 dna
606 3049 698 3114 case,
717 3043 751 3098 et
766 3029 859 3098 nullo
876 3033 974 3097 modo
991 3030 1211 3098 conserendas
1225 3032 1268 3094 ad
1279 3028 1361 3094 illud
1373 3033 1492 3116 ingens
1538 3055 1580 3096 an
1592 3052 1667 3096 vero
1679 3033 1753 3098 Deo
1766 3036 1972 3119 gubernante
1983 3033 2153 3099 eveniant?
2177 3031 2263 3096 Etin
2276 3035 2505 3099 communibus

525 3113 740 3268 praemirffp„
1537 3113 1768 3182 afflictionibus
1797 3139 1917 3203 magna
1943 3139 2022 3202 pars
2044 3114 2280 3183 consolationis
2303 3127 2369 3191 est,
2398 3137 2505 3199 posse

610 3201 659 3267 lte
695 3201 776 3353 ἆυ
797 3204 904 3286 prima
940 3202 1099 3264 concione
1137 3199 1255 3264 dicitur
1286 3198 1428 3262 Genesis
1460 3200 1492 3263 4.
1538 3212 1698 3280 statuere,
1737 3202 1824 3284 quod
1862 3204 2004 3268 adversa
2035 3222 2102 3265 non
2134 3200 2286 3265 accidant
2317 3201 2374 3262 tibi
2408 3221 2503 3264 casu.

528 3293 593 3368 [vs.
615 3288 705 3367 ⁷.]=·,
746 3309 754 3366 '.
769 3281 997 3361 benefeceris,
1023 3284 1181 3366 recipies3
1214 3281 1350 3348 simale
1433 3286 1492 3361 ris,
1538 3285 1669 3350 Scimus
1699 3287 1785 3351 enim
1816 3286 1889 3352 Deo
1922 3288 2138 3352 obediendum
2170 3303 2256 3349 esse.
2307 3282 2368 3347 Hic
2400 3284 2504 3367 igitur

526 3361 812 3456 pecoatntn'lnnm
833 3369 997 3453 quiescet,
1019 3369 1125 3433 donec
1146 3368 1356 3433 revelabitur.
1430 3389 1492 3453 rgo
1538 3371 1638 3433 certis
1659 3371 1848 3435 testimoniis
1870 3373 2027 3456 erigenda
2047 3383 2081 3434 et
2098 3368 2318 3434 conlinnanda
2334 3388 2426 3431 mens
2450 3382 2504 3432 est

526 3473 667 3536 necesse
682 3463 741 3517 'est
760 3463 886 3516 restare
907 3450 1005 3517 aliam
1026 3455 1136 3530 vitam,
1158 3452 1192 3516 in
1213 3472 1280 3537 qua
1301 3448 1387 3516 Abel
1409 3454 1493 3516 reci·
1538 3452 1839 3538 contraEpicnreas
1852 3458 2032 3539 opiniones.
2066 3455 2206 3520 Hierem.
2219 3474 2292 3536 cap.
2305 3450 2336 3516 3.
2355 3457 2417 3528 [vs.
2434 3451 2502 3531 37.]

525 3539 595 3642 piat
620 3538 808 3621 praemium.
852 3537 1008 3622 Sequitur
1035 3548 1068 3602 et
1094 3537 1176 3616 hoc,
1205 3547 1333 3602 restare
1359 3533 1493 3620 aliquod
1536 3537 1739 3605 Threnorum
1759 3541 1877 3624 inquitz
1901 3541 1982 3613 Quis
1997 3551 2050 3604 est
2069 3542 2143 3618 iste,
2188 3539 2220 3603 ui
2243 3539 2333 3614 nint,
2354 3548 2391 3599 ut
2412 3536 2508 3601 lieret
2578 3549 2581 3554 '

525 3611 678 3688 rullicinm
700 3623 840 3687 omnium
860 3635 1090 3705 peccatorum,
1112 3636 1210 3703 atque
1230 3619 1360 3686 illorum
1383 3623 1491 3699 etiam,
1536 3624 1679 3688 Domino
1712 3645 1777 3688 non
1809 3625 1957 3687 iubente:
1991 3644 2033 3688 ex
2062 3646 2119 3688 ore
2182 3623 2299 3687 tissimi
2327 3642 2390 3686 nec
2418 3624 2508 3686 bona

525 3727 611 3791 qnae
631 3707 665 3770 in
685 3705 750 3770 hac
770 3707 838 3769 vita
859 3726 925 3769 non
943 3716 1020 3769 sunt
1035 3707 1158 3789 punita.
1189 3704 1232 3769 Et
1248 3703 1346 3770 hoium
1362 3707 1493 3770 univer·
1536 3729 1599 3772 nec
1625 3707 1711 3771 mala
1739 3710 1957 3791 egredientur.
1995 3708 2081 3780 Quid
2106 3717 2286 3771 murmurat
2306 3704 2405 3771 honio
2428 3727 2507 3771 con·

526 3789 728 3857 salisiudicii
750 3788 934 3873 exemplum
956 3800 1007 3852 est
1028 3787 1201 3863 diluviurn3
1221 3790 1308 3866 item,
1331 3787 1492 3854 Sodomo—
1537 3807 1589 3857 tra
1604 3789 1732 3857 Detur?
1759 3792 1831 3856 Huc
1852 3794 2015 3874 pertinent
2037 3811 2148 3857 ornnes
2172 3792 2352 3854 sententiae
2369 3792 2410 3853 de
2430 3812 2507 3873 pro·

525 3897 598 3940 rum
620 3873 856 3957 conflagratio,
883 3884 915 3935 et
936 3869 1061 3935 similes
1082 3871 1259 3948 historiae,
1286 3873 1374 3956 quod
1397 3872 1491 3937 Deus
1536 3877 1692 3942 videntia.
1734 3873 1851 3938 Matth.
1875 3875 1923 3938 10.
1948 3875 2023 3939 Νοιι
2046 3878 2142 3940 cadet
2161 3895 2246 3939 unus
2268 3874 2310 3937 de
2330 3895 2506 3958 passercu-

525 3957 615 4024 hand
636 3957 733 4022 dubie
754 3958 925 4039 puniturus
946 3956 988 4018 sit
1010 3957 1152 4020 omnium
1196 3967 1321 4020 eccata.
1536 3960 1578 4025 lis
1595 3961 1669 4023 istis
1686 3979 1724 4021 sn
1750 3980 1786 4023 er
1802 3971 1921 4023 terram
1939 3961 2012 4023 sine
2027 3958 2328 4024 voluntatePatris.
2360 3959 2506 4022 Actunm

610 4042 692 4105 ltem
718 4041 822 4123 prima
846 4041 1025 4186 promissio
1055 4039 1139 4104 Gen.
1168 3977 1200 4103 h.
1226 4040 1423 4104 vaticinatur
1450 4042 1492 4105 de
1538 4045 1589 4107 17.
1612 4048 1675 4122 [vs.
1697 3980 1764 4121 ἓξ]
1798 4043 1834 4107 ln
1855 4046 1929 4127 ipso
1951 4045 2109 4122 vivimus,
2132 4063 2300 4108 movemur
2321 4054 2354 4105 et
2375 4061 2503 4104 sumus.

525 4126 689 4194 abolendo
711 4144 815 4210 regno
838 4121 976 4202 ‹iaboli,
995 4122 1062 4188 hoc
1084 4135 1145 4203 est,
1167 4126 1209 4188 de
1229 4121 1395 4188 abolendo
1416 4145 1493 4208 pee-
1535 4125 1657 4191 Psalm.
1681 4125 1733 4189 99.
1758 4135 1820 4205 [νε.
1843 4128 1887 4207 3.]
1910 4128 1985 4211 lpse
2007 4124 2085 4191 fecit
2105 4148 2180 4204 nos,
2203 4141 2235 4192 et
2254 4146 2322 4190 non
2343 4126 2405 4208 ipsi
2427 4143 2504 4188 nos.

527 4222 602 4277 cato
632 4220 664 4274 et
689 4219 805 4274 morte.
848 4207 940 4294 Ergo
969 4219 1086 4272 natura
1105 4208 1247 4274 hominis
1268 4210 1492 4274 renovabitur.
1537 4209 1726 4276 psalmat.
1750 4212 1869 4289 [νε.9.[
1898 4213 1962 4285 Qui
1979 4211 2070 4276 finxit
2091 4211 2237 4289 oculum,
2269 4231 2334 4275 non
2357 4210 2507 4274 viderat?

525 4294 677 4360 Etlacob
701 4293 797 4372 [Gen.
809 4292 874 4370 to]
898 4293 1093 4357 vaticinator
1108 4293 1150 4357 de
1166 4291 1335 4358 salvatore
1350 4295 1492 4358 omnium
1537 4295 1658 4360 Psalm.
1686 4296 1739 4359 32.
1773 4302 1838 4375 [vs.
1864 4296 1926 4376 la]
1972 4295 2036 4368 Qui
2076 4295 2168 4360 finxit
2208 4293 2372 4380 sigillatim
2404 4297 2508 4359 corda

525 4381 687 4464 gentium
720 4395 817 4463 quom
848 4374 1076 4462 intelligebant
1102 4389 1215 4460 patres
1242 4389 1393 4443 autorem
1419 4375 1492 4442 sore
1537 4402 1667 4458 eorum,
1697 4381 1752 4465 qui
1777 4378 1930 4463 intelligit
1956 4382 2064 4460 omnia
2090 4401 2193 4464 opera
2220 4401 2334 4444 eornm
2357 4391 2418 4444 etc.
2463 4379 2507 4442 Et

525 4484 592 4531 non
612 4461 750 4530 alicuius
773 4457 956 4545 corporalis
978 4462 1088 4545 regni,
1109 4462 1168 4526 sed
1190 4463 1332 4526 iustitiae
1353 4474 1385 4526 et
1407 4465 1493 4528 vitae
1536 4462 1659 4528 Paulus
1682 4487 1755 4530 cum
1777 4466 1820 4528 ad
1838 4463 1984 4528 Corinth.
2008 4465 2054 4543 [1.
2067 4486 2117 4549 ep.
2132 4464 2263 4544 ll,32.]
2285 4466 2399 4548 inquit,
2422 4461 2506 4527 Cum

525 4560 689 4612 aeternae.
732 4547 896 4612 Videbont
916 4540 1101 4609 Ecclesiam
1122 4547 1155 4609 in
1176 4545 1240 4611 hac
1261 4547 1329 4610 vita
1349 4544 1492 4611 firtnram
1536 4547 1731 4624 iudicamur,
1754 4570 1774 4612 a
1795 4548 1936 4613 Domino
1959 4550 2171 4632 corripimur,
2195 4560 2335 4613 testatur
2355 4545 2507 4612 afflictio·

525 4633 561 4696 in
581 4629 728 4715 reliqniis
754 4632 887 4776 peccati·
906 4641 939 4698 et
959 4626 1208 4708 afflictionibus,
1236 4631 1323 4696 sicut
1342 4631 1493 4695 viderant
1536 4653 1596 4697 nes
1618 4654 1684 4696 non
1706 4634 1856 4697 accidere
1878 4653 1972 4710 casu,
1996 4634 2056 4696 sed
2078 4633 2141 4696 Dei
2164 4632 2303 4698 consilio
2326 4653 2367 4697 ac
2390 4628 2507 4696 volun·

526 4713 665 4780 interfici
685 4715 790 4790 Abe,
824 4724 857 4778 et
877 4712 1046 4778 Abraham
1073 4716 1185 4780 iussus
1213 4727 1265 4778 est
1292 4711 1393 4779 filium
1420 4727 1492 4777 tan-
1537 4728 1613 4782 tate.
1663 4715 1705 4780 Et
1736 4719 1769 4779 in
1802 4718 1930 4781 cantico
1962 4715 2080 4781 Annae
2109 4718 2137 4781 l.
2169 4715 2254 4804 Reg.
2282 4717 2314 4781 2.
2349 4717 2392 4793 [l.
2416 4717 2505 4781 Sam.

548 4818 625 4864 nam
644 4794 786 4863 hostiam
806 4807 963 4861 mactare.
996 4796 1033 4860 ln
1049 4797 1115 4864 hoc
1132 4810 1211 4883 typo
1231 4800 1312 4863 satis
1334 4798 1492 4864 intellexit
1536 4802 1568 4878 2,
1589 4801 1634 4880 6.]
1663 4800 1824 4864 Dominus
1852 4801 2027 4868 mortificat
2055 4814 2088 4866 et
2113 4801 2275 4879 vivificat,
2308 4801 2440 4865 deducit
2462 4801 2506 4863 ad

526 4821 608 4946 lllud
633 4897 763 4966 sanan,
796 4882 883 4964 quod
906 4883 1101 4964 promissum
1130 4894 1215 4959 erat,
1247 4882 1387 4948 suturam
1414 4903 1492 4948 esse
1535 4883 1658 4950 inferos
1681 4895 1714 4947 et
1734 4885 1871 4948 reducit.

526 4965 678 5032 hostiam.
1620 4969 1805 5033 Secundum
1828 4982 1927 5053 capnt
1944 4969 2197 5036 consolationis:
2220 4971 2294 5034 Non
2312 4970 2421 5034 solum
2438 4981 2506 5033 sta·

610 5046 707 5111 Enoh
728 5058 760 5110 et
779 5043 870 5110 Elias
892 5049 956 5113 vivi
977 5046 1129 5112 translati
1150 5060 1226 5113 sunt
1247 5052 1289 5113 ad
1310 5049 1434 5129 Deum,
1455 5064 1492 5116 ut
1536 5054 1688 5118 tuendum
1710 5064 1773 5130 cst,
1796 5051 1991 5119 afflictiones
2009 5054 2072 5118 Dei
2096 5053 2234 5120 consilio
2257 5056 2421 5129 accidere,
2443 5055 2506 5116 sed

527 5131 651 5198 Textus
673 5133 715 5195 de
734 5129 831 5193 Enoh
853 5128 943 5195 clare
965 5133 1052 5196 dicit.
1082 5133 1174 5198 Haec
1195 5131 1283 5197 facta
1305 5145 1394 5197 certe
1417 5148 1492 5200 sunt
1536 5139 1632 5200 etiam
1653 5136 1836 5201 addendum
1856 5150 1917 5216 est,
1940 5138 2131 5222 quodDeus
2148 5142 2271 5224 puniat,
2293 5159 2361 5203 non
2378 5149 2416 5200 ut
2432 5141 2506 5219 pei·

527 5213 701 5284 manifesta
722 5215 909 5279 testimonia
929 5217 1017 5280 vitae
1037 5227 1202 5281 aeternae.
1230 5218 1316 5281 Nam
1338 5220 1367 5281 si
1388 5221 1492 5283 extin-
1537 5224 1608 5299 dat,
1637 5221 1698 5283 sed
1719 5233 1754 5284 ut
1775 5235 1873 5287 vocet
1894 5243 1956 5286 nos
1978 5225 2021 5287 ad
2042 5226 2273 5306 poenitentiam
2294 5234 2329 5286 et
2350 5232 2505 5286 exerceat

528 5310 722 5386 gnerentnr,
754 5318 822 5363 non
850 5309 960 5363 essent
989 5300 1077 5381 apud
1098 5300 1222 5376 Deum;
1255 5303 1381 5365 versari
1408 5305 1493 5367 enim
1536 5304 1632 5368 iidem
1654 5315 1813 5368 nostram.
1846 5306 1894 5369 lta
1910 5303 2107 5371 afflictiones
2126 5304 2410 5371 transionnandae
2427 5318 2506 5368 sunt
2624 5319 2630 5328 '

528 5407 548 5448 a
570 5387 615 5449 ud
641 5384 749 5448 Deum
778 5394 830 5447 est
856 5384 967 5445 vivere
1000 5383 1141 5464 quadam
1173 5386 1281 5448 divina
1312 5386 1379 5447 vita
1406 5388 1493 5468 apud
1536 5390 1568 5451 in
1608 5389 1704 5473 signa
1741 5390 1985 5454 misericordiae
2017 5401 2051 5453 et
2082 5393 2188 5455 bonae
2221 5390 2396 5455 voluntatis
2429 5389 2503 5453 Dei.

562 5489 643 5534 enm.
687 5468 781 5535 Haec
802 5467 902 5552 igitur
923 5463 1073 5549 exempla
1093 5463 1168 5549 plus
1190 5464 1318 5543 valent,
1347 5471 1494 5551 quamsi
1537 5470 1626 5534 llaec
1650 5472 1833 5540 consolatio
1851 5473 2028 5557 praecipua
2047 5485 2114 5547 est;
2136 5494 2211 5537 narn
2233 5476 2265 5537 in
2288 5474 2423 5538 summis
2446 5474 2503 5536 do·
