5859 6734
945 704 1071 771 149

1247 887 1524 970 quisque
1569 888 1811 967 poterit
1850 885 2216 949 aestimare.
2260 884 2517 969 Ad1hos
2567 904 2702 947 non
2726 902 2873 965 per-

1247 971 1453 1033 tinent
1490 970 1755 1053 proprie
1796 968 1924 1033 hae
1944 965 2132 1032 Pauli
2154 970 2538 1033 sententiae.
2583 967 2728 1031 Lex
2747 968 2875 1030 vir-

1244 1064 1354 1117 tus
1396 1052 1533 1115 irae
1546 1096 1567 1129 ,
1619 1054 1828 1115 virtus

1245 1146 1370 1201 etc.
1436 1133 1842 1218 Quamquam

1063 1166 1122 1205 ιδ
1243 1218 1425 1302 quod
1467 1237 1551 1280 ex
1593 1238 1674 1282 ea
1714 1217 1963 1282 idolum
2006 1220 2133 1281 sibi
2152 1214 2422 1293 faciant,
2446 1218 2681 1281 deinde
2714 1213 2876 1280 nihil

1894 703 1943 765 1.
1988 700 2190 767 Locl
2230 700 2786 767 THEOLOGIGI:
2829 700 2909 765 B.
2954 698 3237 767 PRIMA
3276 697 3590 765 EORUM
3631 696 3942 765 AETAS.

4779 693 4907 759 150

2962 884 3077 959 xit,
3119 894 3193 946 ιιι
3234 881 3408 946 solet
3450 882 3667 947 omnia
3707 880 4031 945 Iohannes
4079 880 4171 960 [1,
4221 880 4406 958 17.:].
4459 877 4593 943 Per

2915 928 2923 1003 Ι
2961 966 3199 1030 Mosen
3235 964 3344 1029 lex
3388 967 3543 1031 data
3598 975 3731 1041 est,
3783 965 3997 1049 gratia
4049 975 4117 1029 et
4158 965 4404 1028 veritas
4431 959 4442 1011 ¹
4471 982 4594 1046 per
4728 983 4782 1022 ιο

1917 1053 2124 1116 eccati
2140 1095 2160 1127 ,
2204 1051 2590 1115 ministratio
2645 1048 2874 1112 mortis
2962 1048 3222 1112 [hesum
3244 1045 3767 1113 Christumfacta
3786 1060 3909 1112 est.
3940 1046 4209 1111 Veritas
4229 1046 4590 1131 hypocrisi,

1939 1137 1997 1197 is
2055 1135 2250 1199 etiam
2303 1132 2414 1198 lex
2468 1135 2706 1197 damno
2768 1134 2876 1208 sit,
2924 1163 2926 1165 ·
3009 1134 3176 1196 ratia
3217 1130 3425 1196 furori
3447 1133 3554 1196 dei
3576 1132 3949 1217 opponitur,
3989 1128 4276 1194 Proinde
4301 1151 4448 1193 cum
4472 1150 4593 1213 per

3036 1235 3221 1280 esum
3243 1214 3576 1279 Christum
3618 1216 3850 1301 gratia,
3890 1215 3960 1278 id
3986 1210 4110 1290 est,
4146 1213 4595 1277 misericordia

1123 1321 1129 1325 ·
1242 1321 1377 1364 non
1420 1313 1774 1382 operentur
1818 1321 1967 1365 cum
2007 1299 2316 1364 ineffabili
2338 1301 2619 1384 quadam
2654 1300 2873 1364 cordis
2961 1311 3029 1364 et
3069 1296 3261 1363 favor
3306 1299 3412 1362 dei
3452 1310 3683 1382 partus
3726 1298 3835 1375 sit,
3889 1306 3959 1363 et
3996 1316 4205 1362 verax
4257 1299 4326 1360 in
4393 1297 4594 1360 corde

1240 1395 1379 1451 tum
1455 1387 1767 1468 superbia
1808 1396 1944 1447 tum
1983 1381 2306 1447 molestia.

1325 1499 1432 1565 Ex
1474 1498 1683 1564 altero
1707 1519 1952 1584 genere
1995 1512 2170 1577 sunt,
2214 1499 2299 1562 ad
2323 1518 2492 1582 quos
2510 1496 2656 1579 §hae
2692 1512 2864 1562 sen-¹

1241 1586 1508 1660 tentiae,
1551 1583 1694 1646 Lex
1737 1585 1947 1647 virtus
1987 1584 2268 1666 peccati,
2312 1584 2520 1646 virtus
2562 1584 2700 1646 irae
2744 1592 2869 1646 etc.

1292 1669 1593 1743 ertinent,
1631 1667 1873 1813 quibus
1906 1664 2122 1749 legem
2147 1667 2310 1730 deus
2342 1663 2620 1743 revelat,
2650 1677 2871 1729 osten-

1291 1752 1470 1834 itque
1514 1769 1630 1813 cor
1676 1770 1737 1827 a,
1783 1763 1849 1814 et
1891 1770 2060 1832 quos
2105 1768 2312 1814 sensu
2328 1750 2586 1833 peccati
2622 1750 2724 1813 sui
2744 1761 2872 1813 ter-

1243 1846 1346 1899 ret
1389 1835 1554 1898 deus
1609 1846 1676 1897 et
1731 1830 2091 1897 confimdit.
2149 1833 2231 1895 Hi
2285 1832 2546 1899 dunum
2601 1844 2757 1897 sunt
2805 1834 2872 1895 in

1244 1918 1481 2002 quibus
1570 1936 1644 1980 er
1687 1916 1903 2019 legem
1946 1918 2109 1981 deus
2153 1916 2484 2000 operatur.
2549 1914 2624 1980 ln
2666 1916 2711 1979 h
2805 1936 2874 1979 o-

1243 2002 1424 2065 critis
1466 2003 1531 2063 n’
1579 1999 1648 2064 il·
1667 2014 1806 2085 agit
1847 1999 1977 2076 lex,
2019 2002 2142 2064 sed
2184 2002 2206 2063 i
2287 2001 2310 2063 i
2353 2001 2682 2084 quandam
2730 2001 2872 2084 egis

1241 2086 1560 2162 umbram,
1601 2088 1834 2149 umbra
1875 2086 2157 2169 quadam
2239 2085 2640 2170 ypocriticae
2691 2085 2871 2149 iusti-

1241 2170 1372 2233 tiae
1415 2165 1727 2232 referunt.
1813 2169 1888 2232 In
1942 2168 2048 2231 his
2102 2187 2262 2231 vere
2321 2187 2403 2231 ac
2455 2169 2720 2250 proprie
2761 2166 2870 2232 lex

1241 2252 1380 2336 agit
1422 2254 1659 2398 qfiuibus
1683 2253 2049 2316 ostenditur
2090 2263 2454 2335 peccatum.
2501 2248 2696 2322 Quod
2715 2252 2870 2336 quia

1073 2365 1102 2405 5
1239 2355 1399 2399 vere
1487 2348 1535 2411 t,
1579 2357 1622 2399 a
1664 2337 1789 2399 deo
1831 2335 1927 2412 fit,
1970 2346 2038 2400 et
2081 2345 2299 2399 vocat'
2334 2333 2463 2397 hoc
2507 2353 2674 2417 opus
2708 2336 2868 2399 scri-

1064 1612 1126 1651 2⁰

1006 2012 1173 2072 διδ.

1235 2429 1449 2502 ptura,
1493 2416 1820 2495 iudicium,
1862 2421 2028 2481 iram
2071 2419 2198 2496 dei,
2239 2414 2528 2481 furorem
2573 2420 2711 2496 dei,
2754 2419 2867 2482 ad·
2905 2488 2906 2499 χ

1235 2498 2691 2671 {Pffffiffitffffffiwffiffissffffi
2715 2508 2867 2650 ἑέῗὲ

1235 2666 1450 2748 ipsum
1490 2669 1869 2749 praecedet,
1913 2679 1979 2731 et
2019 2666 2439 2732 inflammabit
2480 2669 2546 2734 in
2591 2668 2867 2735 circuitu

1236 2750 1534 2813 inimicos
1578 2751 1739 2815 eius.
1823 2748 2220 2816 Alluxerunt
2240 2748 2503 2836 fulgura
2546 2753 2688 2818 eius
2722 2753 2866 2816 orbi

1238 2844 1476 2909 terrae,
1522 2834 1682 2897 vidit
1721 2846 1808 2898 et:
1831 2846 2157 2899 commota
2198 2846 2303 2899 est
2345 2846 2544 2900 terra.
2597 2836 2863 2901 Montes

1236 2914 1406 2980 sicut
1448 2935 1603 2980 cera
1642 2915 1972 2982 fluxerunt
2013 2939 2056 2982 a
2096 2917 2266 2983 facie
2312 2918 2573 2997 domini,
2617 2941 2660 2984 a
2694 2918 2863 2985 facie

1234 2999 1473 3063 domini
1515 3002 1725 3063 omnis
1769 3013 1967 3066 terra.
2012 2999 2192 3065 Psal.
2234 3000 2503 3066 LXXV.
2557 3009 2686 3083 [vs.
2730 3002 2793 3066 9.
2811 3008 2859 3083 t]

1232 3080 1338 3147 De
1389 3080 1578 3147 caelo
1636 3085 1925 3150 auditum
1981 3081 2196 3149 fecisti
2263 3086 2572 3152 iudicium
2598 3132 2618 3165 ,
2683 3100 2862 3151 terra

1231 3167 1494 3231 tremuit
1536 3180 1603 3232 et
1646 3169 1912 3252 quievit.
1968 3166 2054 3232 Et
2096 3168 2371 3235 zachar.
2416 3168 2523 3233 111.
2571 3172 2664 3251 [2,
2690 3169 2790 3236 13.
2810 3177 2858 3249 ε]

1232 3247 1440 3313 Sileat
1482 3253 1692 3315 omnis
1738 3272 1896 3316 caro
1939 3273 1982 3315 a
2022 3249 2195 3318 facie
2239 3253 2499 3319 domini.
2562 3254 2720 3319 Esa.
2746 3253 2858 3319 xl.

1231 3336 1360 3411 [vs.
1396 3334 1493 3397 4.=
1569 3334 1904 3400 Percutiet
1943 3346 2186 3401 terram
2227 3338 2419 3422 virga
2453 3339 2588 3401 oris
2607 3339 2618 3383 ¹
2634 3339 2760 3415 sui,
2794 3349 2862 3401 et

1229 3434 1265 3477 s
1311 3418 1460 3481 iritu
1568 3419 1824 3482 biorum
1870 3438 2140 3482 suorum
2196 3420 2540 3485 interficiet
2573 3420 2857 3503 impium.

1336 3499 1532 3564 acuk.
1577 3500 1683 3561 m.
1729 3506 1861 3577 [vs.
1904 3500 1969 3562 6.
1981 3507 2029 3578 ε]
2100 3500 2381 3585 Aspexit
2436 3512 2502 3563 et
2557 3501 2832 3566 dissolvi

1232 3593 1490 3664 genteS,
1521 3592 1589 3643 et
1614 3583 1876 3645 contriti
1903 3593 2058 3645 sunt
2083 3595 2343 3647 montes
2366 3582 2592 3647 seculi.
2639 3584 2858 3657 Quan-

1233 3683 1432 3745 quam
1487 3664 1642 3745 quid
1691 3664 1923 3727 attin'et
1973 3664 2176 3729 multa
2237 3686 2601 3751 congerere
2615 3713 2638 3747 ,
2709 3689 2858 3735 cum

1228 3743 1398 3809 haec
1440 3744 1634 3828 plane
1678 3745 1890 3810 altera
1930 3749 2294 3832 scripturae
2333 3770 2493 3835 pars
2536 3754 2654 3829 sit,
2716 3751 2859 3816 Lex

1233 3839 1299 3891 et
1338 3826 1507 3912 legis
1566 3849 1731 3913 opus
1777 3830 2109 3898 occidere!
2125 3843 2194 3897 et
2248 3832 2582 3913 damnare,
2638 3845 2856 3900 osten-

1231 3910 1390 3975 dere
1431 3912 1720 3977 radicem
1760 3914 2016 3997 peccati
2056 3919 2268 3981 nostri
2310 3928 2376 3981 et
2432 3914 2854 3987 confundere.

1229 3990 1586 4074 Mortificat
1629 4016 1760 4060 non
1805 4000 2144 4063 avaritiam
2188 4010 2436 4065 tantum
2491 4013 2604 4066 aut
2645 4000 2854 4067 libidi-

1228 4096 1401 4153 nem,
1443 4079 1566 4143 sed
1609 4091 1807 4163 caput
1849 4083 2134 4146 omnium
2190 4080 2508 4148 malorum
2564 4106 2855 4151 amorem

1228 4163 1459 4238 nostri,
1501 4163 1804 4227 iudicium
1845 4165 2120 4229 rationis
2133 4209 2153 4243 ,
2212 4178 2280 4230 et
2377 4169 2646 4252 uidquid
2699 4171 2853 4234 boni

1229 4244 1355 4307 sibi
1397 4246 1653 4310 videtur
1693 4245 1942 4312 habere
1994 4259 2248 4314 natura.
2397 4252 2456 4314 'c
2513 4253 2855 4337 adparebit

1049 4326 1112 4366 ²⁶
1229 4333 1736 4412 quam'puteant
1788 4331 2064 4395 virtutes
2114 4331 2438 4411 moraleS,
2485 4356 2681 4419 quam
2723 4338 2855 4401 sint

966 4410 1097 4539 <3⁴⁴2
1115 4422 1197 4537 22>
1230 4408 1934 4573 Essfflssinffiss
1979 4420 2853 4568 Pffimdmeffzfilffi‘iissssensssnxi

1229 4574 1514 4643 clamare
1556 4583 1844 4665 oportuit
1887 4588 1914 4661 [
1973 4584 2124 4647 xod.
2168 4583 2275 4661 34,
2310 4586 2423 4663 7.].
2513 4584 2751 4652 Coram
2789 4598 2854 4652 te

1227 4681 1311 4725 ne
1352 4664 1668 4728 innocens
1714 4667 1974 4748 quidem
2016 4680 2119 4730 est
2160 4668 2494 4735 innocens.
2539 4668 2624 4733 Et
2643 4670 2856 4736 Naum

1067 2848 1118 2885 10

1063 3366 1116 3404 16

1233 4745 1325 4824 [1,
1360 4744 1453 4824 3.]
1499 4748 1824 4813 Mundans
1866 4770 2000 4814 non
2042 4748 2239 4815 faciet
2279 4754 2716 4818 innocentem.
2769 4753 2855 4818 Et
2889 4810 2890 4813 ,

1073 4847 1102 4886 ⁶
1229 4827 1446 4893 David
1491 4830 1633 4910 [Ps.
1683 4830 1826 4909 142,
1867 4834 1987 4912 2.],
2027 4834 2132 4899 Ne
2159 4840 2166 4875 ¹
2193 4837 2398 4900 intres
2444 4838 2513 4902 in
2545 4838 2853 4902 iudicium

1229 4932 1378 4976 cum
1421 4933 1619 4978 servo
1665 4926 1799 4979 tuo.
1856 4916 1940 4981 Et
1984 4917 2123 4995 [Ps.
2165 4918 2231 4996 6,
2273 4920 2390 4998 2.],
2432 4920 2713 4985 Domine
2767 4941 2853 4984 ne

1228 4996 1291 5059 in
1316 4992 1539 5062 furore
1559 5008 1672 5063 tuo
1695 5020 1772 5062 ar
1923 5021 1931 5032 ·
1955 5021 2080 5064 me.
2123 5000 2209 5066 Et
2227 5002 2465 5069 Esaiae
2486 5002 2851 5069 XXXVIII.

1231 5083 1359 5157 [vs.
1385 5080 1516 5161 13.]
1561 5080 1904 5161 EzechiaS,
1949 5082 2150 5155 Quasi
2181 5083 2288 5150 leo
2313 5089 2616 5151 contrivit
2639 5090 2853 5154 omnia

1230 5182 1389 5230 ossa
1427 5185 1592 5230 mea.
1682 5165 1767 5229 Et
1799 5164 1927 5229 hoc
1972 5178 2073 5230 est
2117 5170 2291 5252 quod
2333 5172 2713 5255 parcissime
2759 5174 2851 5236 di-

927 5411 1022 5473 89)
1055 5414 1112 5465 ln
1146 5426 1307 5475 marg.
1341 5416 1427 5467 Ed.
1449 5420 1521 5468 2:
1559 5420 1775 5471 virtutes
1795 5419 2121 5481 sophisticae.
2144 5421 2227 5471 Ed.
2248 5422 2295 5471 7.
2319 5427 2372 5471 et
2387 5422 2442 5473 ln
2461 5425 2707 5477 Genesin:
2744 5427 2851 5477 vir-

1063 5483 1198 5533 tutes
1233 5483 1574 5544 Theologicne.
1610 5488 1754 5548 (om.
1794 5487 1879 5539 Ed.
1922 5490 2010 5545 1.).

2958 1393 3189 1446 nostro
3230 1382 3496 1460 iustitia,
3539 1398 3821 1447 necesse
3862 1390 3967 1445 est
4011 1390 4086 1444 ut
4126 1378 4247 1463 ;lex
4288 1379 4592 1465 hypocri-

2959 1467 3054 1529 sis
3098 1474 3369 1537 tanltum
3409 1476 3641 1531 auctor
3682 1466 3790 1542 sit,
3835 1484 3983 1528 cum
4008 1462 4319 1528 cohercet
4351 1464 4594 1528 invitos
4726 1481 4782 1522 ιε

2960 1560 3025 1613 et
3067 1544 3422 1613 frementes
3465 1549 3788 1613 adversus
3834 1549 4058 1626 deum,
4104 1559 4170 1611 et
4210 1548 4381 1624 irae,
4439 1566 4589 1611 cum

2960 1633 3221 1698 damnat
3262 1651 3388 1696 nos
3430 1650 3605 1697 reoS.

3047 1749 3161 1814 Sic
3202 1746 3449 1815 Paulus
3494 1750 3580 1813 ad
3613 1746 3803 1813 Rom.
3843 1746 3986 1809 VII.
4030 1748 4143 1810 ubi
4187 1747 4269 1809 de
4312 1747 4376 1809 vi
4395 1799 4399 1803 .
4420 1745 4591 1830 legis

2962 1832 3460 1917 diligentissime
3503 1832 3831 1897 disseruit.
3904 1831 4259 1894 Peccatum
4302 1849 4434 1893 non
4480 1849 4591 1893 co-

2960 1918 3163 2001 gnovi
3205 1917 3330 1980 nisi
3373 1935 3495 1999 per
3515 1914 3755 2001 legem.
3798 1913 3969 1979 Nam
3992 1913 4594 1996 concupiscentiam

2958 2000 3357 2077 nesciebam,
3399 2002 3525 2063 nisi
3569 1999 3680 2063 lex
3698 2014 3711 2070 ι
3730 1999 4000 2074 diceret,
4089 1997 4241 2060 Non
4285 1998 4591 2080 concupi-

2958 2103 3132 2148 sces.
3178 2083 3357 2149 Idem
3399 2103 3541 2167 cap.
3567 2082 3675 2145 111.
3722 2087 3853 2161 [vs.
3895 2078 4260 2165 20.=]pe1·l
4348 2100 4452 2146 em
4483 2100 4591 2144 co-

2958 2169 3161 2253 gnitio
3204 2168 3486 2248 peccati,
3531 2165 3718 2249 quasi
3764 2165 3961 2242 dicat,
4003 2163 4285 2265 hypocri
4414 2160 4588 2227 falso

2953 2268 3367 2335 persuasum,
3410 2251 3627 2334 parari
3681 2246 3833 2332 lege
3873 2248 4222 2324 iustitiam,
4278 2268 4427 2312 cum
4479 2244 4590 2312 lex

2954 2344 3205 2399 tantum
3259 2334 3564 2398 ostendat
3621 2333 3807 2397 cordi
3872 2330 4233 2414 peccatum.
4332 2331 4592 2395 Deinde

2953 2420 3308 2483 occasione
3351 2428 3630 2499 accepta
3669 2425 4014 2500 peccatum
4054 2435 4175 2499 per
4215 2415 4590 2479 mandatum

2951 2504 3018 2566 in
3060 2522 3187 2569 me.
3208 2512 3547 2585 operatum
3574 2510 3678 2565 est
3698 2518 3959 2564 omnem
3973 2499 4587 2582 concupiscentiam.

2952 2585 3025 2649 Id
3082 2586 3359 2663 est,·uhi
3413 2585 3600 2668 coepi
3642 2583 3670 2646 1
3758 2585 3774 2602 ‘
3876 2603 4043 2667 onus
4078 2584 4353 2660 sentire,
4418 2582 4587 2647 adeo

2951 2666 3111 2733 nihil
3151 2666 3519 2752 profectum
3563 2679 3668 2731 est
3736 2687 3882 2752 ege,
3924 2679 3998 2731 ut
4051 2667 4588 2750 concupiscentia

2951 2754 3163 2837 magis
3211 2753 3405 2817 etiam
3444 2753 3698 2815 irritata
3721 2751 4012 2835 coeperit
4031 2748 4313 2815 fremere
4329 2752 4424 2833 ⁹⁰)
4471 2751 4585 2813 ad-

2951 2855 3186 2902 versus
3217 2836 3523 2901 iudicium
3552 2846 3616 2898 et
3646 2832 4050 2900 voluntatem
4076 2836 4201 2899 dei.
4246 2835 4413 2899 Nam
4440 2834 4587 2898 sine

4716 1999 4781 2039 20

4713 2521 4775 2563 2⁶

4656 2607 4739 2668 64,
4774 2605 4823 2656 b.

2949 2918 3100 3006 1636
3153 2932 3522 3003 peccatum·
3543 2931 3685 2983 erat
3726 2930 4085 2996 mortuum,
4140 2918 4273 2983 hoc
4329 2928 4463 2994 est,
4519 2918 4586 2981 ni
4731 2926 4761 2967 ὁ

2947 3002 3058 3069 lex
3099 3003 3256 3067 mihi
3297 3006 3366 3068 in
3409 3003 3610 3068 corde
3652 3015 4000 3086 peccatum
4034 3003 4473 3077 ostendisset,
4517 3003 4584 3065 ni

2946 3107 3051 3152 me
3096 3106 3334 3153 sensus
3376 3089 3634 3170 peccati
3687 3087 4197 3164 conterruisset,
4254 3096 4585 3149 mortuum

2947 3168 3180 3235 fuisset
3198 3182 3566 3255 peccatum,
3590 3191 3724 3235 non
3764 3171 4196 3236 efferbuisset.
4233 3168 4387 3232 Vixi
4413 3169 4585 3231 enim

2945 3252 3296 3338 aliquando
3341 3257 3484 3319 sine
3528 3252 3701 3339 lege.
3801 3255 3951 3318 Fuit
4004 3252 4270 3336 aliquod
4305 3264 4583 3335 tempu&

2946 3359 3094 3401 cum
3136 3340 3347 3402 iustus
3391 3337 3547 3402 mihi
3590 3338 3882 3416 viderer,
3944 3335 4185 3422 legem*
4205 3355 4343 3401 non
4398 3336 4579 3400 vide-

2942 3424 3115 3498 bam,
3161 3421 3461 3503 adeoque
3486 3439 3613 3483 nec
3648 3430 4011 3503 peccatmn.
4056 3420 4147 3483 At
4192 3439 4277 3484 ue
4316 3420 4407 3483 lbi
4442 3430 4580 3484 tum

2941 3512 3285 3587 peccatum
3330 3504 3861 3586 conquiescebat,
3904 3523 4031 3567 nec
4330 3505 4577 3567 irasce-

2942 3590 3136 3652 batur
3178 3587 3326 3664 deo,
3350 3586 3471 3648 sed
3493 3606 3641 3650 cum
3661 3588 3955 3650 venisset
3986 3587 4386 3663 mandatum,

2943 3682 3159 3735 catum
3202 3670 3456 3746 revixit,
3501 3688 3630 3755 630
3672 3681 3891 3734 autem
3910 3681 4207 3734 mortuus
4243 3669 4411 3744 sum‘,
4494 3688 4577 3733 oc

2943 3766 3067 3832 est,
3114 3774 3262 3818 cum
3304 3754 3435 3818 iam
3464 3751 3616 3838 lege
3675 3754 4077 3819 ostendisset
4128 3751 4287 3817 mihi
4338 3770 4573 3835 pecca-

2940 3849 3078 3903 tum
3121 3839 3308 3916 deus,
3355 3838 3801 3902 ex'uscitatum
3845 3847 3950 3901 est
3972 3864 3979 3871 ·
4003 3846 4383 3919 peccattnn,
4442 3855 4570 3920 630

2941 3917 3261 3986 confusus
3306 3939 3474 3998 sum,
3518 3916 3931 4004 pavefactus,
3972 3919 4267 3984 inhorrui
4281 3965 4303 3998 ,
4357 3921 4572 3984 brevi-

2940 4015 3041 4069 ter
3081 4015 3382 4071 mortuus
3426 4022 3592 4069 sum.
3650 4002 3735 4068 Et
3776 4015 3915 4068 tum
3957 4005 4217 4087 quidem
4270 4005 4573 4086 adparuit

2938 4108 3109 4172 quae
3152 4090 3254 4153 vis
3288 4087 3463 4173 legis
3505 4098 3706 4151 esset.
3750 4085 4022 4151 Prodita
4046 4088 4307 4172 quidem
4332 4086 4442 4150 lex
4470 4097 4573 4151 est

2933 4183 3010 4236 ut
3028 4173 3424 4248 viveremus,
3467 4172 3592 4234 sed
3614 4190 3762 4234 cum
3794 4167 4016 4234 facere
4049 4190 4182 4236 non
4216 4173 4569 4253 possimus,

2933 4257 3163 4321 mortis
3185 4274 3227 4318 o
3536 4264 3659 4318 est.
3704 4253 3996 4337 Et'quae
4018 4272 4262 4319 caussa
4292 4265 4397 4317 est
4430 4264 4571 4317 tan-
4694 4270 4757 4310 πο

2935 4336 3335 4405 demcurlex
3349 4337 3693 4402 occiderit?
3705 4336 3848 4401 Lex
3860 4336 4215 4422 spiritualis
4228 4348 4352 4415 est,
4366 4338 4433 4400 id
4445 4348 4571 4414 est,

2936 4424 3158 4508 exigit·
3173 4419 3556 4505 spiritualia,
3583 4423 3950 4499 veritatem,
3976 4422 4172 4487 fidem
4196 4420 4567 4506 glorifican-

2933 4520 3068 4571 tem
3110 4507 3326 4582 deum,
3371 4524 3659 4569 amorem
3702 4507 3830 4586 dei,
3875 4526 4001 4592 630
4059 4524 4223 4569 vero
4280 4501 4566 4567 carnalis

2937 4610 3083 4655 sum
3096 4634 3117 4667 ,
3188 4586 3565 4655 incredulus
3577 4635 3601 4669 ,
3654 4590 3969 4676 ignorans
4024 4590 4165 4665 dei,
4230 4587 4567 4671 insipienS,

2936 4693 3165 4739 amans
3199 4675 3324 4737 mei
3370 4685 3529 4738 etc-³
4321 4702 4333 4711 ·

3022 4788 3364 4872 Nusquam
3397 4790 3529 4853 vim
3564 4790 3987 4872 rationesque
4020 4786 4190 4873 legis
4221 4800 4353 4853 tam
4388 4790 4565 4873 copi·
4650 4792 4731 4851 65,
4750 4803 4799 4842 α·

2939 4892 3057 4937 ose
3092 4874 3395 4937 tractavit
3427 4872 3793 4956 Apostolus
3816 4870 4086 4951 Paulus,
4120 4884 4195 4937 ut
4227 4872 4358 4936 hoc
4392 4872 4568 4951 loco,

4713 3349 4766 3388 10

4708 3851 4762 3892 16

4603 4488 4729 4551 (35,
4765 4487 4836 4551 ι)

2889 4994 2891 4996 -
2938 4977 3132 5106 quem
3164 4958 3659 5039 proposuimuS,
3708 4958 3774 5019 in
3821 4976 3954 5039 quo
4001 4977 4130 5020 non
4180 4956 4372 5020 video
4411 4957 4566 5039 quid

2983 5042 3297 5105 esiderari
3330 5041 3562 5124 possit.
3662 5040 4049 5104 obscuritas
4084 5038 4267 5103 nulla
4302 5052 4403 5102 est
4419 5085 4437 5116 ,
4473 5041 4564 5103 ni-

2933 5123 3029 5188 hil
3054 5128 3061 5151 ¹
3086 5126 3488 5208 impeditum,
3523 5121 3757 5207 plana,
3794 5136 4022 5206 aperta
4056 5126 4301 5199 omnia,
4348 5136 4419 5186 ut
4454 5126 4567 5186 du·
4715 5127 4745 5165 ⁵

2939 5211 3127 5273 bitari
3175 5230 3307 5272 non
3357 5208 3568 5290 possit
3614 5208 3698 5271 de
3747 5208 3887 5271 eius
3937 5210 4280 5272 sententia.
4371 5207 4564 5281 Quod

2935 5493 3028 5551 90)
3075 5491 3320 5553 fremere]
3358 5491 3444 5543 Ed.
3484 5495 3529 5545 7.
3565 5498 3618 5545 et
3652 5495 3707 5545 ln
3744 5495 3987 5547 Genesin:
4028 5495 4212 5546 furere.
4660 5558 4665 5563 ,

4468 5594 4561 5650 10·
