5859 6734
522 789 585 856 cot
1079 833 1083 840 .
1153 775 1265 843 mn.
1285 774 1391 844 affin.
1412 773 1597 843 sonim
1619 766 1890 838 montanos.
2450 779 2516 846 ιω

523 971 813 1058 persequebantur.
855 966 906 1030 ita
928 983 971 1030 nc
998 964 1180 1028 sententiae
1208 960 1385 1026 dissimiles
1407 958 1493 1026 refe·
1534 960 1701 1025 bominum
1737 971 1770 1023 et
1795 957 2178 1043 pseudoprophetarum
2211 971 2245 1024 et
2272 959 2441 1028 habebant
2468 967 2513 1050 pii

523 1067 638 1122 rantur
656 1055 700 1119 ad
720 1048 895 1118 dissimiles
906 987 1097 1115 (Ecclesiae.
1129 1044 1254 1111 Paulus
1275 1048 1320 1110 ait
1342 1047 1387 1126 [l.
1410 1045 1492 1110 Tim.
1535 1045 1695 1129 quaedam
1716 1054 1827 1107 errata
1848 1055 1881 1108 et
1902 1044 2041 1108 vitiosos
2060 1041 2178 1107 cultus.
2223 1044 2348 1110 Verum
2370 1045 2452 1113 alias
2474 1050 2512 1114 il·

524 1138 663 1218 e‚1o.]:
706 1135 859 1201 Ecclesia
886 1146 939 1200 est
967 1131 1119 1200 columna
1145 1142 1178 1196 et
1207 1131 1305 1195 sedes
1334 1132 1492 1197 veritatis.
1533 1128 1672 1194 lustrior
1699 1139 1732 1192 et
1759 1129 1872 1211 purior
1902 1138 1973 1191 erat
1995 1142 2027 1193 et
2050 1131 2154 1192 maior
2175 1148 2258 1193 vera
2279 1129 2451 1212 Ecclesia,
2480 1138 2512 1199 si

524 1223 568 1290 Et
597 1221 700 1326 “¹¹30
732 1222 870 1286 dicitur:
902 1216 1056 1284 Ecclesia
1086 1235 1153 1280 non
1179 1227 1277 1278 errat
1325 1216 1398 1280 lloc
1426 1237 1493 1280 non
1535 1214 1667 1299 quande
1685 1210 1874 1296 Prophetae
1895 1226 2154 1297 repurgaverant
2181 1214 2373 1280 doctrinam.
2402 1218 2510 1304 Signi·

525 1316 636 1392 poteet
658 1303 797 1392 rntelligi
823 1306 866 1370 de
893 1305 1059 1377 omnibus,
1091 1301 1147 1385 qui
1167 1312 1245 1364 sunt
1265 1301 1299 1364 in
1320 1298 1493 1378 Ecclesia,
1535 1301 1636 1363 iicant
1658 1309 1691 1361 et
1712 1296 1877 1375 Christus,
1899 1295 2023 1361 Paulus
2046 1310 2079 1362 et
2100 1296 2221 1362 Daniel
2241 1296 2395 1379 inturmn,
2418 1315 2454 1366 ut
2476 1306 2509 1368 in

525 1391 603 1477 quta
621 1401 735 1456 extant
755 1403 788 1454 et
808 1389 987 1452 contrariae
1009 1386 1202 1463 sententiae,
1225 1404 1310 1468 quac
1330 1383 1494 1450 affirmant
1535 1379 1687 1447 Ecclesia
1722 1382 1927 1445 dominentur
1959 1383 2045 1464 impii
2079 1394 2112 1445 et
2143 1384 2303 1449 seducant
2334 1385 2507 1468 plurimos.

524 1471 699 1541 horribiles
743 1491 874 1537 errores
917 1473 951 1534 in
990 1468 1143 1536 Ecclesia
1181 1470 1366 1534 exorituros
1405 1490 1493 1535 esse.
1536 1467 1620 1530 ilinc
1643 1464 1740 1530 facile
1761 1467 1898 1531 iudicari
1910 1476 2031 1549 potest,
2054 1468 2217 1550 quomodo
2234 1483 2418 1572 pugnantes
2430 1491 2508 1535 sen-

526 1559 619 1625 stent
639 1555 791 1622 Christus
810 1558 857 1622 eit
878 1556 996 1636 [Marc.
1020 1556 1072 1633 13,
1094 1556 1177 1634 ms
1204 1553 1375 1639 Exurgerrt
1394 1575 1493 1638 pseu·
1535 1553 1656 1616 tentiae
1683 1553 1725 1615 de
1753 1549 1906 1614 Ecclesia
1938 1552 2164 1616 diiudicandae
2184 1555 2231 1636 ⁶⁶)
2264 1564 2339 1618 srnt.
2381 1552 2439 1619 illa
2461 1557 2506 1633 [l.

526 1642 684 1708 deebriati
715 1652 749 1706 et
777 1640 1097 1724 pseudoprophetae,
1119 1652 1153 1704 et
1173 1640 1297 1704 dabunt
1314 1641 1410 1724 signa
1426 1660 1493 1703 ma·
1535 1635 1616 1700 lim.
1639 1635 1671 1714 3,
1695 1634 1779 1714 15.]‚
1808 1655 1894 1718 quae
1916 1636 1993 1698 dicit
2014 1634 2199 1700 Ecclesiam
2222 1657 2299 1702 esse
2322 1637 2506 1704 columnam

526 1745 622 1875 3¹13!
635 1726 742 1874 iteHnt
768 1727 802 1789 in
830 1723 1354 1872 ⁰“⁰ffm·ip¹,¹p⁴1¹1¹}⁰³nm’·⁸ififi⁰ri
1375 1717 1495 1874 poss}z
1535 1719 1967 1870 bffitatis’allioqffimrlbpn
1989 1721 2133 1868 dpdcplrti
2155 1719 2429 1873 locinppuminibtpls
2450 1736 2508 1826 aut

622 1851 630 1868 .
935 1829 1003 1872 orn
1105 1826 1265 1872 commrna
1290 1828 1311 1871 o
1339 1828 1377 1872 es
1557 1825 1678 1870 muana
1770 1825 1815 1868 ua
1893 1826 1950 1868 rra
2100 1825 2118 1868 e
2181 1827 2220 1868 ιιι
2322 1826 2383 1870 coe
2462 1827 2508 1871 re-

525 1829 649 1960 basim
668 1829 776 1978 111qu
794 1830 975 1974 [Effn'lhess.
997 1893 1031 1970 2,
1051 1891 1098 1973 4.]
1121 1890 1360 1957 Antichristnm
1376 1912 1494 1979 regne·
1535 1910 1624 1967 rum,
1657 1892 1713 1974 qui
1740 1823 1878 1971 pissabo
1893 1891 1926 1952 in
1954 1848 2074 1953 mundo
2104 1823 2245 1974 disspmi
2274 1903 2362 1954 sunt.
2459 1893 2509 1957 ‘ae

525 1991 633 2043 turum
664 1997 741 2043 esse
771 1978 804 2041 in
837 1976 961 2064 templo
982 1977 1056 2042 Dei.
1100 1975 1195 2040 Multi
1229 1977 1328 2061 igitur
1359 1977 1494 2042 admixti
1535 1976 1718 2038 sententiae
1740 1985 1873 2038 monent
1895 1972 2025 2057 singula
2045 1976 2191 2038 membra
2208 1995 2321 2040 errare
2338 1995 2452 2057 posse,
2476 1990 2508 2039 ει

526 2058 696 2128 Ecclesiae
715 2062 882 2128 errabunt.
1534 2078 1688 2145 magnam
1727 2077 1803 2122 esse
1841 2057 2076 2123 multitudinem
2114 2061 2288 2124 admixtam
2321 2080 2401 2123 vere
2455 2063 2508 2140 'is,

610 2143 653 2210 Et
677 2156 807 2228 oportet
835 2146 909 2228 pios
937 2157 1051 2210 tenere
1071 2144 1138 2209 hoo
1160 2146 1335 2210 discrimen
1358 2147 1494 2209 duorum
1536 2163 1621 2228 quae
1653 2144 1848 2226 perniciosis
1876 2143 2045 2207 erroribus
2070 2146 2290 2208 contaminata
2311 2156 2372 2209 est
2416 2082 2508 2210 libes

526 2253 567 2301 co
629 2253 701 2298 rum
728 2229 917 2307 Ecclesiae,
940 2249 982 2294 ne
1008 2231 1185 2294 autoritate
1212 2227 1295 2294 tituli
1322 2228 1495 2295 Ecclesiae
1537 2228 1673 2292 recitavi
1699 2246 1766 2292 non
1796 2229 2016 2291 contentionis
2050 2229 2175 2305 studio,
2204 2229 2263 2291 sed
2296 2240 2333 2292 ιιι
2363 2230 2426 2312 ipsi
2449 2249 2508 2292 no·

527 2321 549 2383 d
674 2327 737 2382 tur.
780 2316 865 2379 Nam
887 2334 1009 2396 corpus
1030 2311 1112 2379 illud
1132 2312 1356 2399 hypocriticae
1378 2312 1494 2378 Eccle·
1536 2323 1626 2374 stros
1669 2313 1795 2377 animos
1827 2314 2027 2391 muniamus,
2060 2331 2134 2375 curn
2166 2324 2257 2376 recte
2289 2314 2506 2379 sentientibus

526 2403 596 2466 siae
621 2400 722 2464 habet
742 2419 894 2484 magnam
916 2409 949 2463 et
969 2396 1172 2484 probabilem
1194 2399 1360 2482 speciem;
1392 2419 1432 2462 sa
1536 2397 1623 2480 impii
1646 2408 1812 2480 opponunt
1828 2395 2001 2462 Ecclesiae
2022 2394 2148 2459 titulum
2170 2407 2269 2480 atque
2286 2399 2506 2462 autoritatem.

526 2487 611 2552 enirn
631 2483 731 2549 babet
747 2484 945 2547 ordinariam
961 2493 1168 2565 potestatem,
1191 2486 1285 2548 cuius
1303 2503 1422 2568 magna
1462 2502 1495 2547 e·
1535 2480 1620 2543 Nanr
1639 2492 1676 2544 ut
1696 2500 1764 2544 non
1786 2493 1910 2546 temere
1932 2481 2107 2544 dissentire
2131 2482 2287 2545 debemus
2311 2484 2353 2546 ab
2376 2483 2507 2547 ordina·

526 2572 583 2636 bet
603 2587 679 2633 esse
700 2568 875 2644 autoritas,
904 2566 1004 2631 habet
1025 2566 1175 2649 exempla
1195 2566 1339 2632 Patr-mn.
1384 2567 1495 2639 Quare
1537 2565 1587 2628 ria
1607 2575 1788 2650 potestate,
1816 2585 1901 2652 quae
1922 2564 2073 2649 possidet
2094 2563 2264 2629 Ecclesiae
2287 2564 2431 2644 titulum,
2459 2570 2507 2631 ita

526 2654 600 2738 pios
625 2653 723 2718 etiarn
750 2662 874 2716 certam
893 2663 1006 2716 notam
1025 2650 1149 2718 habere
1169 2665 1316 2735 oportet,
1345 2652 1496 2736 quaesit
1537 2649 1707 2712 sciendmn
1727 2662 1791 2728 est,
1822 2652 1960 2715 verbnm
1986 2648 2049 2713 Dei
2082 2648 2288 2715 manifestum
2321 2648 2507 2714 anteferen-

526 2755 606 2802 vera
625 2733 786 2801 Ecclesia.
828 2735 889 2798 Est
915 2746 1023 2800 autem
1044 2748 1124 2800 nota
1146 2739 1327 2800 certissima
1347 2748 1381 2800 et
1401 2753 1496 2818 prae·
1537 2733 1614 2797 durn
1646 2751 1723 2798 esse
1753 2733 1848 2799 titulo
1874 2732 2046 2799 Ecclesiae
2078 2747 2110 2798 et
2141 2736 2317 2798 aniversae
2345 2733 2507 2800 humanae

526 2823 633 2970 cyna,
676 2841 737 2886 rua
756 2820 908 2884 doctrina
916 2818 1106 2907 Evangelii3
1123 2821 1213 2885 iuxta
1233 2818 1312 2884 illud
1335 2819 1418 2900 [lob.
1444 2817 1494 2897 10,
1537 2817 1718 2892 autoritati;
1751 2821 1841 2882 iuxta
1872 2815 1959 2882 illud'
1978 2817 2069 2898 [Gal.
2094 2820 2210 2898 1‚9.]=
2245 2819 2280 2884 Si
2310 2823 2385 2904 quis
2416 2818 2507 2884 alind

528 2906 610 2985 l.]:
695 2923 733 2970 es
754 2925 846 2970 meae
867 2923 984 2971 vooem
1005 2925 1111 2970 meam
1132 2905 1277 2969 audiunt.
1320 2905 1415 2970 Hanc
1436 2923 1495 2967 no·
1536 2900 1752 2986 Evangelium
1772 2904 2021 2985 praedicaverit,
2042 2902 2217 2968 anathema
2238 2906 2291 2967 sit.
2336 2905 2507 2968 Honestis-

526 2992 768 3060 tendebamus
790 3009 958 3075 opponere
979 2992 1129 3055 omnibus
1151 2987 1254 3052 titulis
1276 2988 1416 3066 illorum,
1439 2990 1495 3072 qui
1537 2987 1619 3050 sima
1650 3006 1716 3050 vex
1748 2997 1800 3050 εει
1831 2986 2007 3072 Augustini
2040 2990 2082 3053 ad
2115 2989 2313 3053 ianuarium:
2353 2987 2508 3054 Ecclesia

526 3075 739 3164 Evangelium
772 3084 1013 3159 perseqururtur
1039 3084 1073 3138 et
1099 3075 1268 3150 damnant3
1294 3077 1385 3138 iuxta
1413 3071 1494 3136 illud
1535 3069 1617 3148 Dei,
1644 3072 1728 3134 inter
1748 3069 1879 3135 multam
1900 3070 2027 3156 paleam
2049 3071 2216 3158 multaque
2236 3075 2361 3136 zizania
2383 3076 2507 3137 consti·

527 3159 615 3242 [Gal.
639 3160 753 3240 1‚9.]=
786 3159 821 3224 Si
844 3161 918 3243 quis
940 3157 1028 3224 aliud
1049 3157 1143 3223 Evan
1188 3156 1266 3222 lium
1283 3158 1494 3243 praedicave·
1536 3165 1616 3231 tuta,
1647 3152 1749 3219 multa
1781 3154 1917 3233 tolerat,
1950 3170 1981 3221 ει
2014 3169 2139 3236 tamen,
2172 3177 2256 3243 quae
2288 3171 2364 3220 sunt
2387 3171 2506 3220 contra

525 3247 577 3326 rit,
610 3244 783 3310 anathema
814 3246 867 3308 sit.
909 3243 954 3307 Et
986 3243 1028 3308 de
1060 3242 1124 3307 bac
1162 3242 1307 3321 'cclesia,
1330 3262 1415 3325 quae
1435 3241 1494 3305 ha·
1536 3239 1633 3302 iidem
1661 3237 1715 3302 vei
1736 3240 1857 3304 bonam
1878 3243 1993 3319 vitam,
2023 3262 2090 3307 non
2112 3243 2285 3390 approbat,
2314 3261 2377 3304 nec
2399 3253 2504 3317 tacet,

525 3333 580 3490 plot
606 3351 735 3478 fflm
766 3325 1002 3413 Evangelium,
1046 3325 1192 3411 loquitur
1228 3329 1391 3393 sententia
1422 3324 1492 3401 illa,
1535 3342 1598 3387 nec
1625 3321 1714 3388 facit.
1758 3325 1850 3390 Haec
1879 3327 1961 3390 satis
1990 3330 2034 3390 sit
2061 3348 2161 3392 monu
2172 3347 2229 3391 sse
2257 3328 2297 3391 de
2318 3325 2381 3391 bac
2402 3345 2505 3473 rprae-

726 3413 766 3489 ³,
803 3411 866 3490 lo]
909 3409 1062 3477 Ecclesia
1102 3423 1154 3476 est
1193 3412 1344 3478 columna
1374 3413 1493 3475 verita-
1535 3409 1659 3472 stione:
1704 3408 1757 3472 An
1785 3407 1940 3475 Ecclesia
1965 3413 2070 3494 pessit
2098 3411 2231 3478 errare?
2273 3412 2324 3475 Ac
2350 3430 2411 3494 pro
2427 3423 2503 3474 ecto

526 3498 579 3562 tis.
643 3496 747 3560 liuius
784 3505 892 3560 eutem
930 3515 1028 3561 verae
1060 3493 1230 3562 Ecclesiae
1267 3498 1413 3561 membra
1446 3496 1492 3559 di·
1534 3494 1649 3557 mirum
1686 3504 1754 3570 est,
1792 3507 1858 3558 taur
1883 3493 2058 3561 horrendis
2085 3495 2247 3561 vaticiniis
2275 3495 2397 3559 Christi
2424 3494 2505 3559 nibil

526 3598 643 3666 sparsa
670 3591 747 3646 sunt
772 3582 904 3663 possim.
949 3579 992 3644 Et
1016 3594 1243 3665 praeterquam
1266 3582 1354 3665 quod
1375 3582 1493 3665 ingens
1534 3573 1624 3642 affici
1650 3597 1759 3662 neque
1779 3577 1958 3644 Pontifices
1987 3600 2094 3666 neque
2115 3582 2290 3659 doctores,
2320 3582 2375 3664 qni
2396 3583 2503 3645 securi

525 3663 694 3731 multitudo
723 3665 892 3749 impiorum
918 3666 1062 3731 adrnixta
1089 3677 1159 3744 est,
1186 3676 1223 3730 ut
1248 3686 1330 3730 vera
1346 3666 1494 3729 membra
1535 3663 1698 3727 somniant
1718 3660 1799 3726 nihil
1819 3665 1854 3728 in
1875 3663 2026 3729 Ecclesia
2047 3666 2116 3729 vitii
2136 3685 2223 3729 esse.

525 3748 649 3814 lateant
680 3761 713 3814 et
744 3751 799 3814 vix
832 3749 979 3831 conspici
1010 3751 1156 3836 possint,
1187 3748 1312 3814 habent
1343 3761 1376 3813 et
1407 3750 1492 3814 haec
1620 3747 1717 3809 Nunc
1736 3743 1852 3833 reliqui
1874 3761 1950 3813 sunt
1972 3751 2036 3813 duo
2059 3750 2136 3827 loci,
2158 3753 2247 3834 quod
2268 3751 2505 3814 administratio

526 3851 605 3899 vera
635 3835 780 3898 membra
797 3837 841 3913 ⁰⁴)
869 3853 966 3936 suam
997 3830 1264 3911 imbecillitatem,
1295 3853 1427 3897 errores
1459 3845 1493 3897 et
1536 3830 1829 3935 Sacramentornm·
1843 3851 1910 3934 non
1932 3836 1975 3896 sit
1996 3836 2104 3913 inita,
2132 3837 2260 3899 etiamsi
2282 3853 2391 3899 mores
2413 3835 2505 3898 mini-

525 3918 911 4070 ditabitur?
932 3931 1032 4066 tri
1048 3916 1492 4086 *tultriffidliii
1534 3926 1685 4063 stau
1705 3915 2063 4087 iustitie,
2080 3917 2504 4068 ὼῗῖιῗῗὲιῖἒηὲἕέῗέὲὲ

526 4085 650 4156 Paulus
672 4087 702 4152 1.
720 4084 798 4151 Gor.
820 4087 852 4152 3.
875 4091 939 4166 [vs.
963 4021 1309 4191 inflammantem
1330 4085 1419 4164 alind
1434 4105 1492 4150 ne-
1533 4083 1618 4148 Nam
1640 4098 1672 4147 et
1693 4104 1810 4150 recens
1828 4084 1967 4190 yuiclei
1979 4100 2017 4192 ‘et
2040 4086 2117 4153 olim
2137 4088 2331 4153 Donatistae
2352 4087 2505 4150 detraxe-

526 4193 592 4324 tt
605 4183 924 4336 11111111ιῖ
924 4191 966 4321 i,
983 4168 1493 4333 lffiaii’miihffddiffl‘dii
1535 4167 1856 4320 fidissimi?
1879 4169 2505 4342 tii⁰itiiiriiti⁶iddt¹⁰ttt

527 4345 712 4410 discrimina
744 4343 936 4408 docentium.
988 4339 1083 4407 Alius
1115 4361 1215 4425 snper
1242 4343 1275 4404 id
1303 4338 1492 4406 fundamen·
1535 4335 1584 4401 ies
1602 4336 1839 4423 Anabaptistae
1857 4339 2039 4406 Ecclesiam
2062 4341 2159 4408 talem
2171 4346 2371 4408 constituere
2382 4361 2506 4405 conen-

526 4443 594 4495 turn
624 4441 755 4494 extruet
785 4449 915 4504 aurum,
948 4439 1133 4511 argentum,
1165 4427 1281 4503 idest,
1313 4429 1491 4509 pretiosam
1513 4452 1516 4494 ι
1536 4435 1605 4500 tur,
1634 4425 1667 4487 in
1699 4446 1765 4508 qua
1796 4421 1875 4487 nulli
1908 4427 1973 4489 sint
2007 4429 2125 4494 vitiosi.
2169 4429 2280 4501 Quare
2307 4427 2504 4492 admonendi

527 4515 724 4592 doctrinam,
746 4531 846 4597 opera
869 4523 902 4575 et
923 4509 1031 4575 cuitus
1053 4532 1074 4575 a
1095 4511 1169 4575 Deo
1190 4511 1372 4574 mandatos.
1395 4509 1491 4574 Alius
1512 4509 1516 4576 i
1535 4519 1612 4571 sunt
1643 4509 1706 4591 pii,
1739 4521 1774 4574 ιιι
1806 4510 1912 4573 sciant
1945 4531 2039 4576 usum
2072 4514 2358 4578 Sacramenterum
2391 4509 2505 4578 valere

527 4596 634 4683 ligna,
654 4595 795 4675 foenum,
818 4593 955 4680 stipulas
977 4607 1115 4673 extruet,
1134 4593 1198 4659 hoc
1220 4607 1282 4672 est,
1303 4595 1434 4659 inutiles
1457 4608 1492 4658 et
1511 4579 1516 4698 Ι
1534 4604 1671 4677 propter
1690 4595 1877 4659 mandatum
1899 4597 2183 4661 coordinationem
2201 4600 2353 4675 divinam,
2377 4599 2504 4662 etiamsi

527 4681 688 4826 pprimas
710 4683 880 4765 opiniones
902 4692 935 4745 et
956 4678 1033 4745 viiia
1054 4697 1164 4764 opera.
1198 4677 1291 4744 Sicut
1311 4681 1344 4742 in
1366 4680 1490 4744 sanctis
1512 4703 1515 4756 i
1535 4696 1644 4741 mores
1686 4679 1907 4744 ministrorum
1940 4678 2016 4743 mali
2049 4683 2123 4745 sint.
2184 4683 2363 4767 Loquimur
2395 4694 2504 4746 autern

574 4763 680 4828 tribus
717 4764 872 4851 leguntur
906 4765 1065 4830 interdurn
1097 4766 1256 4849 quaedam
1287 4763 1491 4828 incommode
1535 4763 1576 4825 de
1596 4760 1689 4826 malis
1711 4765 1743 4826 in
1762 4762 1924 4843 Ecclesia,
1946 4785 2012 4828 non
2036 4767 2077 4830 de
2098 4787 2118 4831 a
2142 4779 2212 4832 erte
2234 4766 2446 4850 blasphemis,
2469 4779 2504 4829 ut

528 4845 616 4911 dicta
635 4846 676 4910 de
697 4850 892 4914 ceremoniis
913 4860 946 4913 et
967 4846 1039 4913 aliis
1060 4851 1170 4914 rebus.
1213 4848 1263 4912 lta
1282 4847 1363 4913 latet
1377 4846 1492 4914 Eccle·
1533 4846 1661 4911 ludaeis
1684 4860 1740 4911 aut
1760 4849 1889 4927 Tuscis,
1910 4853 2028 4934 quibus
2045 4787 2140 4918 Eccl,

527 4931 579 4994 sia
613 4940 702 4994 tecta
727 4951 794 4996 nen
823 4930 930 4997 solum
957 4953 975 4996 r
1041 4952 1062 4996 e
1091 4947 1123 4997 et
1143 4931 1348 4998 multitudine
1379 4936 1491 5019 impio·
1512 4919 1515 4980 l
1533 4933 1617 4996 rium
1645 4934 1820 4998 mandavit.
1865 4935 1901 5000 Si
1922 4938 2008 5002 enirn
2029 4958 2070 5002 ex
2091 4941 2124 5002 di
2171 4941 2249 5003 itate
2270 4938 2504 5013 ministrorum,

527 5033 610 5092 rum,
637 5015 697 5078 sed
726 5016 821 5080 etiam
848 5017 957 5082 sonus
976 4953 1140 5101 ιῗοῗιὶιιιὶιιιιε
1162 5029 1219 5082 aut
1239 5013 1368 5082 frivolis
1391 5029 1424 5081 et
1445 5019 1491 5080 in·
1534 5014 1706 5102 Evangelii
1727 5029 1783 5081 aut
1801 5017 2086 5086 sacramentorum
2141 5022 2349 5107 spenderet,
2372 5039 2505 5103 semper

527 5093 662 5162 utilibus
682 5102 950 5182 persuasionibus
994 5103 1107 5166 iorum.
1152 5101 1237 5175 Quid
1259 5112 1312 5168 est
1331 5102 1416 5166 enim
1432 5102 1492 5165 ho·
1534 5114 1648 5166 oeseru
1668 5103 1814 5168 incertae
1835 5108 2059 5173 eonscientiae
2080 5109 2121 5171 de
2143 5109 2316 5190 baptismo,
2340 5105 2382 5169 de
2404 5106 2504 5169 abso-

526 5181 971 5268 minitampropriunr,quam
1016 5187 1060 5263 bi,
1071 5185 1188 5269 decipi,
1200 5198 1232 5250 et
1243 5203 1354 5250 errare
1365 5189 1492 5269 posse?
1534 5182 1657 5251 lotione
1684 5199 1748 5254 etc.
1798 5189 1913 5255 Porro·
1931 5193 2067 5257 verbnm
2094 5203 2126 5256 et
2154 5189 2368 5256 Sacramenta
2491 5223 2505 5239 ·

611 5263 701 5330 Talis
722 5265 1079 5353 Ecclesia-depingitur
1100 5273 1196 5335 nobis
1215 5271 1249 5334 in
1271 5269 1417 5334 historiis
1433 5293 1492 5355 po·
1534 5282 1609 5336 runt
1640 5270 1755 5346 iidem3
1789 5293 1872 5360 ergo
1900 5294 1977 5338 non·
1992 5287 2143 5359 possunt·
2159 5295 2200 5338 ex
2227 5275 2385 5361 dignitate
2457 5274 2504 5339 ni.-

527 5348 595 5432 puli
615 5349 729 5415 lsrael.
772 5352 856 5415 Nam
877 5354 910 5416 in
931 5372 971 5416 eo
987 5351 1117 5499 populo
1139 5367 1208 5418 erat
1231 5375 1311 5418 vera
1328 5353 1491 5433 Ecclesia,
1534 5367 1676 5419 strorum
1703 5360 1857 5440 pendere.
1909 5358 1980 5421 lioc
2008 5371 2233 5442 argumentum
2260 5359 2341 5422 satis
2369 5356 2504 5441 planum

528 5445 561 5496 et
582 5445 689 5498 tamen
711 5437 850 5499 maxima
876 5448 944 5499 erat
966 5458 986 5499 a
1008 5439 1108 5500 mixta
1129 5435 1298 5502 multitudo
1321 5438 1490 5521 impiorum

2128 4854 2197 4917 asia
2219 4851 2340 4916 nullum
2361 4853 2505 4915 ministe-

531 5553 726 5567 *u*-

527 5616 573 5679 u)
586 5619 717 5686 membra]
737 5621 780 5673 Ed.
801 5624 821 5673 ι.
839 5624 932 5685 typetir.
949 5633 1050 5676 emere:
1067 5625 1168 5676 membr
1535 5627 1582 5690 t5)
1600 5627 1787 5693 diiudicandae]
1806 5629 1878 5681 ειιιι.
1898 5630 1936 5676 rt.
1958 5626 1996 5675 le
2017 5639 2103 5681 errore
2122 5631 2234 5692 um:
2251 5627 2402 5681 ιιιιιιιιιειιιιίι
