5859 6734
936 827 1007 880 ut
1046 815 1113 878 in
1152 834 1381 880 eorum
1436 815 1849 880 invocatione
1902 815 2159 882 luceret
2215 815 2548 884 confessio
2602 831 2671 882 et
2716 839 2874 884 vera

936 899 1235 964 doctrina
1286 895 1481 963 latius
1534 913 2041 985 propagaretur,
2098 915 2233 966 tum
2289 915 2359 966 ut
2398 901 2703 968 Ecclesia
2758 901 2873 968 ha·

934 983 1121 1050 beret
1160 981 1381 1068 aliqua
1422 981 1725 1065 hospitia.
1814 985 1965 1049 Non
2008 987 2271 1051 dubium
2312 1000 2419 1051 est
2506 990 2707 1054 rimos
2758 1007 2871 1071 pa·

934 1079 1071 1132 tres
1104 1069 1169 1132 in
1196 1087 1319 1134 suo
1350 1079 1567 1146 coetu,
1600 1068 1835 1146 Adam,
1870 1068 2165 1149 Henocb,
2194 1069 2410 1150 Noha,
2476 1075 2654 1138 uisse
2677 1076 2872 1136 etiam

932 1151 1241 1236 politicos
1288 1155 1785 1236 gubernatores,
1831 1157 2001 1220 sicut
2040 1156 2319 1220 traditur
2360 1155 2593 1220 Nohae
2637 1155 2747 1220 lex
2790 1157 2871 1220 de

934 1237 1277 1322 puniendis
1334 1237 1675 1302 homicidis
1700 1243 1817 1322 ⁴⁷).
1906 1239 2163 1306 Deinde
2210 1239 2705 1306 Melchisedech
2762 1261 2873 1304 ex·

934 1341 1167 1406 presse
1216 1343 1333 1386 rex
1376 1319 1763 1406 appellatur.
1820 1325 2157 1388 Abraham
2192 1327 2319 1388 etsi
2352 1323 2599 1409 hospes
2642 1323 2765 1390 fuit
2806 1327 2871 1388 in

932 1403 1163 1470 alienis
1205 1409 1526 1489 imperiiS,
1584 1419 1799 1472 tamen
1842 1421 1909 1472 et
1952 1409 2175 1496 Reges
2228 1407 2485 1494 aliquos
2528 1405 2873 1476 Ecclesiae

934 1489 1226 1556 adiunxit
1280 1503 1345 1556 et
1396 1492 1563 1556 rexit
1618 1491 1763 1574 ipse
1819 1492 2087 1576 politico
2140 1497 2412 1578 imperio
2456 1513 2647 1560 suam
2690 1491 2872 1558 fami·

932 1571 1087 1640 liam
1140 1586 1206 1639 et
1260 1573 1616 1657 proeliatus
1674 1589 1799 1640 est.
1886 1577 2135 1644 Postea
2188 1575 2429 1663 loseph
2486 1597 2621 1642 non
2675 1579 2871 1643 modo

934 1661 1129 1738 rexit,
1180 1660 1302 1723 sed
1345 1663 1537 1724 etiam
1582 1664 1773 1725 novis
1818 1661 2109 1747 Legibus
2151 1683 2427 1748 regnum
2468 1663 2871 1749 Aegyptium

932 1744 1287 1810 constituit.
1332 1744 1475 1809 Nec
1510 1746 1774 1810 dubium
1810 1759 1913 1811 est
1948 1746 2221 1812 formam
2259 1751 2445 1831 regni
2478 1747 2873 1896 Αοςῖιμὶαοί

932 1829 1291 1894 institutam
1355 1851 1395 1893 a
1462 1829 1738 1914 loseph,
1806 1833 2021 1895 donec
2084 1829 2337 1908 floruit,
2404 1844 2637 1898 antece
2690 1831 2831 1896 uiss

934 1914 1219 1978 omnium
1244 1935 1599 2000 regnorum
1625 1916 1856 1992 ordini,
1940 1936 2321 1999 uaecunque
2344 1913 2607 1982 fuerunt
2634 1926 2869 2000 postea

934 2009 1073 2145 {pto
1128 1999 1289 2062 orbe
1344 2009 1698 2077 terrarum,
1756 2001 1819 2064 in
2004 1999 2237 2078 Idaea,
2293 2001 2513 2078 lunia,
2570 1999 2871 2076 Graecia,

995 2102 1201 2148 omae.

1101 2167 1317 2232 Valde
1360 2181 1608 2247 errant,
1652 2170 1761 2252 qui
1796 2169 2027 2234 Soloni
2068 2181 2183 2234 aut
2216 2171 2523 2256 Augusto
2561 2172 2871 2235 maiorem

936 2254 1228 2317 tribuunt
1267 2251 1598 2336 politicam
1642 2256 2059 2336 sapientiam,
2114 2275 2311 2339 quam
2364 2256 2467 2318 his
2512 2256 2707 2333 viris,
2762 2252 2874 2338 qui

934 2339 1151 2402 divina
1206 2337 1355 2403 luce
1407 2340 1807 2484 regebantur
1859 2351 1928 2404 et
1970 2340 2184 2404 Deum
2234 2359 2393 2404 vere
2446 2339 2871 2415 invocabant,

936 2420 1203 2504 loseph,
1266 2422 1481 2487 Danie
1509 2425 1560 2501 i,
1622 2421 1878 2488 Esdrae
1932 2437 1997 2488 et
2053 2422 2395 2488 similibus.
2486 2424 2627 2488 Nec
2682 2419 2873 2488 solus

934 2506 1176 2589 loseph
1218 2508 1386 2571 inter
1428 2507 1771 2592 Principes
1803 2509 2175 2595 Aegyptios
2210 2509 2423 2574 Deum
2468 2521 2649 2573 recte
2690 2510 2874 2572 invo-

934 2593 1153 2668 cabat,
1189 2592 1308 2655 sed
1343 2594 1483 2656 eius
1520 2595 1911 2676 gubernatio
1942 2614 2165 2678 regem
2198 2615 2323 2658 sua
2354 2604 2569 2658 aetate
2597 2612 2873 2677 regnan-

932 2688 1085 2778 tem·
1106 2688 1174 2777 et
1214 2674 1484 2755 multoS,
1583 2680 1651 2740 ui
1691 2699 1823 2741 una
1856 2673 2346 2759 Rempublicam
2390 2697 2461 2741 re
2513 2679 2741 2754 ebant,
2789 2677 2875 2740 ad

932 2773 1700 2910 :istiqltdgnerzetnefftoreed
1736 2773 2089 2930 &aegil-331¹&
2116 2762 2506 2911 Ιεῖἕὲἰῒῗῖειι)
2544 2773 2875 2930 glasglisseet

930 2925 1091 2992 nihil
1136 2929 1224 2992 du
1270 2931 1397 2994 ium
1446 2942 1569 2994 est.

1104 3015 1296 3088 Quod
1332 3035 1491 3079 vero
1533 3013 1765 3079 furiosi
1798 3015 2273 3100 Anabaptistae
2318 3017 2560 3092 dicunt,
2604 3026 2875 3098 propter

937 3097 2873 3267 trimi?⁰5¹31¹3÷33P3¹1ss02350ffi02533mastigia&

935 3265 1339 3333 insulsitatis.
1426 3267 1777 3355 Singulare
1829 3229 1965 3332 D’ei
2024 3209 2411 3334 besseficium
2477 3266 2630 3344 fuit,
2697 3269 2871 3353 quod

938 3365 1179 3418 certam
1222 3355 1447 3418 sedem
1490 3352 1835 3418 Ecclesiae
1878 3356 2141 3418 tradidit
2184 3375 2265 3418 ac
2320 3351 2608 3418 defendit
2660 3373 2871 3416 annos

934 3436 1211 3523 amplius
1254 3434 1432 3503 mille
1474 3438 1991 3524 quadringentos
2014 3443 2128 3510 ⁴⁹).
2208 3437 2435 3503 Voluit
2478 3439 2643 3502 enim
2685 3436 2873 3502 Deus

936 3537 1185 3589 certum
1226 3543 1380 3588 esse
1413 3520 1655 3600 locum,
1702 3524 1764 3585 in
1802 3544 1935 3607 quo
1968 3525 2335 3588 testimonia
2370 3523 2871 3606 promissionum

936 3609 1298 3674 divinarum
1342 3609 1713 3686 ederentur,
1757 3619 1821 3672 et
1856 3611 1921 3671 in
1956 3630 2085 3693 quo
2124 3607 2429 3672 Christus
2465 3618 2873 3682 nasceretur,

937 3699 1109 3762 sicut
1148 3713 1353 3778 supra
1400 3694 1485 3758 de
1526 3705 1753 3762 vetere
1786 3691 2207 3758 Testamento
2252 3694 2587 3776 copiosius
2627 3693 2873 3755 dictum

938 3792 1057 3845 est.
1146 3777 1311 3843 Cum
1352 3787 1569 3844 autem
1614 3779 1683 3842 iii
1722 3775 1967 3862 populo
2010 3776 2216 3844 lsrael
2272 3776 2489 3862 legem
2545 3789 2610 3840 et
2659 3773 2873 3859 politi-

940 3885 1088 3930 cum
1142 3863 1435 3928 ordinem
1488 3883 1531 3928 a
1572 3863 1879 3948 probavit
1928 3874 1996 3926 et
2051 3882 2254 3947 saepe
2308 3873 2585 3926 testatus
2640 3873 2745 3924 est
2797 3879 2873 3923 se

940 3945 1161 4010 officia
1200 3943 1315 4010 illa
1482 3957 1551 4012 tu
1618 3967 1715 4024 re,
1760 3947 1923 4011 utin
1958 3948 2055 4010 eis
2092 3948 2421 4011 invocatio
2446 3946 2869 4022 accendatur,

940 4032 1179 4110 luceat,
1222 4049 1347 4096 con
1378 4031 1555 4094 essio
1593 4041 1658 4094 et
1694 4028 1954 4096 dilectio
1992 4051 2151 4114 erga
2168 4030 2533 4095 Ecclesiam
2568 4049 2873 4094 exercea-

942 4129 1079 4195 tur,
1138 4113 1537 4218 significavit
1588 4133 1665 4179 se
1716 4115 1911 4180 etiam
1950 4117 2127 4198 apud
2168 4113 2331 4179 alias
2374 4125 2611 4200 gentes
2652 4111 2871 4198 legem

940 4211 1007 4266 et
1044 4195 1377 4284 politicum
1418 4199 1711 4264 ordinem
1748 4202 2153 4285 approbare,
2197 4211 2271 4264 ut
2312 4196 2611 4282 exempla
2654 4211 2872 4262 osten-

942 4287 1122 4352 dunt.
1206 4283 1375 4350 Nam
1418 4281 1693 4370 loseph,
1746 4283 1985 4352 Daniel
2038 4297 2105 4349 et
2160 4285 2269 4350 alii
2324 4283 2500 4350 multi
2552 4285 2873 4368 guberna-

942 4379 1095 4436 runt
1154 4366 1415 4454 politias
1478 4369 1649 4434 inter
1702 4369 2041 4436 Etbnicos.
2170 4371 2493 4435 Historias
2556 4370 2755 4454 igitur
2808 4368 2873 4431 in

1106 4453 1165 4518 is
1210 4455 1447 4518 ceteris
1490 4465 1679 4520 extra
1712 4453 2139 4520 lsraeliticum
2176 4458 2683 4520 consideremus.
2740 4452 2876 4517 Da-

940 4540 1049 4604 nic
1124 4539 1527 4622 provinciam
1580 4537 1927 4604 Ethnicam
1983 4541 2153 4624 regit
2210 4553 2274 4604 et
2333 4560 2456 4604 suo
2516 4539 2874 4602 ministerio

944 4643 1173 4708 regum
1280 4623 1833 4688 raestantissimos
1897 4623 2077 4688 flexit
2136 4627 2221 4688 ad
2287 4625 2683 4709 agnitionem
2742 4625 2877 4685 veri

838 4743 843 4750 ·
944 4705 1105 4783 Dei,
1162 4707 1227 4770 vi
1272 4704 1467 4771 elicet
1522 4727 1902 4773 eversorem
1956 4707 2396 4792 ierosolymae
2438 4704 2877 4772 Nabuchodo-

944 4809 1153 4856 nosor
1172 4793 1263 4866 ω)
1298 4799 1365 4854 et
1396 4791 1541 4854 eius
1576 4789 1777 4856 filium
1810 4791 2089 4858 Darium
2124 4791 2407 4870 Medum,
2443 4791 2497 4856 C
2548 4813 2689 4854 rum
2722 4789 2877 4854 Per·

946 4893 1089 4938 sam
1122 4885 1187 4938 et
1220 4871 1463 4938 multos
1498 4873 1859 4961 Principes.
1919 4877 2072 4942 ldeo
2105 4876 2293 4942 Deus
2331 4894 2505 4960 popu
2532 4897 2637 4941 um
2676 4872 2880 4938 lsrael

948 4959 1027 5050 in·
1046 4955 1453 5023 Monarcbiis
1492 4955 1661 5026 alias
1702 4959 1856 5027 alibi
1899 4963 2231 5046 dispersit,
2270 4972 2345 5027 ut
2386 4963 2689 5026 doctrina
2723 4979 2881 5024 vera

948 5181 1041 5242 47)
1074 5177 1359 5242 homicidis]
1392 5179 1539 5234 mitt.
1576 5183 1655 5237 22.
1690 5185 1775 5232 24.
1814 5185 2049 5243 28—34.‚
2087 5185 2207 5248 opp.
2250 5187 2289 5236 1.
2328 5185 2375 5232 2.
2414 5184 2693 5236 homicidiis

950 5281 1043 5344 48)
1080 5283 1163 5332 est
1194 5279 1369 5344 plena]
1403 5281 1547 5346 corp.
1590 5285 1733 5334 1—8.
1770 5285 1921 5348 plena
1954 5291 2035 5338 est

950 5381 1043 5445 49)
1080 5381 1523 5446 quadringentos-J
1560 5384 1706 5436 Edm.
1749 5387 1793 5432 1.
1830 5385 1878 5435 3.
1916 5387 2312 5450 quadringentis.

952 5482 1042 5544 ⁵0)
1079 5483 1557 5548 Nabuchodonosor]
1598 5485 1741 5538 Editt.
1782 5487 1827 5538 ι.
1860 5485 1904 5538 3.
1942 5487 2338 5548 Nabogdonosor

2184 631 2405 700 PlllL.
2448 631 2655 699 MEL.
2698 633 3068 702 SCRIPTA
3111 633 3660 702 noc-manca,

2920 1060 2922 1065 A
2959 990 3405 1064 crediderunt;
3447 987 3582 1052 lmo
3625 989 3690 1050 in
3733 999 3938 1052 totam
3981 983 4298 1064 Coi-nolu,

2910 3341 2913 3346 ff
2957 3303 3165 3369 fuisse
3211 3304 3418 3366 virum
3462 3321 3770 3404 magnum
3803 3301 3946 3363 sine
3987 3295 4216 3362 afflatu
4260 3299 4505 3362 divino.
4601 3297 4808 3382 eumq

2958 821 3041 884 de
3093 818 3246 884 Deo
3300 817 3498 884 latius
3597 827 4047 902 ropagarctur.
4133 817 4214 882 ln
4273 813 4608 879 historiis
4663 811 4726 876 E

2957 902 3105 967 licis
3147 906 3387 968 mentio
3433 903 3506 967 fit
3548 841 4016 968 gemm-ionum
4057 899 4348 1004 aliquot,
4457 899 4530 1002 ui
4581 833 4926 1002 13an

2957 1069 3264 1137 familiam
3309 1073 3591 1156 Spiritus
3635 1083 3910 1136 sanctus
3951 1071 4201 1156 ingenti
4243 985 4628 1146 miracunltsi,
4651 981 4924 1153 m

2959 1169 3028 1222 ut
3071 1159 3136 1220 in
3179 1154 3568 1240 Apostolos,
3615 1155 3862 1220 effusus
3907 1168 4030 1220 est.

3130 1275 3296 1340 Cum
3349 1275 3544 1358 igitur
3600 1286 3696 1338 tot
3751 1283 3976 1338 extent
4029 1285 4212 1338 certa
4263 1284 4339 1338 et
4397 1269 4714 1338 illustria
4769 1273 4918 1336 testi·

2957 1360 3180 1424 monia
3213 1370 3278 1422 et
3313 1356 3633 1440 exempla,
3671 1379 3842 1442 quae
3877 1357 4228 1422 ostendunt
4251 1355 4422 1422 Deo
4533 1353 4772 1420 lacere
4815 1375 4916 1438 po-

2959 1442 3202 1508 liticum
3246 1443 3570 1520 ordinem,
3625 1442 3760 1506 lmo
3806 1439 4022 1505 officia
4067 1441 4318 1506 ordinis
4383 1461 4484 1524 po
4513 1441 4668 1504 itici
4719 1439 4778 1502 in
4823 1439 4916 1516 fis,

2959 1531 3069 1614 qui
3111 1528 3326 1592 Deum
3370 1537 3552 1590 recte
3595 1529 3937 1602 invocant,
3993 1545 4146 1590 esse
4195 1527 4306 1610 pia
4363 1543 4596 1608 opera
4645 1535 4716 1588 et
4753 1543 4914 1607 prae-

2961 1617 3188 1696 cipuos
3234 1611 3451 1676 cultus
3495 1611 3656 1686 Dei3
3710 1611 4038 1675 discamus
4079 1609 4392 1674 venerari
4440 1627 4568 1674 res
4607 1604 4912 1692 politicas.

2957 1698 3246 1782 imperia,
3289 1695 3743 1780 Magistratus,
3777 1693 3990 1780 leges,
4024 1695 4288 1772 iudicia,
4323 1693 4822 1758 distinctiones
4841 1695 4912 1768 ⁵¹)

2959 1782 3408 1859 dominiorum,
3447 1791 3849 1858 contractus,
3879 1791 4189 1863 tanquam
4213 1778 4398 1843 dona
4419 1777 4591 1856 Dei,
4627 1789 4699 1842 et
4725 1779 4912 1840 omnia

2910 1877 2911 1881 ’
2960 1865 3170 1931 civilis
3213 1867 3387 1930 vitae
3430 1884 3635 1945 opera
3675 1861 4036 1928 referamus
4079 1862 4165 1927 ad
4205 1861 4334 1926 bos
4387 1859 4614 1940 fines,
4671 1873 4746 1928 ut
4787 1859 4908 1926 neo

2957 1954 3021 2016 in
3064 1951 3168 2014 his
3213 1949 3729 2014 ordinationibus
3775 1949 4189 2025 obediamus,
4232 1960 4300 2011 et
4343 1959 4426 2012 ut
4475 1949 4824 2010 invocatio
4857 1957 4908 2010 et

2959 2035 3292 2100 confessio
3339 2047 3566 2098 nostra
3607 2036 3672 2096 in
3709 2031 3836 2096 liac
3871 2033 4187 2097 societate
4219 2029 4482 2108 luceat,
4531 2045 4604 2094 et
4643 2043 4721 2094 ut
4753 2049 4912 2094 exe-

2959 2141 3228 2188 ceamus
3275 2117 3686 2183 dilectionem
3731 2130 4032 2182 mutuam.
4291 2119 4298 2126 '

3125 2203 3428 2268 Recitavi
3469 2200 3770 2286 exempla
3813 2203 4362 2286 gubernatorum,
4479 2201 4548 2266 ui
4595 2199 4752 2264 Deo
4793 2197 4910 2284 pla-

2959 2301 3256 2367 cuerunt,
3301 2300 3370 2351 ut
3412 2285 3683 2370 loseph,
3725 2281 3992 2364 Daniel,
4035 2283 4380 2348 Nabaman
4425 2221 4700 2370 gyrum
4741 2297 4806 2349 et
4839 2286 4910 2348 si-

2900 2402 2911 2424 ν
2957 2372 3166 2440 niileS.
3245 2371 3384 2438 Hos
3419 2393 3568 2438 cum
3603 2381 3860 2436 constet
3893 2391 3936 2434 a
3968 2369 4116 2434 Deo
4151 2369 4418 2434 adiutos
4459 2371 4908 2518 effl-

4723 2469 4906 2518 estun

2960 2461 3284 2524 nationem
3328 2477 3485 2521 esse
3528 2478 3698 2540 opus
3759 2469 3822 2520 et
3881 2453 4270 2518 beneficium
4314 2443 4452 2516 Dei

2961 2555 3086 2609 est.
3172 2542 3429 2606 Addam
3473 2552 3690 2605 autem
3737 2550 3801 2604 et
3844 2541 3926 2602 de
3971 2537 4270 2603 Hernicis
4317 2539 4494 2602 viris
4543 2541 4732 2622 apud
4773 2537 4906 2602 Eth-

2959 2631 3168 2705 nicos,
3203 2628 3314 2712 qui
3349 2624 3612 2689 fuerunt
3645 2625 3789 2688 sine
3825 2625 4161 2708 agnitione
4195 2641 4356 2688 vera
4389 2621 4560 2702 Dei,
4605 2635 4676 2688 ct
4711 2637 4906 2688 tamen

2959 2736 3042 2779 ne
3088 2733 3300 2798 genus
3343 2711 3694 2776 humanum
3738 2729 4014 2792 prorsus
4059 2708 4370 2786 interiret,
4413 2729 4464 2772 a
4499 2707 4656 2772 Deo
4695 2707 4908 2774 ardeu-

2959 2800 3133 2864 tibus
3177 2797 3464 2860 motibus
3506 2795 3596 2858 ad
3637 2797 3940 2859 virtutem
3983 2793 4242 2857 excitati
4285 2803 4450 2856 sunt
4495 2803 4566 2858 et
4611 2793 4680 2858 iu
4721 2793 4908 2859 rebus

3009 2881 3271 2946 erendis
3326 2880 3564 2954 adiuti,
3621 2891 3691 2942 ut
3747 2877 4159 2954 Alexander,
4219 2873 4484 2959 Scipio,
4545 2875 4906 2962 Augustus.

2998 2967 3238 3030 lirandi
3282 2975 3556 3028 eventus
3599 2965 3664 3026 in
3703 2965 3901 3027 rebus
3939 2962 4145 3049 gestis
4180 2958 4408 3024 talium
4445 2961 4746 3026 virorum
4783 2979 4906 3024 mo-

2961 3063 3195 3118 verunt
3237 3067 3468 3113 omnes
3513 3048 3904 3130 prudentes,
3959 3059 4028 3112 ut
4077 3044 4446 3110 faterentur
4491 3065 4612 3110 eos
4657 3045 4904 3110 habere

2958 3141 3236 3220 impetus
3279 3129 3586 3197 meliores
3634 3146 3698 3197 et
3740 3129 4097 3207 feliciores,
4139 3151 4342 3214 quam
4385 3127 4786 3214 reliquorum
4815 3133 4906 3206 ³²)

2955 3221 3286 3285 hominum
3329 3215 3818 3281 multitudinem.
3906 3215 4059 3279 ldeo
4103 3213 4344 3278 Cicero
4387 3215 4602 3298 iuquit,
4643 3209 4900 3276 nullum

4811 3317 4896 3362 ue

2955 3391 3042 3453 ad
3087 3387 3544 3452 constituenda
3587 3385 3854 3469 imperia
3897 3395 4008 3448 aut
4053 3383 4480 3448 instauranda
4523 3395 4590 3446 et
4621 3383 4706 3446 ad
4819 3379 4898 3446 ti-

2960 3476 3086 3538 tias
3141 3493 3224 3536 ac
3266 3483 3442 3536 artes
3495 3470 3933 3534 restituendas
3977 3467 4165 3534 Deus
4219 3469 4472 3532 inserat
4527 3469 4728 3570 singu
4827 3487 4902 3532 es

2959 3570 3174 3623 motus
3230 3554 3470 3620 talibus
3530 3555 3804 3618 ducibus
3859 3566 3976 3617 aut
4029 3549 4432 3629 artificibuS‚
4489 3549 4900 3616 manifestum

2957 3643 3398 3708 testimonium
3457 3639 3741 3703 ostendit
3798 3639 4212 3721 praesentiae
4279 3655 4447 3700 suae
4511 3637 4580 3702 in
4647 3633 4902 3722 politiis,

2958 3729 3129 3793 sieut
3189 3725 3378 3789 Plato
3425 3725 3487 3786 4.
3547 3724 3629 3786 de
3681 3720 3972 3807 Legibus
4032 3723 4267 3805 inquit:
4337 3719 4898 3794 Quemadmodum

2961 3816 3167 3877 boves
3211 3831 3342 3874 non
3387 3828 3430 3871 a
3474 3809 3721 3884 bobuS,
3765 3827 3888 3873 nec
3936 3827 4174 3892 caprae
4215 3826 4257 3869 a
4301 3807 4524 3888 capris
4573 3817 4896 3908 reguntur,

2959 3899 3076 3962 sed
3121 3917 3162 3960 a
3204 3893 3680 3977 praestantiore
3727 3904 3978 3968 natura,
4024 3888 4329 3956 videlicet
4367 3891 4458 3954 ab
4505 3889 4892 3964 hominibus,

2955 3983 3053 4045 sic
3087 3991 3321 4044 natura
3361 3975 3644 4040 humana
3689 3975 4001 4040 infirmior
4044 3987 4168 4054 est,
4213 3995 4411 4058 quam
4454 3985 4528 4038 ut
4577 3996 4662 4039 se
4707 3977 4890 4058 ipsun

2958 4083 3191 4152 regere
3224 4063 3455 4147 possit.
3525 4061 3744 4134 Quare
3779 4059 3962 4123 Deus
4009 4055 4320 4144 praefecit
4353 4059 4748 4124 civitatibus
4779 4078 4890 4122 nor.

2957 4151 3278 4226 bomine-S,
3308 4147 3430 4211 sed
3454 4147 3890 4228 praestantius
3910 4157 3972 4207 et
3990 4148 4084 4226 ⁵³)
4137 4143 4418 4206 divinius
4447 4145 4894 4228 quoddam&-

2910 4244 2913 4286 ὲ
2961 4253 3108 4312 nuS,
3133 4231 3375 4297 heroas
3405 4227 3708 4294 videlicet
3727 4276 3746 4307 ,
3775 4231 4053 4313 quicum
4087 4225 4370 4292 habeant
4397 4227 4526 4309 ipsi
4545 4245 4892 4312 prosperos

2961 4337 3352 4393 successus,
3417 4315 3609 4379 nobis
3664 4333 3926 4398 quoque
3980 4313 4250 4394 imperia
4303 4331 4536 4375 eorum
4593 4325 4788 4398 grata
4847 4331 4896 4374 α

2961 4401 3180 4467 facilia
3215 4412 3386 4466 sunt.
3454 4398 3534 4462 Hi
3569 4399 3658 4462 ita
3696 4409 3926 4460 curant
3959 4417 4108 4474 nOS,
4152 4409 4226 4460 ut
4259 4415 4521 4478 pacem,
4563 4397 4894 4480 pudorem,

2959 4487 3324 4553 libertatem
3361 4493 3788 4559 conservent,
3835 4491 3902 4544 et
3945 4483 4157 4546 addit:
4201 4481 4448 4544 Verum
4495 4492 4602 4546 est
4645 4483 4890 4554 dictuni,

2963 4573 3072 4636 ubi
3115 4591 3248 4634 non
3292 4569 3516 4647 Deus,
3564 4569 3685 4630 sed
3729 4563 4023 4630 mortalis
4067 4563 4306 4650 aliquis
4351 4563 4770 4644 dominatur,
4821 4565 4894 4628 ibi

2963 4654 3280 4721 malorum
3324 4665 3388 4717 et
3430 4671 3883 4717 aerumnarum
3919 4647 4162 4714 nullum
4197 4668 4348 4714 esse
4385 4645 4516 4712 effu
4565 4651 4726 4714 'um-
4791 4649 4894 4714 Sa-

3007 4741 3366 4806 {entissime
3407 4735 3574 4800 haec
3618 4746 3682 4799 et
3723 4735 4065 4798 verissime
4109 4756 4150 4799 a
4183 4731 4458 4798 Platone
4507 4667 4692 4798 {fcta
4735 4743 4896 4799 sunt.

3021 4837 3048 4888 t
3109 4823 3277 4888 hacc
3342 4821 3485 4884 eius
3550 4821 3752 4884 verba
3825 4818 4063 4884 intimis
4139 4819 4442 4882 sensibus
4518 4817 4894 4906 infigamus:

2963 4917 3142 4990 Λέγει
3185 4906 3256 4984 δὴ
3298 4910 3400 4967 καὶ
3443 4906 3538 4967 νῦν
3583 4899 3764 4977 οὕτως
3811 4903 3842 4966 ὅ
3886 4905 4054 4983 λόγος
4096 4902 4390 4992 ἀληθείᾳ,
4428 4903 4782 4988 χρώμενος,
4825 4899 4898 5005 ‘i‘

2926 4989 3120 5057 ὅσων
3165 4987 3238 5054 ἃν
3279 4989 3509 5051 πόλεων
3551 4988 3633 5066 μῆ
3677 4988 3856 5068 &cci-c,
3917 4988 4074 5050 ἄλλά
4117 5011 4212 5060 τις
4265 4987 4438 5070 ἄρχει
4493 4985 4752 5066 θνητὸς,
4809 5008 4898 5048 orn

2961 5283 3055 5346 51)
3094 5280 3468 5343 distinctiones]
3501 5281 3648 5333 Editt.
3691 5276 3875 5328 1-16,
3919 5277 4000 5326 19.
4035 5277 4406 5330 distinctionem

2963 5384 3057 5444 52)
3093 5381 3424 5444 reliquorum]
3465 5381 3608 5433 Editt.
3649 5378 3833 5428 1—15.
3875 5377 3949 5428 19.
3987 5378 4230 5441 reliquam

2967 5482 3059 5543 5³)
3092 5481 3162 5544 etl
3201 5482 3345 5535 Editt.
3384 5483 3466 5531 2ο.
3503 5482 3598 5542 25„
3635 5481 3777 5540 corp.
3825 5479 3970 5526 1-8.
4009 5489 4070 5530 ae
