5859 6734
1938 698 1986 762 1.
2031 696 2237 764 Locl
2280 698 2832 770 THEOLOGICI:
2875 703 2958 770 B.
2999 704 3283 773 PRIMA
3323 708 3638 776 EORUM
3678 713 3996 783 AETAS.

4842 740 4965 808 1⁷4

1286 908 1362 953 se
1387 890 1527 953 eius
1551 889 2057 968 vocicommisit,
2104 890 2421 953 deserens
2449 892 2749 974 patriam,
2793 912 2925 956 non
2974 905 2978 907 ’
3017 912 3147 977 que
3190 897 3615 964 maximarum
3636 903 3927 987 gentium
3948 906 4323 988 primordia.
4368 914 4511 979 Nec
4541 920 4654 984 du-

3018 979 3304 1044 bitarunt
3358 983 3535 1047 Mosi
3605 998 3917 1070 parentes
3983 994 4141 1074 quin
4216 998 4328 1080 ,40)
4361 1002 4654 1069 'redituri
4785 1013 4849 1052 2⁰

2022 1061 2205 1125 rubri
2249 1062 2447 1123 maris
2502 1061 2568 1122 in
2618 1061 2925 1126 rederen-
2966 1096 2974 1120 υ
3012 1077 3237 1129 essent
3278 1067 3343 1130 in
3379 1065 3845 1151 Palaestinam,
3882 1078 4060 1158 quod
4115 1080 4180 1141 in
4226 1100 4466 1148 caussa
4506 1084 4649 1169 fuit,

1277 1156 1406 1209 tur.
1496 1125 1710 1208 Porro
1757 1155 2002 1228 quanta
2030 1145 2203 1209 haec
2224 1142 2537 1210 Abrahae
2605 1147 2724 1210 des
2758 1144 2925 1213 fiiiti*
3010 1167 3129 1213 cur
3174 1150 3581 1218 occuluerint
3600 1154 3935 1237 infantem,
3980 1181 4165 1245 spem
4187 1169 4470 1249 generis.
4514 1171 4649 1237 De-

1277 1249 1471 1313 quae,
1516 1250 1891 1313 quanquam
1934 1241 2076 1294 tota
2116 1228 2228 1295 ille
2274 1232 2409 1294 vita
2430 1243 2786 1316 vagaretur
2826 1234 2921 1297 in*
3006 1234 3159 1298 inde
3212 1237 3425 1314 etiam,
3452 1258 3573 1304 cur
3607 1243 3974 1325 expositum
4029 1252 4472 1317 conmiserint
4531 1276 4648 1341 po-

973 692 1100 760 1⁷3

1282 972 1473 1039 aliter
1498 983 1696 1057 atque
1716 993 1792 1037 se
1820 975 1970 1039 voci
1991 973 2168 1038 Mosi
2203 977 2694 1039 committebant
2718 975 2925 1042 Israe-

1281 1059 1471 1137 litae,
1527 1078 1676 1123 cum
1719 1055 1978 1124 alveum

1280 1316 1810 1394 certis'sedibuS,
1860 1326 2081 1380 tamen
2141 1335 2278 1379 non
2336 1326 2441 1379 est
2501 1314 2917 1383 labefactata.

1003 1388 1123 1517 (223
1158 1400 1238 1517 gt)
1277 1399 1455 1466 Satis
1500 1412 1763 1485 potenS,
1807 1402 1970 1464 satis
1994 1398 2367 1485 opulentus,
2411 1403 2572 1465 satis
2594 1412 2735 1477 tuto
2763 1400 2917 1465 loco

1103 1724 1132 1764 ὁ

1276 1484 1504 1549 colere
1547 1487 1675 1550 sibi
1717 1486 2081 1562 videbatur,
2128 1487 2281 1569 quia
2323 1487 2448 1551 sub
2495 1489 2729 1551 umbra
2781 1484 2917 1550 ala-

1273 1590 1420 1634 rum
1464 1568 1570 1634 dei
1615 1571 1904 1655 degeret.
1949 1570 2084 1634 Iam
2111 1572 2177 1634 in
2208 1590 2288 1635 eo
2312 1571 2457 1653 ipso
2485 1572 2701 1650 etiam,
2737 1572 2917 1656 quod

1287 1666 1534 1719 certam
1590 1656 1659 1718 in
1711 1653 2061 1719 Cananaea
2116 1656 2358 1719 se¹dem
2399 1675 2526 1719 nec
2568 1657 2727 1735 sibi,
2786 1675 2913 1720 net:

1277 1751 1477 1825 gnato
1521 1740 1904 1826 contingere
1926 1741 2211 1819 videbat,
2253 1739 2581 1824 hospitem
2613 1760 2690 1805 se
2714 1741 2909 1806 huius
2954 1813 2961 1841 ,γ
2997 1780 3158 1838 rem,
3200 1759 3331 1825 1¹00
3375 1775 3498 1841 est,
3553 1767 3636 1830 de
3692 1766 3735 1830 fi
3782 1770 3931 1835 Ποία
3978 1774 4466 1845 meficoffliae
4518 1801 4637 1847 seu

1268 1835 1489 1889 terrae
1540 1825 1951 1909 agnoscebat
2008 1843 2195 1904 esse,
2232 1827 2441 1890 civem
2495 1823 2641 1891 fore
2696 1837 2905 1890 aeter-
2996 1847 3270 1928 grumae
3314 1848 3440 1912 defi·

1267 1928 1397 1973 nae
1441 1909 1717 1974 civitatis
1760 1911 2092 1993 sperabat.
2135 1908 2299 1974 Fide
2342 1921 2409 1976 et
2452 1908 2621 1975 Sara
2633 1914 2730 1996 ⁴⁸)
2775 1911 2905 1975 vim

1268 1995 1523 2079 accepit
1563 1996 1648 2058 ad
1677 1995 2198 2078 concipiendum,
2234 1996 2774 2079 retinendumque
2801 2014 2905 2059 se*

3003 1319 3133 1383 tius
3188 1320 3444 1387 divinae
3497 1326 4016 1408 misericordiae,
4062 1354 4258 1417 quam
4313 1341 4646 1406 necarint-¹

3088 1421 3282 1486 Adde
3305 1423 3365 1485 si
3387 1423 3579 1488 voles
3601 1438 3667 1491 et
3687 1426 3943 1514 reliqua
3964 1432 4288 1520 exempla,
4333 1460 4458 1504 nos
4496 1439 4642 1507 for-¹
4680 1484 4770 1544 (46
4831 1486 4905 1548 a.)

3002 1526 3172 1571 mam
3230 1507 3679 1593 exemplorum
3737 1519 4227 1584 tractandorum
4292 1522 4642 1592 delineavi-
4715 1521 4795 1602 8⁷⁹
4831 1566 4876 1603 a.

3001 1610 3168 1667 muS,
3213 1592 3552 1659 docuimus
3599 1615 3684 1660 ue
3728 1618 3862 1663 non
3897 1602 3981 1665 de
4023 1604 4388 1688 sophistica
4429 1610 4641 1697 hypo·
4781 1589 4797 1614 ⁹

3001 1677 3178 1755 crisi,
3212 1678 3333 1740 sed
3378 1680 3461 1743 de
3503 1617 3633 1746 fige
3674 1680 3742 1746 lo
3793 1685 3857 1747 ui
3892 1687 4031 1751 eius
4053 1687 4394 1773 Epistolae
4416 1708 4639 1761 aucto-

4765 1909 4795 1947 5

3079 1961 3203 2027 Hic
3257 1985 3394 2029 non
3457 1968 3645 2033 vides
3707 1971 4056 2038 discrimen
4126 1980 4636 2061 promissionum

1262 2098 1432 2143 men.
1478 2077 1787 2144 vivificat
1828 2081 1999 2144 enim
2043 2090 2109 2144 et
2151 2091 2331 2144 creat
2377 2081 2596 2144 omnia
2627 2082 2901 2145 verbum
2993 2047 3377 2130 ‘livium’
3412 2054 3530 2117 sed
3556 2054 3939 2139 SimPli‘fitffl'
3962 2061 4235 2125 verbum
4270 2062 4423 2129 fidel
4458 2087 4631 2148 8880,

1263 2163 1400 2244 dei,
1460 2184 1590 2248 quo
1605 2172 1777 2229 'cum
1827 2163 2062 2229 fideret
2108 2164 2312 2242 Sara,
2355 2184 2590 2248 nempe
2622 2167 2897 2249 promis-

1088 2246 1143 2284 ¹⁰
1261 2248 1448 2350 sione
1482 2247 1760 2327 sobolis,
1780 2250 1890 2335 qui
1935 2248 2078 2313 fieri
2119 2251 2352 2333 potuit,
2395 2261 2470 2313 ut
2490 2267 2626 2314 non
2649 2270 2732 2313 ex
2767 2259 2897 2313 ste-

2984 2134 3489 2216 promissionem
3545 2139 4034 2207 misericordiae
4091 2156 4157 2209 et
4208 2149 4460 2231 gratiae
4503 2154 4627 2217 dei.

2986 2218 3129 2281 sive
3173 2219 3257 2282 de
3298 2223 3500 2286 rebus
3545 2227 3853 2305 aeternis,
3910 2230 4055 2294 sive
4109 2229 4193 2293 de
4236 2232 4437 2297 rebus
4472 2246 4630 2302 tem-

1257 2332 1393 2412 nli,
1451 2354 1535 2398 ex
1600 2332 1859 2413 effoeta,
1922 2331 2253 2399 foecunda
2314 2334 2520 2399 fieret.
2611 2332 2893 2399 OMNIA
2982 2302 3341 2386 ΡΟΙΝᾸῙῙῙ)118
3384 2317 3638 2392 agatur·
3724 2308 4117 2398 Quanquam
4170 2310 4311 2381 fere
4350 2322 4629 2400 P1'0miS·
4770 2346 4826 2385 ¹⁰

1257 2419 1428 2567 fiemm‘
1461 2420 1808 2504 possibilia
1850 2429 2004 2484 sunt
2048 2420 2361 2483 credenti.
2407 2418 2560 2567 Segi
2584 2418 2897 2521 Abrahae

1258 2504 2156 2667 033333035331522
2178 2506 2897 2674 ἙᾙἜοέωὲἶᾶῗξὲῗ

1253 2674 1525 2737 missam
1560 2691 1710 2737 esse
1749 2674 2222 2759 posteritatem,
2279 2676 2618 2739 iuberetur
2670 2675 2894 2738 immo-

1254 2754 1420 2822 lare.
1507 2756 1742 2831 Quam
1773 2754 1895 2823 fuit
1940 2769 2157 2824 autem
2202 2768 2517 2824 constans
2557 2759 2627 2822 in
2669 2757 2893 2823 adule-

1254 2854 1482 2909 scente
1526 2842 1716 2907 Isaac
1727 2844 1824 2929 ⁴⁴)
1884 2842 2051 2908 fides
2117 2866 2265 2910 cum
2327 2845 2534 2929 patris
2596 2844 2893 2929 imperio,

1252 2949 1400 2994 cum
1445 2925 1766 2995 voluntati
1811 2929 2070 2995 divinae
2113 2931 2282 2995 adeo
2324 2929 2487 2995 nihil
2510 2940 2893 2994 contaretur

1251 3015 1550 3099 obsequi.
1617 3014 1846 3097 Putas?
1886 3017 2182 3101 potuisse
2235 3027 2369 3081 tam
2401 3028 2672 3082 saevum
2691 3016 2888 3102 impe-

1247 3100 1418 3165 rium
1460 3120 1774 3167 exercere
1815 3112 2069 3186 patrem
2109 3102 2178 3167 in
2199 3101 2449 3182 firuum,
2493 3112 2560 3166 et
2580 3120 2729 3165 eum
2751 3103 2888 3186 qui-

1078 3191 1140 3231 20
1251 3187 1400 3251 dem
1463 3188 1567 3251 cui
1630 3189 1959 3272 promissa
2010 3200 2152 3252 erat
2202 3188 2580 3271 posteritas.
2682 3185 2888 3250 Putas

1243 3271 1448 3337 filium
1469 3275 2065 3358 obtemperaturum
2103 3270 2314 3339 fuisse
2353 3273 2548 3357 patri,
2602 3271 2670 3337 ni
2714 3283 2885 3335 uter-

1245 3378 1375 3443 que
1398 3358 1693 3423 confisus
1725 3358 2174 3423 misericordia
2195 3358 2436 3435 divina,
2474 3356 2574 3421 illi
2615 3376 2691 3420 se
2709 3375 2884 3419 com-

1241 3445 1551 3509 misisset.
1637 3443 1782 3507 Nec
1821 3440 2056 3507 fefellit
2096 3441 2281 3507 fides.
2342 3440 2663 3505 Servatur
2685 3438 2883 3516 filius,

1242 3527 1604 3591 restituitur
1656 3528 1862 3608 patri,
1917 3524 2336 3590 collaudatur
2387 3526 2596 3609 patris
2639 3522 2883 3589 obedi!-

1243 3613 1436 3675 entia.
1525 3609 1734 3674 Vides
1785 3609 1895 3673 hic
1942 3607 2319 3694 praelusum
2381 3628 2534 3675 esse
2583 3607 2879 3693 peccato·

1067 3700 1131 3740 ²⁶
1249 3707 1316 3761 et
1376 3694 1571 3760 morti
1623 3705 1690 3758 et
1753 3692 2191 3759 iustificatioui
2257 3706 2326 3761 et
2393 3695 2881 3773 resurrectioni,

1003 3785 1090 3848 86,
1125 3785 1174 3836 b.

1072 2647 1127 2687 16

1243 3866 1609 3931 didicerunt
1646 3884 1781 3928 non
1801 3863 2138 3930 Abraham
2179 3865 2376 3931 modo
2419 3876 2487 3931 et
2504 3866 2716 3945 Isaac,
2757 3866 2878 3931 sed

1239 3970 1472 4015 omnes
1523 3950 1614 4033 pii
1670 3948 2052 4034 priusquam
2105 3948 2514 4017 revelaretur
2554 3950 2873 4037 Evange-¹

1238 4034 1421 4114 lium,
1464 4035 1620 4119 quid
1661 4034 1732 4097 in
1751 4045 1962 4099 morte
2004 4038 2402 4120 sperandum
2443 4048 2624 4103 esset
2644 4038 2729 4103 de
2757 4058 2874 4103 vo-

1059 4126 1091 4167 ·'0
1236 4118 1487 4185 luntate
1539 4119 1666 4186 dei.
1751 4118 1862 4195 An
1922 4140 2058 4184 non
2125 4121 2257 4185 hoc
2319 4142 2401 4187 ex
2547 4122 2617 4187 lo
2679 4120 2873 4187 fidem

1235 4208 1452 4271 victae
1471 4206 1722 4284 mortis,
1745 4224 2111 4290 concepere
2130 4206 2399 4291 patres?
2439 4208 2506 4275 vi
2553 4218 2872 4293 eruntque

1237 4289 1618 4439 praelusum
1641 4287 1930 4371 Christo,
1973 4292 2085 4377 qui
2105 4303 2303 4377 caput
2322 4293 2674 4378 serpentis,
2715 4312 2869 4357 acu-

1267 4394 1414 4441 eum
1465 4376 1695 4441 mortis
1748 4378 2148 4443 contriturus
2193 4389 2392 4445 esset.
2477 4378 2638 4443 Fide
2679 4377 2869 4443 Isaac

1243 4461 1598 4526 benedixitl
1618 4460 1818 4529 Iacob
1873 4473 1940 4528 et
1989 4462 2205 4543 Esau,
2255 4460 2546 4529 futurum
2587 4466 2865 4529 credens

1240 4557 1315 4610 ut
1355 4547 1746 4629 promissam
1785 4560 2030 4614 terram
2071 4547 2230 4615 olim
2269 4559 2688 4635 occuparent.
2732 4548 2868 4615 Iam

1236 4631 1369 4695 hoc
1411 4630 1768 4698 mirabilius
1811 4644 1950 4713 est,
2004 4635 2182 4720 quod
2223 4646 2434 4701 ratam
2467 4654 2618 4701 esse
2659 4634 2869 4703 voluit

1239 4716 1760 4785 benedictionem
1770 4719 1992 4797 Iacob,
2005 4740 2201 4804 quam
2211 4720 2270 4785 is
2292 4722 2762 4807 praeripuisset
2772 4724 2863 4799 ⁴⁶)

1071 4531 1125 4571 10

1238 4810 1396 4864 natu
1435 4802 1666 4867 maiori
1705 4801 1914 4883 fratri,
1955 4807 2062 4871 cui
2098 4807 2243 4871 iure
2275 4808 2561 4892 gentium
2583 4808 2866 4873 debeba·
2901 4840 2904 4853 κη

1237 4895 1377 4963 tur,
1429 4887 1730 4951 nimirum
1774 4888 1926 4954 fidei
1947 4892 2144 4957 divini
2197 4893 2406 4971 verbi,
2457 4890 2672 4958 Maior
2725 4912 2862 4957 ser-

1073 4990 1127 5031 13
1235 4971 1373 5036 viet
1423 4972 1678 5037 minori.
1805 4974 1963 5040 Fide
2027 4978 2360 5043 benedixit
2419 4979 2617 5044 Iacob
2687 4976 2862 5043 filios

1236 5055 1508 5142 Ioseph,
1566 5078 1938 5144 quanquam
1986 5061 2116 5126 iam
2159 5063 2388 5129 exules
2401 5110 2422 5145 ,
2474 5062 2638 5131 nihil
2679 5064 2864 5129 dubi·
2910 5104 2913 5114 ·

1237 5151 1383 5207 tans
1427 5154 1643 5208 tamen
1687 5146 2010 5209 redituros
2064 5147 2132 5211 in
2186 5146 2596 5217 cananaeam
2611 5196 2632 5229 ,
2689 5170 2866 5215 esse-

931 5410 1027 5475 4⁸)
1075 5413 1130 5465 In
1166 5424 1327 5474 marg.
1364 5414 1507 5467 Eunt.
1547 5418 1594 5469 2.
1635 5419 1683 5468 7.
1720 5417 1988 5479 repetitur:
2025 5420 2166 5470 Sara.

931 5481 1026 5541 44)
1071 5481 1128 5533 In
1163 5492 1325 5542 marg.
1363 5483 1508 5534 Editt.
1547 5486 1595 5536 2.
1634 5484 1681 5536 7.
1718 5486 1990 5547 repetttur:
2022 5486 2179 5539 isaac.

929 5548 1024 5611 45)
1073 5549 1455 5611 praeripuisset]
1491 5551 1576 5603 Ed.
1597 5554 1688 5629 -7.=
1722 5553 2087 5615 praeripuerat.
2191 5564 2198 5571 ·

2982 2387 3207 2452 siones
3262 2408 3481 2455 rerum
3538 2393 3970 2475 spiritualium
4038 2417 4120 2463 ex
4183 2400 4627 2487 corporalium

2981 2473 3527 2557 promissionibus
3569 2476 3796 2565 colligi
3837 2483 4117 2565 possint,
4163 2505 4297 2549 non
4320 2488 4467 2551 dico
4504 2510 4625 2573 per

2980 2555 3373 2642 allegoriam
3414 2571 3686 2640 tantum,
3720 2566 3845 2630 sed
3857 2565 4050 2670 claro
4076 2581 4143 2634 et
4162 2570 4507 2639 manifesto
4526 2579 4618 2652 ⁴⁷)

2979 2654 3367 2793 3¹22?ssssss
3406 2648 4296 2823 fflii‘ffldpffffigzzffi
4334 2676 4620 2809 3333}
4750 2752 4804 2792 ω

2978 2810 3092 2877 filii
3134 2813 3513 2878 immolatio.
3548 2816 3686 2883 Iam
3711 2818 3843 2884 hoc
3887 2841 4153 2906 quoque
4192 2845 4327 2889 non
4372 2828 4620 2893 adtinet

2978 2898 3360 2963 discernere
3409 2903 3923 2985 promissiones,
4022 2911 4154 2974 uod
4220 2910 4288 2973 in
4340 2913 4616 2995 primam

2978 2986 3479 3133 promissionem
3543 2987 3627 3051 de
3692 2991 3937 3055 semine
4062 3013 4225 3059 evae
4243 3041 4271 3072 ,
4354 2997 4422 3061 id
4487 3008 4612 3076 est,

3034 3068 3266 3148 hristo,
3313 3090 3540 3137 omnes
3583 3072 3881 3160 reliquae
3903 3077 4193 3143 directae
4234 3093 4405 3145 sunt.
4453 3082 4610 3148 Ideo

2978 3157 3446 3238 expectabatur
3486 3162 3891 3241 posteriitas,
3947 3163 4103 3245 quia
4154 3183 4383 3228 semen
4446 3164 4612 3231 illud
4731 3172 4795 3213 ²⁰

2974 3240 3479 3322 expectabatur,
3542 3242 3797 3309 scilicet
3851 3244 4155 3311 Christus
4172 3250 4293 3332 ⁴⁸).
4390 3248 4610 3334 Atque

2970 3324 3063 3389 ita
3103 3337 3422 3389 renovata
3463 3337 3568 3391 est
3606 3330 3959 3412 promissio
4003 3328 4231 3396 Hevae
4272 3328 4486 3413 faeta,
4538 3335 4608 3401 in

2975 3408 3407 3491 promissione
3449 3410 3764 3477 Abrahae
3806 3411 4006 3493 facta,
4048 3434 4197 3480 cum
4238 3418 4447 3502 inquit
4476 3417 4605 3485 Gre-

2970 3493 3151 3556 nesis
3205 3490 3412 3557 XXII.
3458 3500 3590 3573 [vs.
3639 3496 3741 3561 18.
3753 3504 3797 3579 t]
3848 3497 4335 3567 Benedicentur
4389 3505 4456 3566 in
4500 3523 4604 3570 se-

2970 3577 3140 3641 mine
3180 3588 3308 3643 tuo·
3338 3596 3567 3643 omnes
3608 3595 3842 3666 gentes
3884 3596 4125 3665 terrae,
4147 3588 4325 3670 quod
4352 3590 4479 3654 nisi
4500 3590 4599 3654 de¹

2970 3660 3232 3728 Christo
3278 3666 3515 3747 exponi
3555 3686 3693 3731 non
3734 3680 3972 3753 potest.
4153 3690 4240 3736 ue
4280 3673 4373 3735 ita
4405 3674 4601 3738 iuter·
4671 3677 4752 3739 87,
4787 3678 4835 3731 b.

1247 3782 1550 3864 adeoque
1589 3780 1710 3843 toti
1750 3799 1926 3844 novo
1971 3790 2380 3845 testamento.
2466 3780 2578 3845 An
2611 3800 2748 3847 non
2769 3778 2880 3843 hic
2966 3756 3260 3897 ffietatm'
3300 3747 3668 3834 AP⁰⁵t⁰¹¹¹⁸
3710 3754 3799 3819 ad
3843 3752 4059 3821 Galat·
4254 3760 4381 3835 [VS-
4430 3755 4532 3821 16·
4551 3764 4596 3836 ²]

3085 3834 3333 3897 semine
3386 3845 3538 3914 tuo,
3592 3837 3703 3921 qui
3754 3851 3859 3904 est
3902 3837 4238 3919 ChristuS,
4292 3852 4363 3907 et
4402 3861 4598 3926 expe-

2966 3928 3204 3983 ctatam
3248 3938 3401 3984 esse
3442 3924 3927 4005 posteritatem,
3984 3936 4397 4010 expectatum
4444 3946 4599 3993 esse

2962 4024 3238 4091 regnum
3278 4016 3547 4090 propter
3592 4005 3923 4075 Christum
4012 4011 4379 4075 ro¹1nissum
4432 4014 4597 4077 satis
4729 4032 4759 4072 s

2962 4087 3260 4156 declarat
3324 4089 3522 4156 Iacob
3596 4088 3877 4159 Genesis
4066 4093 4178 4159 tx.
4239 4102 4365 4173 [vs.
4428 4095 4528 4160 10.
4545 4103 4592 4175 z]

2962 4175 3111 4239 Non
3145 4172 3481 4241 auferetur
3522 4190 3855 4263 sceptrum
3896 4179 3979 4244 de
4020 4179 4205 4257 Iuda,
4247 4191 4314 4244 et
4348 4180 4482 4245 dux
4510 4182 4593 4246 de

2958 4257 3250 4325 foemore
3291 4262 3457 4341 eius,
3520 4262 3733 4329 donec
3774 4264 4001 4329 veniat
4073 4265 4183 4350 qui
4237 4264 4588 4331 mittendus

2958 4356 3081 4448 est,
3123 4357 3189 4411 et
3230 4347 3247 4365 ⁶
3331 4364 3373 4450 e
3415 4347 3945 4452 erit-expectatio
3968 4350 4279 4435 gentium,
4299 4350 4412 4414 ubi
4433 4350 4589 4433 quid

2954 4598 3210 4681 referri,
3249 4612 3316 4665 et
3338 4602 3690 4669 inchristo
3707 4605 4145 4709 consummari
4158 4603 4304 4687 ⁴⁸⁸).
4336 4601 4484 4667 Hoc
4499 4603 4582 4679 ‚in

2954 4857 3229 4925 Galatas
3270 4855 3378 4922 111.
3424 4867 3550 4940 [vs.
3590 4859 3682 4942 8.]
3727 4879 3871 4925 eam
3925 4878 4095 4943 quae
4152 4868 4255 4923 est
4297 4855 4574 4923 Genesis

2954 5154 3047 5215 46)
3094 5150 3237 5217 quin]
3273 5151 3348 5205 sic
3379 5151 3525 5205 Editt.
3565 5151 3611 5203 1.
3646 5150 3697 5203 7.
3736 5148 3851 5214 (Ed.
3892 5151 3939 5203 1.
3976 5148 4125 5215 qu1);
4158 5146 4245 5199 Ed.
4284 5147 4331 5197 2.
4366 5144 4465 5208 qui.

2954 5221 3047 5285 47)
3091 5220 3389 5284 maniresto]
3422 5220 3511 5273 Ed.
3549 5220 3597 5273 7.
3634 5221 3829 5283 aperto.

2954 5290 3047 5356 48)
3093 5291 3148 5341 ln
3184 5300 3346 5350 marg.
3384 5288 3529 5342 Editt.
3570 5290 3617 5340 2.
3658 5290 3741 5340 7.:
3776 5287 3962 5340 omnes
3997 5283 4359 5349 promissiones
4406 5282 4528 5334 sunt
4559 5280 4777 5330 directae
4822 5279 4877 5331 in

3090 5359 3355 5409 Christum.
3399 5358 3542 5420 (om.
3580 5355 3667 5409 Ed.
3709 5354 3805 5420 1.).

2843 5478 2850 5489 ,
2954 5426 3070 5488 48·)
3093 5427 3149 5477 ln
3184 5435 3343 5486 marg.
3378 5425 3524 5477 Editt.
3570 5427 3616 5476 2.
3664 5426 3736 5477 7.:
3770 5422 4030 5474 Pertinere
4076 5418 4143 5470 ad
4180 5417 4433 5470 Christum
4486 5418 4540 5465 et
4572 5412 4877 5464 Caristianos

3086 5504 3297 5625 (ἑιᾶιῃειε)
3318 5493 3681 5555 promissiones
3740 5494 3847 5543 tum
3898 5487 4187 5551 corporales
4230 5492 4341 5539 tum
4374 5480 4678 5546 spirituales.
4732 5478 4872 5541 (ont.
