5859 6734
510 663 578 742 tat
1143 672 1256 741 Plllh·
1276 673 1380 742 lilEL.
1402 668 1591 742 SCRIPTA
1611 669 1889 740 DOGMATICA.
2454 673 2523 743 6³6

515 861 647 944 [vas-il
710 865 735 944 .]
757 861 894 928 dicitur:
917 859 1057 926 Praeter
1076 879 1214 927 menon
1232 862 1390 928 sstDeus
1407 860 1494 926 alius
1538 858 1683 927 teiecisti
1703 863 1865 926 immensa
1885 861 2032 924 bonitate
2054 871 2087 926 et
2108 858 2258 924 clamasti
2281 860 2324 923 de
2341 859 2426 927 Filio
2449 874 2519 946 tuo,

514 947 667 1015 formans
712 967 810 1014 ucem
832 957 865 1011 et
891 965 1010 1011 creans
1032 947 1187 1010 tenebras
1208 967 1270 1011 seu
1283 951 1329 1022 ⁷⁶)
1351 965 1496 1032 corpora
1538 945 1683 1012 Domino
1705 958 1822 1012 nostro
1845 945 1920 1011 lesu
1942 944 2088 1023 Christo,
2111 945 2217 1010 bunc
2238 945 2399 1022 audite;
2433 947 2521 1016 (bn-

514 1036 674 1112 obscura,
695 1032 779 1099 daus
800 1051 919 1118 pacem
941 1041 975 1096 et
996 1051 1116 1096 creans
1137 1031 1271 1111 malurn,
1287 1033 1322 1097 id
1339 1042 1401 1110 est,
1421 1051 1496 1098 cor·
1540 1033 1626 1096 ditor
1659 1034 1803 1098 omnium
1830 1051 1942 1097 rerum
1976 1042 2009 1095 et
2042 1039 2260 1096 conservator
2282 1041 2317 1094 et
2339 1031 2522 1115 opitulator

512 1139 598 1205 pora
619 1119 786 1184 nocentia.
1540 1138 1617 1182 curn
1638 1115 1723 1180 Filio
1743 1128 1801 1181 tuo
1824 1126 2013 1195 coaeterno,
2033 1116 2177 1180 Domino
2195 1126 2311 1180 nostro
2330 1116 2409 1184 lesu
2424 1117 2521 1186 Chri-

599 1203 779 1288 Fugiamus
801 1203 900 1268 etiam
944 1209 1074 1266 ortenta
1095 1199 1419 1281 Valentinianorum,
1440 1203 1497 1286 qui
1540 1212 1606 1280 sto,
1628 1213 1789 1288 regnante
1810 1213 1918 1268 tecum
1941 1214 1973 1266 et
1991 1200 2156 1285 patefacto
2174 1202 2207 1264 in
2219 1200 2410 1283 ierusalem,
2429 1208 2520 1292 et⁷⁷)

515 1289 681 1354 linxerunt
711 1223 969 1353 innumerabiles
994 1286 1090 1350 Deos
1123 1305 1185 1350 seu
1216 1289 1352 1351 nomina
1370 1297 1496 1352 tanturn
1540 1287 1664 1372 Spiritu
1696 1297 1813 1350 sancto
1845 1298 1903 1352 tuo
1938 1286 2043 1351 effuso
2070 1289 2104 1350 in
2137 1285 2339 1370 Apostolos,
2371 1291 2520 1374 sapiens,

512 1373 697 1460 allegorice
720 1373 938 1452 cumulantes,
961 1380 1011 1450 (ut
1022 1371 1189 1436 Hesiodus
1211 1370 1358 1438 cumulat
1369 1371 1496 1448 Chaos,
1540 1374 1640 1450 bone,
1661 1372 1864 1450 misericors,
1881 1372 1981 1437 iudex
2002 1384 2035 1436 et
2056 1369 2168 1447 fortis3
2202 1374 2257 1456 qui
2279 1373 2407 1436 dixistis
2428 1373 2517 1440 Vivo

513 1461 669 1536 Noctem,
686 1459 844 1534 Erebum,
862 1458 1051 1536 Saturnum,
1062 1457 1174 1522 lovem
1197 1469 1231 1522 et
1251 1454 1364 1542 alios,)
1387 1477 1498 1523 seure
1540 1477 1622 1542 ego,
1649 1457 1731 1522 nolo
1759 1469 1899 1520 mortem
1925 1459 2131 1540 peccatoris,
2163 1458 2224 1520 sed
2245 1467 2283 1522 ιιι
2304 1469 2519 1524 convertatur

516 1548 591 1632 ipsa
622 1553 776 1628 putantes
810 1561 888 1607 esse
921 1539 1177 1607 innumerabiles
1207 1552 1364 1608 aeternos
1391 1542 1497 1616 Deos,
1540 1553 1574 1607 et
1595 1543 1703 1618 vivat;
1732 1552 1765 1604 et
1787 1543 1912 1606 dixisti:
1935 1542 2059 1608 lnvoca
2079 1563 2132 1606 me
2153 1544 2187 1605 in
2209 1541 2262 1605 die
2283 1542 2517 1624 tribulationis,

515 1631 594 1716 quia
616 1631 735 1694 mirum
757 1629 888 1692 videtur
908 1648 1011 1692 unum
1032 1625 1177 1712 aliquem
1204 1627 1239 1691 in
1259 1639 1397 1692 aeterna
1417 1625 1498 1692 soll·
1541 1639 1575 1692 et
1596 1629 1733 1712 eripiam
1754 1637 1805 1702 ιιι
1826 1627 1984 1692 miserere
1996 1631 2069 1693 tnei
2079 1638 2217 1712 propter
2228 1626 2337 1692 lesum
2349 1625 2520 1694 Christum

518 1715 633 1781 tudine
654 1715 814 1798 cogitare.
858 1713 997 1796 Semper
1018 1713 1060 1777 ab
1083 1713 1176 1776 initio
1197 1714 1309 1777 mundi
1330 1711 1497 1777 Diabolus
1540 1709 1643 1778 lilium
1664 1721 1773 1790 tuum,
1795 1710 1974 1777 Dominum
1995 1725 2162 1792 nostrum,
2184 1731 2281 1797 quem
2303 1712 2434 1778 voluisti
2454 1735 2522 1798 pro

516 1811 551 1865 et
583 1801 706 1886 sparsit
733 1808 766 1862 et
794 1818 811 1861 s
837 1806 932 1883 arget
952 1795 1131 1861 horribiles
1153 1793 1303 1877 furores,
1325 1809 1498 1862 ut.verum
1539 1797 1636 1862 nohis
1666 1815 1744 1862 esse
1770 1797 1937 1862 victimam
1963 1802 2015 1861 και
2036 1807 2158 1880 μεσίτην
2178 1801 2230 1861 καὶ
2252 1803 2361 1879 isaar,
2385 1809 2419 1864 et
2440 1819 2521 1864 san·
2613 1795 2616 1804 '

513 1883 624 1950 Deum
657 1819 856 1950 contumelia
886 1879 1012 1947 alliciat
1045 1893 1079 1946 et
1098 1880 1262 1947 humanae
1282 1881 1498 1948 imbecillitati
1541 1881 1665 1961 ctifica,
1693 1901 1793 1967 rege,
1818 1883 1913 1961 iuva,
1940 1885 2087 1948 accende
2110 1903 2170 1948 cor
2190 1895 2225 1948 et
2246 1886 2389 1948 animam
2411 1905 2520 1950 meam

514 1969 662 2036 insultet.
684 1967 861 2033 Adversus
883 1965 959 2031 illos
982 1963 1116 2032 ferreres
1137 1969 1270 2032 tradidit
1290 1969 1390 2032 nobis
1401 1967 1497 2031 Deus
1540 1967 1664 2052 Spiritu
1695 1978 1814 2032 sancto
1842 1977 1918 2046 tuo,
1950 1978 1986 2032 ut
2007 1979 2041 2032 te
2061 1987 2141 2034 vere
2163 1989 2349 2054 agnoscam
2371 1979 2404 2033 et
2425 1971 2519 2035 iuvo-

516 2065 642 2122 certam
664 2055 850 2118 doctrinam
871 2073 932 2137 per
953 2050 1085 2130 Patras,
1106 2050 1305 2200 Prophetas,
1329 2051 1497 2120 Christum
1540 2072 1629 2133 cem,
1661 2053 1719 2118 tibi
1740 2071 1820 2116 vere
1841 2053 1992 2132 credam,
2026 2054 2150 2140 gratias
2177 2074 2276 2140 agam
2298 2065 2332 2118 et
2353 2055 2518 2134 obediam,

515 2153 550 2206 et
569 2137 776 2223 Apostolos,
808 2137 874 2202 hac
905 2135 982 2204 luce
1007 2135 1078 2202 vult
1099 2136 1170 2201 Ecc
1183 2139 1289 2201 esiam
1310 2139 1399 2224 regi,
1432 2155 1497 2204 uec
1538 2158 1619 2225 rege
1651 2147 1686 2202 et
1722 2156 1822 2202 serva
1846 2134 2035 2203 Ecclesiam
2073 2149 2181 2218 tuam,
2220 2139 2306 2204 sicut
2338 2141 2519 2224 prombisti

514 2225 599 2290 alias
622 2225 795 2308 opiniones
816 2223 999 2288 admittere·
1021 2222 1069 2286 Ut
1088 2218 1199 2287 foetus
1220 2224 1254 2288 in
1275 2234 1382 2287 matre
1402 2223 1497 2288 sedet
1539 2223 1709 2309 inquiens:
1742 2215 1817 2287 Hoc
1838 2233 1891 2287 est
1912 2221 2030 2288 foedus
2052 2243 2161 2289 meum
2184 2243 2257 2288 cum
2280 2225 2345 2303 eis,
2373 2225 2519 2308 Spiritus

514 2311 738 2376 circumdatus
760 2308 858 2386 alvo,
879 2309 931 2372 sic
951 2327 1015 2373 nos
1037 2309 1141 2372 verbo
1162 2307 1228 2372 Dei
1249 2306 1398 2374 inclusos
1420 2327 1497 2374 esse
1538 2327 1645 2388 meus,
1666 2309 1721 2394 qui
1744 2308 1852 2372 estin
1872 2317 1922 2387 te,
1945 2319 1978 2373 et
2000 2310 2106 2374 verba
2126 2330 2218 2387 mea,
2246 2329 2332 2393 quae
2357 2311 2455 2394 posui
2482 2311 2518 2375 in

514 2397 679 2474 sciamus,
712 2397 821 2460 donec
849 2394 945 2477 quasi
973 2393 1051 2457 editi
1077 2394 1111 2457 in
1140 2404 1276 2458 aeterne
1296 2395 1366 2460 vita
1386 2393 1497 2476 palam
1539 2413 1598 2456 ore
1618 2404 1687 2470 tuo,
1708 2411 1777 2457 non
1798 2394 1956 2458 recedent
1976 2395 2019 2458 ab
2050 2413 2109 2458 ore
2130 2395 2264 2458 seminis
2287 2396 2333 2458 tui
2355 2396 2389 2458 in
2412 2407 2518 2462 aeter

513 2495 689 2546 cernemus
700 2479 828 2552 Deum3
849 2477 980 2543 interim
989 2477 1064 2542 Deo
1086 2479 1212 2562 gratias
1232 2497 1384 2564 agamus,
1406 2480 1497 2564 quod
1538 2499 1625 2543 nam.
1669 2477 1808 2562 Semper
1839 2476 1948 2544 luceat
1979 2481 2014 2543 in
2045 2480 2142 2544 nobis
2164 2478 2257 2544 Evan
2284 2477 2382 2544 elium
2414 2492 2519 2561 tuum,

515 2582 555 2630 se
588 2563 688 2628 nobis
719 2561 897 2646 patefecit,
930 2575 964 2627 et
991 2572 1185 2628 reverenter
1211 2561 1262 2628 illi
1282 2561 1496 2649 patefactioni
1540 2575 1573 2628 et
1606 2582 1687 2649 rege
1719 2575 1753 2627 et
1786 2561 1947 2628 confirma
1969 2565 2072 2628 corda
2103 2575 2222 2628 nostra
2275 2567 2376 2647 piritu
2398 2577 2519 2632 sancto

513 2649 749 2716 assentiamur.
1043 2675 1050 2684 ·
1539 2659 1615 2726 tuo,
1647 2667 1691 2712 ue
1722 2650 1756 2712 in
1783 2645 1916 2712 furores
1939 2647 2121 2732 Epicureos
2143 2660 2202 2713 aut
2224 2646 2389 2714 fanaticos
2410 2671 2518 2731 ruam,

603 2733 759 2798 Sciamus
786 2751 855 2795 non
881 2730 996 2814 plures
1018 2749 1097 2796 esse
1118 2749 1282 2814 personas
1305 2733 1497 2813 divinitatis,
1539 2733 1689 2818 gmherna
1707 2733 1816 2797 studia
1838 2730 2025 2813 Ecclesiae,
2047 2744 2080 2799 et
2102 2730 2243 2799 defende
2265 2733 2410 2817 politias,
2432 2757 2522 2820 quae

518 2840 618 2906 quam
640 2829 725 2882 tres:
747 2817 858 2880 Unum
880 2837 957 2881 esse
980 2828 1191 2881 coaeternum
1212 2816 1346 2882 Patrem
1362 2818 1496 2882 Domini
1538 2819 1700 2902 praebent
1720 2815 1866 2920 hospitia
1888 2815 2062 2885 Ecclesiis.

513 2905 620 2970 nostri
641 2901 719 2966 lesu
736 2900 880 2976 Christi3
902 2921 1002 2967 unum
1023 2899 1153 2979 Filium,
1173 2902 1349 2986 imaginem
1369 2906 1496 2967 aeterni
1625 2901 1662 2966 ln
1694 2899 1754 2966 tali
1784 2905 1997 2968 invocatione
2025 2905 2171 2988 quotidie
2198 2905 2241 2968 de
2273 2905 2420 2970 essentia
2440 2905 2521 2987 Dei,

514 2989 624 3054 Patris
639 3059 643 3064 ,
659 2987 768 3052 lesum
797 2985 983 3061 Christum3
1013 3007 1115 3051 unum
1137 2986 1296 3070 Spiritum
1328 2999 1492 3065 sanctum3
1540 2989 1581 3052 de
1602 2983 1835 3071 patefactione,
1858 2989 1900 3052 de
1921 2988 2102 3066 beneficiis
2114 2989 2156 3054 de
2172 2991 2447 3072 promissionibus
2461 3011 2520 3056 co-

515 3087 549 3140 et
568 3073 633 3138 baa
653 3083 723 3138 tres
744 3093 910 3157 personas
931 3082 1041 3136 tamen
1054 3071 1232 3152 ὅμοουσίους
1253 3073 1495 3152 esse,etsimul
1539 3075 1694 3223 gitemus.
1739 3071 1845 3137 Simul
1872 3074 1959 3138 enim
1986 3070 2052 3139 hac
2075 3075 2274 3161 cogitatione
2296 3087 2329 3140 et
2352 3079 2522 3142 erudimur

514 3159 625 3226 omitia
646 3159 848 3236 condidisse,
871 3170 904 3222 et
925 3158 1115 3222 discrimina
1136 3157 1317 3236 discamus,
1338 3169 1374 3224 ut
1390 3157 1496 3242 s'upra
1562 3177 1581 3222 e
1602 3158 1756 3242 personis
1779 3168 1812 3222 et
1832 3159 2027 3224 accenditur
2048 3159 2132 3225 fides
2156 3171 2247 3225 etse
2271 3173 2406 3246 regatur
2423 3164 2522 3226 invo-

514 3245 738 3323 recitavimus,
755 3265 797 3309 ac
819 3242 981 3308 beneficia
997 3243 1132 3326 propria
1150 3244 1312 3330 cuiusque
1328 3263 1496 3328 personae
1539 3244 1623 3308 catio
1646 3253 1763 3308 nostra
1780 3244 1823 3307 ab
1845 3242 2004 3322 Etbnica,
2026 3245 2161 3310 ludaica
2188 3253 2221 3308 et
2328 3247 2396 3323 ica,
2447 3249 2521 3309 uod

514 3328 749 3416 intelligamus.
772 3327 859 3402 Quia
875 3330 962 3392 enim
982 3327 1076 3394 Deus
1099 3329 1149 3392 sic
1170 3347 1209 3392 se
1254 3327 1400 3408 ateiecit,
1423 3329 1495 3394 vult
1538 3328 1610 3393 fieri
1630 3345 1772 3392 necesse
1790 3340 1852 3393 est.
1895 3329 1982 3392 Nam
2003 3330 2168 3395 invocatio
2189 3326 2279 3396 nulla
2299 3328 2408 3414 placet
2462 3351 2522 3410 eo,

513 3417 561 3481 ita
592 3416 732 3500 agnosci
761 3423 795 3478 et
827 3413 971 3478 discerni
1002 3431 1177 3498 personas.
1250 3425 1322 3479 ater
1343 3412 1421 3480 fons
1444 3426 1495 3479 est
1537 3415 1601 3479 nisi
1633 3413 1692 3478 fiat
1725 3414 1928 3500 cogitatione
1960 3423 1993 3478 et
2025 3414 2146 3480 fiducia
2168 3413 2291 3480 Christi
2311 3414 2522 3495 Mediatoris,

516 3501 662 3565 onmium
684 3499 930 3564 beneficiorum.
974 3497 1043 3564 Sed
1064 3497 1169 3562 Filius
1189 3501 1325 3585 proprie
1352 3512 1405 3565 est
1425 3499 1496 3564 lile·
1537 3511 1573 3565 ut
1606 3500 1764 3584 scripturn
1797 3510 1850 3564 est
1872 3496 1953 3578 [lob.
1979 3499 2031 3578 16,
2052 3499 2139 3580 13.]ε
2174 3500 2337 3585 Quicquid
2358 3502 2520 3584 petieritis

515 3587 625 3651 dictor
647 3597 681 3650 et
700 3581 963 3661 Reconciliator,
984 3593 1019 3647 et
1040 3581 1150 3648 iactus
1171 3595 1224 3650 est
1244 3604 1305 3668 pro
1327 3586 1424 3650 nobis
1447 3586 1495 3649 vi·
1536 3583 1669 3648 Patrem
1691 3587 1724 3648 in
1746 3585 1878 3648 nomine
1905 3604 1980 3649 meo
2008 3587 2057 3663 (id
2085 3597 2148 3664 est,
2180 3605 2234 3652 me
2254 3588 2442 3665 nominato,
2463 3605 2521 3650 me

514 3671 625 3750 etirna,
647 3689 724 3736 curn
743 3681 896 3734 naturam
915 3665 1094 3734 humanam
1115 3672 1363 3754 assmnpsisset.
1392 3670 1495 3754 Spin'·
1536 3680 1761 3734 monstrantes
1772 3669 2060 3748 intercessorem),
2082 3672 2175 3736 dabit
2196 3673 2304 3737 vobis.
2338 3671 2418 3736 ltem
2432 3671 2519 3751 [lob.

513 3765 569 3824 tus
592 3768 730 3822 sauctus
751 3755 890 3820 mittitur
910 3755 944 3819 in
967 3756 1071 3822 corda
1093 3754 1304 3834 credentium,
1326 3767 1363 3820 ut
1372 3774 1495 3820 novam
1539 3755 1591 3833 14,
1612 3752 1676 3836 6.]ι
1710 3755 1817 3819 Nemo
1846 3756 1937 3820 venit
1958 3756 2002 3819 ad
2023 3755 2158 3821 Patrem
2185 3759 2248 3821 nisi
2277 3777 2339 3842 per
2358 3776 2430 3835 me,
2452 3756 2520 3821 Err-

514 3840 638 3920 lucem,
658 3841 815 3906 iustitiam
837 3849 872 3904 et
891 3841 994 3904 vitam
1014 3848 1184 3903 aeternam
1197 3841 1372 3919 accendat,
1389 3851 1426 3904 ut
1436 3861 1495 3905 vo·
1535 3841 1701 3925 perlemur
1722 3849 1831 3903 autem
1851 3838 1940 3904 hanc
1956 3861 2070 3905 veram
2088 3844 2331 3910 invocationem
2352 3843 2385 3908 in
2407 3841 2519 3906 Evan-

514 3937 569 3992 cat
579 3923 842 3991 cumZacharlas
850 3921 1156 4007 [12,10.]Spiritum
1165 3924 1293 4010 getiae
1303 3935 1335 3988 et
1345 3943 1495 4010 precum,
1537 3924 1625 4012 gello
1648 3923 1802 3989 traditam
1822 3943 1891 3989 non
1912 3944 1991 3989 esse
2011 3927 2146 3992 initam.

512 4013 547 4076 id
569 4021 633 4089 cst,
661 4009 893 4076 testificantem
913 4010 948 4072 in
968 4009 1078 4087 nobis,
1099 4027 1163 4073 nos
1185 4019 1339 4094 receptos
1361 4029 1439 4074 esse
1459 4010 1495 4073 ln
1621 4009 1675 4074 Ac
1694 4009 1882 4074 intueantur
1904 4029 1996 4074 mens
2026 4023 2059 4075 et
2082 4010 2170 4076 oculi
2192 4013 2226 4076 ln
2247 4011 2435 4076 testimonia
2456 4031 2520 4093 pa·

577 4097 667 4176 tiam,
688 4105 723 4160 et
737 4104 926 4160 moventem
943 4113 1015 4172 cor,
1032 4103 1070 4158 ut
1086 4091 1152 4159 hoc
1170 4096 1286 4160 credat
1303 4105 1337 4159 et
1353 4104 1494 4170 statuat3
1537 4091 1725 4162 teiactionis
1754 4091 1908 4180 illustria,
1940 4107 1977 4160 ut
2011 4096 2044 4158 in
2072 4095 2278 4180 Baptismum
2309 4096 2447 4172 Christi,
2479 4095 2518 4160 in

513 4117 595 4252 lthnm
617 4177 838 4266 impellentem
858 4179 902 4246 ad
922 4179 1183 4258 invocationem,
1208 4181 1286 4266 quia
1307 4181 1375 4246 iam
1396 4199 1495 4245 exau·
1538 4180 1707 4247 Christum
1725 4181 1978 4246 resuscitantem
1999 4193 2148 4248 mortuos
2167 4193 2200 4245 et
2209 4193 2288 4266 post
2299 4181 2518 4246 resurrectio·

515 4267 578 4334 diri
600 4287 664 4332 nos
687 4265 862 4330 credimus.
1395 4277 1402 4288 ’
1537 4287 1614 4332 nem
1635 4263 1787 4330 familiari
1809 4268 2064 4332 conversatione
2087 4287 2125 4332 se
2147 4269 2376 4333 ostendentem
2394 4264 2519 4346 multis,

600 4351 692 4418 Haec
715 4351 866 4416 doctrina
887 4349 931 4414 de
952 4351 1058 4414 tribus
1075 4351 1231 4433 personis
1241 4350 1275 4414 in
1287 4350 1496 4416 invocatione
1538 4363 1571 4417 et
1591 4353 1625 4416 in
1648 4351 1789 4436 Spiritus
1813 4354 1922 4418 sancti
1933 4353 2132 4417 missionem.
2162 4353 2254 4418 Haec
2272 4350 2413 4418 visibilia
2425 4350 2519 4416 testi-

515 4439 662 4526 qnotidie
671 4434 994 4521 proferatur,inqua
1006 4447 1097 4499 certe
1112 4434 1179 4499 hoc
1195 4436 1334 4520 primurn
1352 4437 1496 4500 omnium
1537 4438 1648 4502 monia
1669 4438 1743 4502 ideo
1766 4433 1910 4502 exhibita
1931 4450 2019 4516 sunt,
2052 4449 2089 4502 ut
2109 4436 2297 4503 Ecclesiam
2320 4442 2462 4503 doceant
2483 4448 2521 4502 et

513 4525 746 4590 ardentissime
765 4523 942 4606 petendum
965 4532 1028 4600 est,
1049 4531 1086 4584 ut
1103 4519 1199 4585 Deus
1220 4531 1357 4604 pectora
1378 4530 1496 4586 nostra
1538 4521 1744 4601 confirment,
1776 4532 1809 4586 et
1836 4524 1914 4607 quia
1945 4521 2091 4588 exhibita
2122 4536 2211 4605 sunt,
2243 4522 2315 4589 vult
2349 4543 2390 4588 eu
2420 4521 2519 4587 Deus

514 4620 629 4696 regat,
649 4619 687 4672 ut
708 4617 801 4674 recte
824 4609 866 4672 de
891 4609 965 4690 ipso
988 4606 1170 4670 sondemus
1191 4625 1233 4670 ac
1253 4625 1333 4671 vere
1351 4625 1427 4672 eum
1448 4607 1496 4671 ln·
1538 4609 1642 4694 aspici
1653 4619 1686 4672 et
1698 4607 1848 4695 cogitari.
1869 4609 1946 4673 Non
1957 4619 2082 4672 tantum
2094 4620 2232 4694 propter
2241 4609 2425 4693 Baptistam
2437 4619 2521 4674 tuuc

514 4701 689 4772 vocemus,
711 4713 775 4760 uec
798 4693 840 4757 ab
864 4711 904 4757 eo
925 4693 1137 4770 aberremus,
1157 4703 1195 4756 ut
1215 4689 1359 4770 Etbnici,
1379 4711 1495 4758 recen·
1537 4715 1575 4760 se
1589 4691 1746 4778 patefecit
1760 4693 1924 4771 divinitas,
1945 4695 2008 4757 sed
2028 4693 2095 4759 boe
2108 4695 2296 4761 testimonio
2307 4694 2412 4760 voluit
2421 4691 2520 4760 Deus

517 4787 570 4844 tas
591 4777 719 4856 ludaei,
741 4775 1013 4856 Mahometistae,
1035 4776 1213 4855 baeretici,
1234 4775 1402 4855 Marcion,
1423 4775 1495 4842 Ma·
1538 4777 1726 4844 confirmari
1758 4779 1948 4844 universam
1969 4777 2156 4844 Ecclesiam
2190 4783 2261 4847 eius
2294 4781 2455 4863 temporis
2484 4791 2522 4844 et

517 4861 662 4940 nichaei,
684 4861 916 4943 Valentiniani,
937 4861 1157 4940 Samosatam,
1178 4861 1293 4926 Ariani
1316 4861 1426 4927 etalii
1447 4860 1495 4926 la·
1537 4865 1752 4948 posteritatis.
1786 4862 1854 4927 lmo
1877 4875 1910 4929 et
1921 4862 2072 4950 Angelos
2094 4864 2175 4931 illud
2193 4867 2418 4931 admirandum
2441 4885 2521 4951 spe·

516 4949 629 5014 uatici.
672 4947 838 5013 Tenentur
859 4970 896 5014 er
921 4969 942 5013 o
964 4958 1058 5014 certa
1077 4945 1190 5032 aliqua
1212 4959 1246 5012 et
1266 4967 1349 5012 vera
1375 4944 1495 5025 forma,
1539 4948 1706 5016 etaculum
1726 4947 1792 5013 Dei
1829 4951 2024 5033 prodeuntis
2057 4971 2098 5016 ex
2126 4950 2264 5018 latebris
2288 4953 2377 5030 suis,
2410 4961 2444 5016 et
2481 4971 2522 5018 se

517 5035 612 5100 cuius
633 5034 785 5097 recitatio
807 5053 871 5100 nos
894 4971 936 5100 Ca
956 5053 1039 5098 vera
1061 5033 1213 5098 doctriua
1231 5033 1418 5098 admoneat.
1537 5033 1710 5102 Ecclesiae
1738 5055 1820 5100 suae
1847 5037 2052 5102 ostendentis
2075 5039 2192 5102 erudit.
2215 5041 2258 5116 ⁷⁸)
2303 5037 2396 5106 llaec
2419 5039 2521 5104 testi·

602 5135 892 5220 Omnipotens,
920 5145 1088 5201 aeterne
1116 5146 1153 5200 et
1181 5135 1272 5200 vive
1291 5132 1418 5212 Deus,
1439 5155 1495 5200 ae-
1536 5121 1648 5186 m⁰¹lia
1680 5141 1755 5186 ⁰¹¹1ss
1784 5121 2018 5208 wssliablmuss
2050 5124 2253 5188 ⁰⁰⁰⁰¹¹det¹1r
2274 5121 2331 5188 11111
2352 5125 2385 5189 111
2409 5125 2522 5190 cordi·

516 5213 613 5288 lem're
634 5220 734 5286 Pater
754 5219 889 5286 Domini
914 5223 1021 5286 nostri
1047 5221 1124 5285 lesu
1141 5217 1281 5298 Christi,
1304 5219 1361 5306 qui
1383 5230 1415 5284 te
1436 5241 1494 5305 pa-
1538 5208 1614 5285 bus,
1635 5216 1673 5271 ui
1694 5204 1821 5273 1111111118
1842 5217 1999 5288 statuant,
2021 5227 2101 5274 111111
2122 5207 2387 5290 11981090111,
2409 5220 2444 5274 et
2467 5229 2523 5277 ¹0·

513 5493 563 5562 761
581 5495 704 5550 tenebras
729 5493 789 5562 acu]
807 5493 883 5548 Editt.
907 5491 999 5544 1-9.
1020 5491 1060 5542 lt.
1077 5493 1208 5558 tenebras,
1224 5491 1250 5548 id
1268 5495 1317 5561 eat,
1334 5506 1450 5562 corpora,
1465 5497 1493 5552 lu
1537 5461 1583 5525 ⁷⁷)
1601 5465 1627 5514 ‘l
1644 5463 1723 5517 “lm
1739 5465 1775 5518 αὖ
1792 5464 1867 5518 *2⁸¹¹st-
1886 5467 1909 5513 ¹·
1927 5464 1952 5515 ³·
1971 5463 1995 5514 ⁶·
2015 5465 2039 5515 ⁷·
2061 5465 2100 5516 12.

583 5567 676 5630 quibus
693 5569 755 5618 suut
770 5565 904 5629 tenchrae,
921 5573 969 5616 seu
1536 5565 1583 5630 78)
1601 5565 1696 5632 erudit]
1713 5567 1786 5621 editt
1806 5568 1828 5619 i.
1847 5569 1872 5620 t.
1890 5563 1915 5615 6.
1933 5569 1956 5621 7.
1975 5565 2069 5622 erint
