5859 6734
2362 510 2397 559 i

1050 706 1175 772 511

1052 887 1163 958 vel
1216 890 1429 973 impiis
1474 885 1759 951 cultibus
1802 899 2198 950 sanctorum.
2286 884 2419 949 Aut
2452 885 2857 984 praecipi-unt
2896 880 3007 944 ali-

1052 976 1233 1124 ffild,
1274 974 1451 1060 quod
1494 973 1635 1035 sine
1676 981 1951 1055 peccato
1996 989 2127 1033 non
2170 981 2389 1051 potest
2430 979 2785 1051 praestat-13
2828 987 2988 1050 qua·

2294 695 2513 763 Pam.
2556 694 2763 760 MEL.
2806 693 3177 761 SCRIPTA
3217 691 3765 761 DOGMATICA.

4893 707 5022 771 512

3069 893 3196 945 tem
3251 879 3529 956 habere,
3573 879 3928 957 :videlicet,
3996 886 4146 966 quia
4203 886 4599 950 iuventutem
4657 903 4723 952 ει
4769 889 5006 976 vulgus

3069 967 3308 1029 docent
3359 977 3426 1028 ει
3478 963 3926 1030 assuefaciunt
3985 969 4070 1030 ad
4127 987 4208 1030 co
4259 973 4667 1035 noscendum
4710 971 5010 1062 Evange-

1180 1069 1283 1123 est
1324 1057 1582 1122 traditio
1628 1057 1713 1119 de
1758 1052 2104 1131 coelibatu,
2148 1073 2299 1118 cum
2320 1053 2423 1116 his
2462 1053 2831 1136 imponitur,
2876 1052 2989 1133 qui
3069 1049 3249 1128 lium,
3293 1070 3412 1132 per
3455 1051 3636 1134 quod
3677 1049 3982 1115 Christus
4029 1065 4133 1115 est
4178 1072 4215 1115 e
4293 1071 4415 1116 cax
4459 1067 4586 1118 etc.

1050 1163 1185 1208 non
1206 1152 1360 1206 sunt
1378 1142 1462 1205 ad
1488 1139 1877 1206 coelibatum
1900 1138 2136 1201 idonei.
2204 1137 2413 1200 Porro
2436 1139 2763 1220 scriptura
2783 1137 2851 1198 in
2896 1136 2989 1199 uit
3035 1197 3037 1201 ,

3036 1220 3267 1303 'gog-ia
3287 1221 3551 1282 omnino
3575 1237 3742 1302 opus
3786 1233 3911 1298 est,
3957 1231 4172 1284 tamen
4208 1221 4460 1285 interim
4493 1228 4854 1290 cavendum
4886 1245 5012 1308 est,

1054 1227 1231 1306 [Act.
1252 1225 1507 1305 5,29.]=
1552 1223 1826 1308 Oportet
1847 1221 1995 1284 Deo
2036 1225 2249 1306 magis
2294 1221 2585 1297 obedire,
2629 1241 2825 1304 quam
2916 1240 2988 1282 o·

1052 1311 1355 1376 nauibus.
1442 1309 1667 1392 ltaque
1710 1307 2175 1372 conscientiam
2232 1303 2583 1370 violantem
2625 1303 2751 1366 has
2790 1304 2986 1368 mdi-

1050 1395 1263 1460 tiones
1304 1404 1582 1458 excusat
1614 1387 1957 1456 manifesta
1996 1391 2311 1456 autoritas
2334 1391 2575 1454 divina.
2660 1385 2744 1451 Et
2783 1387 2988 1452 habe·
3036 1457 3037 1460 Ἴ

1054 1497 1199 1544 mus
1234 1474 1571 1560 exempla.
1660 1471 1899 1538 Daniel
1950 1493 2085 1538 non
2140 1475 2357 1558 paruit
2410 1473 2594 1558 regio
2641 1473 2858 1537 edicto
2902 1473 2985 1534 de

1052 1561 1385 1626 adoranda
1426 1571 1668 1637 statua,
1712 1560 1796 1622 de
1840 1579 1975 1624 non
2018 1557 2357 1632 adorando
2380 1557 2550 1622 Deo.
2636 1556 2781 1660 Nec
2806 1555 2985 1639 Apo-

1050 1642 1208 1794 ΐέἐὲ
1292 1643 2087 1813 ..essemssssaissifflm
2154 1641 2577 1718 'mmm’
2633 1662 2744 1724 ‘¹¹¹¹
2810 1653 2986 1704 ‘'²¹⁸''

1224 1863 1597 1931 Secundum
1640 1882 1849 1947 genus
1896 1874 1997 1926 est
2038 1861 2450 1926 traditionum
2494 1862 2576 1925 de
2620 1861 2819 1924 rebus
2863 1878 2990 1922 sua

1054 1959 1291 2030 natura
1331 1945 1743 2031 adiaphoriS,
1778 1959 1851 2010 ut
1899 1949 1983 2010 de
2030 1943 2235 2024 seriis,
2273 1946 2548 2022 ieiuniiS,
2596 1945 2856 2008 vestitu.
2914 1941 2988 2004 ln

1052 2033 1157 2098 his
1202 2032 1659 2098 considerandi
1703 2039 1857 2094 sunt
1896 2029 2099 2104 fines3
2156 2032 2213 2092 si
2274 2031 2443 2093 enim
2484 2028 2633 2092 finis
2678 2038 2780 2090 est
2821 2024 2986 2110 poli-

1052 2120 1257 2194 ticus,
1315 2115 1529 2181 licitae
1587 2127 1759 2178 sunt.
1846 2112 1931 2178 Ut
1975 2135 2123 2178 cum
2164 2112 2369 2178 seriae
2414 2114 2832 2180 instituuntur
2872 2122 2988 2174 aut

1053 2211 1435 2276 servantur,
1492 2219 1624 2262 non
1678 2198 1857 2283 quod
1900 2201 2113 2280 ipsum
2168 2218 2336 2280 opus
2390 2209 2721 2262 mereatur
2764 2196 2987 2259 remis-

1052 2287 1301 2351 sionem
1354 2295 1811 2367 peccatorum,
1875 2294 1985 2347 aut
2056 2283 2141 2346 sit
2206 2282 2451 2346 iustitia
2492 2293 2559 2346 et
2603 2277 2854 2358 cultus,
2920 2279 2987 2342 id

1054 2379 1187 2448 est,
1244 2369 1431 2434 cuius
1476 2367 1624 2430 finis
1667 2367 2003 2450 proximus
2048 2368 2169 2443 sit,
2226 2365 2405 2450 quod
2458 2365 2644 2431 Deus
2698 2365 2988 2449 requirat

1050 2454 1119 2519 id
1172 2472 1341 2538 opus
1396 2464 1509 2516 tan
1552 2471 1705 2516 uam
1756 2449 2105 2530 bonorem,
2170 2461 2238 2513 et
2292 2469 2422 2514 non
2488 2461 2757 2534 propter
2819 2447 2986 2512 alias

1054 2557 1329 2612 causas3
1370 2537 1493 2601 sed
1560 2537 1665 2599 nis
1688 2553 1841 2600 esse
1875 2536 2069 2600 debet
2087 2535 2446 2619 proximuS,
2491 2535 2739 2598 ordinis
2762 2552 2988 2608 causa,

1050 2633 1125 2688 ιιι
1249 2619 1445 2704 pulus
1488 2622 1675 2698 sciat,
1716 2639 1851 2705 quo
1894 2631 2186 2704 tempore
2229 2620 2582 2683 convenire
2625 2619 2861 2684 debeat
2902 2617 2988 2681 ad

1052 2725 1137 2770 au
1202 2704 1441 2772 endum
1494 2723 1579 2766 ac
1634 2703 2021 2770 discendum
2071 2700 2505 2787 Evangelium
2560 2715 2625 2766 et
2667 2703 2751 2766 ad
2794 2721 2990 2766 usum

1052 2799 1636 2856 sacramentorum:
1701 2785 1867 2852 Cum
1926 2787 2167 2852 ieiunia
2220 2787 2788 2868 praescribuntur,
2854 2805 2988 2848 non

1052 2875 1229 2960 quod
1262 2875 1475 2960 ipsum
1513 2891 1681 2954 opus
1702 2883 2034 2936 mereatur
2067 2871 2520 2935 remissionem
2542 2882 2988 2952 peccatorum,

1052 2969 1162 3024 aut
1204 2959 1287 3022 sit
1328 2976 1453 3022 sua
1492 2967 1727 3022 natura
1770 2953 2007 3032 cultus,
2052 2957 2173 3019 sed
2216 2966 2288 3018 ut
2330 2953 2442 3019 tali
2483 2955 2857 3019 ceremonia
2892 2955 2986 3016 in-

1050 3043 1367 3128 signiatur
1406 3043 1581 3115 dies,
1637 3052 1749 3104 aut
1802 3052 1875 3104 ut
1960 3035 2196 3122 opulus
2240 3040 2500 3104 sobrius
2544 3040 2753 3123 magis
2796 3049 2986 3120 aptus

1049 3127 1133 3194 sit
1172 3125 1259 3190 ad
1358 3125 1715 3192 recandum
1759 3136 1823 3188 et
1864 3145 1907 3189 a
1986 3124 2377 3188 audiendum
2422 3143 2502 3186 ac
2544 3123 2985 3186 meditandum

1048 3209 1235 3276 Evan
1284 3146 1498 3275 ellum.
1586 3208 1750 3273 Cum
1808 3220 2025 3273 certae
2081 3209 2420 3272 cantiones
2479 3208 2861 3272 ordinantur
2918 3207 2983 3269 in

1050 3306 1225 3380 temp
1372 3313 1459 3358 ne
1500 3295 1741 3358 existat
1783 3291 2083 3358 confusio
2126 3293 2391 3378 indigna
2433 3289 2776 3358 Ecclesiis.

1218 3411 1421 3480 Tales
1484 3413 1925 3478 ordinationes
1988 3410 2117 3476 hoc
2182 3407 2447 3495 politico
2512 3411 2644 3473 fine
2707 3421 2987 3494 possunt

1052 3499 1295 3584 Episco
1404 3515 1526 3562 seu
1566 3495 1883 3560 Pastores
1941 3497 2259 3570 condere3
2314 3496 2467 3578 quia
2509 3491 2757 3558 Paulus
2798 3514 2984 3578 prae-

1054 3584 1208 3668 cipit
1252 3587 1281 3662 [
1324 3577 1519 3648 .Cor.
1545 3579 1648 3659 11,
1677 3581 1805 3659 14.]
1850 3581 1915 3642 in
1958 3578 2265 3644 Ecclesia
2308 3580 2526 3643 omnia
2568 3580 2709 3664 geri
2755 3579 2983 3642 ordine

1054 3679 1119 3732 et
1160 3668 1488 3732 decenter.
1530 3663 1617 3728 Et
1658 3666 1755 3729 sic
1790 3665 1809 3727 i
1858 3683 1935 3728 se
1979 3666 2239 3728 ordinat
2276 3660 2596 3728 lectiones
2638 3664 2812 3746 apud
2856 3661 2985 3727 Co-

1050 3749 1359 3824 rinthiun
1400 3751 1553 3813 item
1596 3751 1678 3813 de
1720 3769 1801 3812 ve
1830 3749 2017 3812 andis
2058 3746 2465 3812 mulieribus.
2551 3745 2636 3810 Et
2680 3743 2793 3812 tali
2836 3767 2984 3830 pae-

1230 3836 1341 3922 gia
1394 3835 1459 3897 in
1502 3834 1743 3898 mundo
1786 3853 1953 3915 opus
1998 3843 2131 3908 est,
2186 3842 2259 3897 ut
2292 3828 2595 3978 Repulus
2649 3832 2858 3895 discat
2914 3834 2980 3894 in

1054 3920 1157 3984 riti
1202 3939 1283 3982 us
1325 3920 1535 4002 pictas
1591 3916 1929 3992 historias,
1984 3929 2049 3980 et
2088 3933 2290 3979 assue
2338 3928 2437 3992 at,
2494 3926 2564 3978 ut
2608 3926 2986 3978 reverenter

1054 4014 1289 4068 tractet
1328 4020 1544 4065 sacra.
1630 3999 1720 4063 Ut
1763 4001 1929 4065 enim
1974 3999 2255 4064 caeteris
2297 3997 2559 4084 legibus
2593 4001 2657 4061 in
2692 3997 2816 4062 hac
2852 4002 2982 4063 vita

1052 4084 2131 4236 fffffflssfflss.s⁵;znissznae.
2166 4085 2595 4251 ‘'fflfflgzss.
2618 4098 2981 4250 ‘’3¹:355ss

1052 4265 1205 4320 sunt
1246 4255 1409 4318 disci
1454 4251 1629 4316 linae
1672 4272 1793 4318 seu
1835 4251 2025 4338 legis.
2114 4253 2365 4329 Quare,
2470 4253 2535 4315 ui
2581 4273 2807 4315 omnes
2852 4265 2981 4316 tra-

1052 4339 1327 4406 ditiones
1369 4273 1879 4402 Epcclesiasticas
1923 4335 2175 4402 aboleri
2202 4341 2289 4420 ⁶⁹)
2347 4357 2436 4400 vo
2459 4350 2599 4413 unt,
2643 4358 2791 4402 cum
2834 4338 2982 4420 ipsa

1050 4437 1277 4490 namra
1317 4421 1647 4486 hominum
1688 4420 2178 4506 belligerantur,
2218 4441 2387 4507 quae
2420 4441 2551 4484 non
2588 4433 2803 4504 potest
2837 4423 2978 4507 regi

1050 4511 1191 4574 sine
1235 4506 1638 4572 ceremoniiS.
1694 4507 1767 4570 ln
1811 4507 2197 4571 oeconomia
2236 4525 2517 4570 necesse
2560 4518 2661 4569 est
2702 4519 2978 4590 patrem-

3239 1132 3628 1217 Quanquam
3681 1147 3898 1199 autem
3967 1138 4353 1199 ceremoniis
4407 1151 4716 1224 tanquam
4775 1148 5014 1225 paeda-

3067 1322 3154 1366 ne
3195 1304 3692 1386 superstitiosae
3739 1325 3780 1367 o
3826 1306 4079 1367 iniones
4139 1306 4222 1367 de
4266 1307 4361 1368 eis
4407 1309 4757 1391 obrepant,
4818 1333 4902 1376 ne
4947 1329 5012 1378 ει

3071 1385 3456 1452 beneficium
3493 1385 3738 1450 Christi
3825 1409 3904 1452 ac
3947 1391 4248 1452 doctrina
4292 1391 4375 1453 de
4417 1391 4544 1454 fide
4587 1395 5007 1474 obscuretur,

3072 1481 3186 1536 aut
3237 1472 3475 1534 existat
3537 1471 3686 1534 inde
3753 1473 4072 1556 quaedam
4141 1473 4514 1538 carnificina
4575 1482 5006 1545 conscientia-

3071 1575 3233 1618 rum.
3321 1555 3476 1618 ldeo
3535 1557 3944 1620 sentiendum
4003 1568 4107 1621 est
4162 1555 4286 1620 hos
4353 1561 4515 1622 ritus
4575 1581 4705 1623 non
4769 1569 5004 1628 mereri

3071 1639 3519 1703 remissionem
3539 1652 3984 1722 peccatorum,
4027 1661 4153 1705 nec
4175 1660 4332 1705 esse
4365 1644 4672 1706 iustitiam
4695 1644 5004 1712 Christia-

3073 1744 3246 1801 nam,
3289 1743 3413 1788 nec
3457 1726 3674 1787 cultus
3718 1745 3895 1801 esse,
3939 1726 4068 1788 hoc
4114 1739 4249 1804 est,
4294 1747 4428 1802 res,
4474 1748 4641 1811 quas
4675 1727 4861 1796 Deus
4907 1751 5007 1796 re-

3074 1807 3287 1891 quirat
3345 1820 3628 1884 tantum,
3694 1822 3767 1872 ut
3819 1809 3950 1874 hoc
4005 1809 4260 1873 honore
4324 1807 4682 1888 afficiatur,
4749 1827 4812 1877 et
4873 1836 5008 1879 non

3071 1903 3341 1975 propter
3426 1889 3726 1976 politicas
3819 1913 4079 1958 causas.
4199 1894 4550 1958 Praeterea
4635 1918 5010 1983 quanquam

3074 1995 3260 2040 exem
3306 1974 3356 2040 li
3398 1996 3604 2042 causa
3636 1979 4004 2042 servandae
4045 1990 4198 2043 sunt
4241 1976 4365 2042 hae
4400 1980 4806 2058 traditiones,
4848 2004 5008 2067 qua·

3071 2081 3215 2124 rum
3249 1997 3398 2124 il'nis
3441 2071 3546 2124 est
3586 2059 3927 2142 politicus3
3971 2074 4188 2126 tamen
4228 2081 4362 2125 non
4405 2076 4556 2127 sunt
4599 2062 4815 2149 laquei
4851 2087 5007 2132 con·

3073 2146 3362 2208 scientiis
3428 2147 3786 2223 iniiciendi,
3851 2147 3974 2210 sed
4039 2166 4120 2210 co
4171 2149 4508 2210 noscenda
4575 2160 4680 2210 est
4736 2148 5006 2215 libertas

3072 2227 3478 2306 Christiana,
3544 2231 3626 2292 de
3669 2250 3801 2313 qua
3853 2249 4054 2313 supra
4105 2167 4348 2293 (fictum
4403 2242 4524 2293 est.
4613 2232 4892 2310 Verum,
4935 2251 5006 2300 ut

3073 2315 3517 2377 conscientiae
3560 2314 3846 2378 habeant
3895 2313 4019 2378 hos
4073 2317 4235 2380 ritus
4288 2334 4410 2396 pro
4455 2318 4652 2380 rebus
4696 2318 5006 2401 adiapho-

3071 2399 3186 2474 ris,
3229 2416 3356 2461 nec
3397 2409 3508 2462 aut
3547 2398 3856 2462 iustitiam
3896 2412 4006 2462 aut
4051 2411 4388 2481 peccatum
4423 2400 4490 2462 in
4524 2402 4620 2463 eis
4655 2400 5007 2480 collocent,

3069 2483 3190 2546 sed
3233 2483 3447 2545 sciant
3489 2501 3608 2546 eos
3663 2485 3807 2547 sine
3901 2493 4130 2546 eccato
4177 2494 4363 2546 extra
4421 2485 4718 2548 scandali
4777 2507 5006 2552 casum

3073 2567 3278 2630 omitti
3311 2585 3534 2649 posse.
3629 2567 3817 2632 Sicut
3925 2567 4116 2631 aulus
4161 2568 4250 2646 [l.
4287 2565 4442 2630 Cor.
4472 2568 4574 2647 11,
4601 2570 4796 2653 5sq.]
4856 2591 5006 2636 cum

3071 2647 3271 2714 vellet
3311 2648 3618 2714 mulieres
3662 2670 3817 2715 esse
3859 2650 4136 2729 velatas,
4182 2672 4312 2715 non
4337 2653 4660 2717 sentiebat
4682 2653 4814 2718 hoc
4833 2675 5006 2738 opus

3071 2753 3223 2798 esse
3265 2735 3574 2798 iustitiam
3631 2755 3854 2798 coram
3897 2735 4076 2812 Deo,
4129 2755 4254 2798 nec
4297 2739 4624 2801 sentiebat
4667 2738 5002 2804 mulierem

3070 2837 3385 2901 peccare,
3431 2838 3600 2902 quae
3645 2821 3978 2904 detegeret
4019 2818 4296 2902 capillos
4339 2823 4483 2884 sine
4527 2822 4866 2886 scandalo.

3245 2901 3640 2967 Huiusmodi
3681 2903 4175 2967 innumerabilia
4217 2916 4374 2969 sunt
4407 2907 4472 2968 in
4506 2910 4830 2971 communi
4851 2911 5006 2972 vita.

3071 2985 3234 3051 Cum
3279 2989 3448 3049 enim
3493 2985 3619 3050 soli
3654 2986 3950 3052 homines
3988 2989 4279 3052 ordinem
4301 2988 4688 3074 intelligant,
4735 2995 5010 3057 masn‘me

3071 3071 3474 3134 conveniens
3517 3084 3622 3135 est
3661 3071 3990 3138 hominum
4035 3085 4343 3152 naturae,
4388 3076 4785 3139 constituere
4827 3074 5008 3140 loco-

3069 3177 3244 3233 rum,
3300 3168 3664 3237 temporum
3715 3170 3780 3220 et
3839 3177 4264 3240 personat-am
4321 3160 4704 3222 discrimina.
4795 3160 5005 3223 Scho-

3067 3238 3370 3303 lasticum
3387 3244 3472 3316 ⁷²²)
3519 3261 3649 3303 non
3687 3242 3878 3307 decet
3921 3243 4186 3305 scenica
4227 3245 4454 3307 vestis.
4541 3243 4732 3306 Esset
4783 3254 5004 3308 autem

3031 3391 3033 3394 ,
3069 3323 3336 3388 ridicula
3397 3327 3808 3406 superstitio,
3865 3329 3922 3390 si
3973 3328 4243 3390 sentiret
4285 3347 4361 3390 se
4415 3339 4680 3411 propter
4724 3324 5002 3391 sormam

3073 3411 3348 3473 vestitus
3393 3410 3634 3473 iustum
3679 3431 3852 3488 esse,
3895 3423 4007 3474 aut
4046 3431 4325 3495 peccare
4367 3409 4743 3488 mortaliter,
4767 3413 4824 3475 si
4857 3413 5004 3476 sine

3065 3491 3380 3558 scandalo
3421 3507 3718 3560 uteretur
3757 3493 3889 3560 alia
3930 3505 4133 3559 veste.
4221 3495 4402 3562 Haec
4434 3501 4714 3560 ἐπιείκεια
4767 3498 4833 3558 in
4875 3509 5002 3560 tra—

3067 3579 3418 3642 ditionibus
3460 3599 3860 3664 magnopere
3883 3581 4263 3644 necessaria
4304 3592 4429 3645 est.
4519 3579 4782 3664 Alioqui
4829 3583 4998 3646 enim

3065 3664 3528 3746 superstitione
3567 3664 3978 3730 cumulantur
4011 3666 4389 3728 traditiones
4425 3667 4570 3730 sine
4590 3667 4812 3742 modo,
4857 3687 5004 3730 cum

3067 3759 3372 3829 putantur
3439 3766 3589 3810 esse
3645 3751 3930 3812 iustitiae
3975 3762 4037 3813 et
4097 3747 4314 3812 cultus
4357 3749 4484 3813 Dei
4541 3760 4610 3814 et
4661 3749 5006 3832 perfectio·

3065 3851 3218 3906 nes;
3262 3833 3433 3895 sicut
3478 3844 3825 3895 creverunt
3869 3829 4022 3896 olim
4081 3835 4146 3896 in
4191 3831 4493 3898 Ecclesia
4536 3847 4601 3898 et
4647 3837 4824 3918 apud
4869 3856 5005 3899 mo-

3067 3915 3340 3978 nachoS.
3439 3915 3632 3992 lte-m,
3703 3918 4149 3982 conscientiae
4219 3922 4589 3984 cruciantur
4662 3932 4728 3982 et
4803 3923 5004 3983 conii-

3067 4001 3324 4063 ciuntur
3379 4002 3443 4062 in
3508 4001 4030 4084 desperationem
4087 4023 4217 4066 non
4287 4001 4616 4068 intellecta
4678 4002 4999 4068 libertate.

3065 4084 3286 4155 Quare
3329 4103 3612 4148 necesse
3656 4098 3761 4149 est
3802 4088 3868 4149 in
3913 4085 4217 4152 Ecclesia
4262 4101 4486 4152 extare
4538 4087 4782 4150 timiam
4839 4107 4999 4150 con·

3066 4167 3452 4232 solationem
3513 4171 3594 4233 de
3649 4192 3778 4234 usu
3821 4172 4256 4236 traditionum.
4349 4173 4624 4236 Omnino
4677 4171 5001 4256 singulari

3065 4254 3404 4335 prudentia
3448 4273 3614 4338 opus
3659 4266 3785 4331 est,
3828 4275 3910 4318 ne
3955 4255 4064 4320 vel
4121 4259 4463 4321 barbarice
4505 4269 5004 4322 contemnantur

3064 4339 3469 4415 traditiones,
3515 4336 3622 4402 vel
3663 4342 4126 4423 superstitiose
4167 4343 4624 4406 observentur.
4683 4337 5001 4406 Testimo-

3061 4423 3170 4484 nia
3212 4436 3428 4487 autem
3477 4424 3559 4487 de
3599 4420 3904 4489 libertate
3945 4423 4144 4507 paulo
4189 4439 4341 4509 post
4388 4428 4728 4490 addemus.

3231 4507 3519 4571 Tertium
3563 4525 3776 4593 genus
3824 4519 3926 4572 est
3969 4511 4420 4587 traditionum,
4479 4513 4544 4574 in
4603 4512 4842 4594 quibus
4885 4531 4998 4573 res

1050 4589 1325 4658 fandlias
1379 4592 1775 4655 constituere
1830 4602 2127 4674 tempora
2180 4591 2515 4736 precandi,
2545 4595 2631 4664 ⁷⁰)
2683 4592 2977 4656 discendi
3060 4590 3457 4674 adiaphorae
3499 4593 4014 4675 praecipiuntur,
4067 4596 4189 4658 sed
4232 4615 4380 4659 cum
4433 4595 4643 4678 impiis
4698 4607 4811 4659 aut
4850 4614 4999 4679 per·

2205 4697 2224 4737 l

1051 4687 1177 4742 etc.
1263 4676 1375 4741 Sic
1432 4677 1497 4738 in
1542 4673 1792 4738 schola.
1878 4675 1992 4740 Sic
2047 4675 2177 4758 pub

2228 4695 2305 4738 ce
2348 4677 2415 4738 in
2456 4673 2764 4741 Ecclesia
2806 4696 2975 4759 opus
3059 4677 3326 4742 nicio-sis
3355 4677 3788 4760 opinionibus.
3845 4675 4097 4742 Multae
4139 4691 4356 4744 autem
4397 4677 4609 4744 falsae
4653 4683 4998 4765 opiniones

1052 4771 1157 4826 est
1194 4757 1433 4824 talibus
1485 4759 2024 4824 ordinationibus.
2108 4757 2194 4822 Et
2246 4760 2314 4823 in
2364 4759 2540 4826 hanc
2592 4762 2976 4826 sententiam
3056 4760 3387 4826 adduntur
3449 4761 3922 4825 traditionibus.
4012 4763 4230 4828 Prima
4296 4775 4362 4827 et
4415 4762 4793 4829 Pharisaica
4859 4766 4996 4847 opi-

1052 4843 1256 4948 inqult
1296 4839 1543 4908 Paulus
1584 4841 1761 4921 [Gal.
1783 4841 1848 4920 3,
1868 4843 2035 4924 244:
2080 4841 2222 4908 Lex
2265 4855 2369 4907 est
2408 4845 2865 4932 paedagogus,
2910 4859 2977 4909 et
3059 4847 3165 4910 nio
3212 4858 3349 4923 est,
3392 4847 3568 4930 quod
3610 4844 3909 4910 homines
3943 4860 4312 4913 mereantur
4353 4849 4802 4914 remissionem
4843 4867 4996 4932 pec-

1050 4927 1309 5012 qundem
1350 4926 1549 5003 addit,
1591 4928 1658 4990 in
1700 4925 2054 4992 Christum.
2128 4927 2281 4992 Hoc·
2308 4947 2435 4990 non
2470 4940 2573 4991 est
2604 4927 2754 4993 leve
2788 4949 2974 5012 prae-

1052 5011 1421 5090 cumn)
1462 5029 1593 5093 quo
1634 5021 1913 5077 testatur
1955 5014 2361 5078 ceremonias
2394 5031 2699 5100 magnam
2740 5011 2974 5078 utilita-
3019 5050 3020 5055 κ
3064 5035 3429 5048 ··-----··-·-

1050 5265 1145 5328 ta)
1178 5263 1391 5326 aboleri}
1427 5264 1569 5318 Editt.
1604 5267 1652 5316 8.
1695 5267 1905 5315 11—13.
1944 5275 1996 5319 et
2030 5269 2175 5330 oppa
2213 5269 2419 5320 abolere

1050 5365 1144 5428 70)
1176 5364 1441 5496 munga
1487 5364 1631 5418 mitt.
1678 5368 1727 5418 8.
1784 5369 1857 5417 11.
1924 5379 2095 5419 errore
2151 5373 2371 5430 typum-2
2450 5367 2766 5431 preeolcandt
2814 5370 2972 5431 (conr.

1046 5531 1141 5594 71)
1176 5531 1533 5596 praeconium]
1571 5531 1657 5584 Ed.
1687 5536 1761 5584 ιι.
1807 5537 1859 5586 et
1906 5533 2059 5597 opp-2
2094 5534 2372 5596 praemium
2410 5533 2597 5598 (male
2632 5531 2973 5603 confectum

3193 5181 3268 5218 a·
3313 5165 3427 5220 Ea.
3464 5170 3511 5220 8.
3561 5165 3667 5220 ubi
3711 5171 3776 5222 in
3811 5168 3934 5235 fine
3983 5142 4278 5226 aerm'co
4329 5187 4360 5221 s
4395 5168 4559 5223 ltabu
4597 5167 4858 5230 excidit,
4905 5171 5000 5222 vel

3183 5237 3388 5352 potius
3419 5248 3497 5286 ex
3523 5235 3647 5302 fine
3681 5233 3856 5290 huius
3875 5235 3980 5289 ltu.
4011 5239 4091 5288 11.
4119 5255 4156 5290 a
4194 5243 4362 5306 typot
4461 5253 4499 5290 a
4535 5235 4695 5290 male
4724 5239 4790 5289 in
4806 5235 4994 5301 finem

3213 5304 3297 5353 tn.
3335 5307 3386 5356 7.
3445 5306 3812 5371 transposita
3871 5310 3986 5366 est,
4047 5310 4413 5374 quapropter·
4470 5307 4534 5357 in
4591 5303 4714 5404 Ιιαο
4771 5303 4995 5376 legitur

3183 5371 4019 5506 ffiaefflnffffilpreoeandffi
4053 5374 4118 5424 in
4148 5371 4256 5424 illa
4273 5386 4412 5425 vero
4438 5371 4629 5426 linea.
4668 5373 4990 5437 praemium]

3056 5538 3149 5600 72)
3186 5539 3570 5602 scholasticum]
3605 5539 3693 5592 Ed.
3733 5541 3807 5591 11.
3843 5539 4170 5594 scolasticum
