5859 6734
515 693 581 796 atre
669 649 672 654 ¹
1141 699 1254 766 rau.
1276 699 1381 768 nun.
1404 699 1589 768 scama
1614 699 1925 764 aceruum..
1979 753 1985 760 .
2448 699 2516 766 eor

518 879 803 950 aielle'elesiarum
814 897 1013 949 nostrarum.
1024 885 1108 950 Nam
1120 885 1181 950 has
1190 905 1312 952 censeo
1323 877 1404 952 vere
1414 907 1491 952 esse
1579 889 1725 952 titionem
1758 888 1988 972 adiungaarns,
2021 889 2076 972 qul
2110 887 2189 952 dixit
2222 884 2304 962 iloh.
2341 887 2394 966 iz,
2428 885 2513 970 17·].=

517 967 583 1046 net
603 965 807 1044 Ecclesiam,
832 981 865 1033 et
886 990 967 1034 vera
993 973 1092 1034 animi
1113 971 1237 1054 pietate
1258 991 1316 1034 eas
1339 991 1492 1049 veneror,
1563 987 1633 1038 ater
1654 971 1826 1036 sanctifica
1848 991 1909 1036 eos
1930 974 1963 1035 in
1985 973 2134 1056 ueritate,
2159 987 2269 1034 sertae
2285 985 2361 1036 tutte
2383 983 2514 1038 estve·

517 1074 581 1117 nec
620 1074 673 1117 me
707 1055 749 1117 ab
784 1056 832 1117 eis
855 1056 1045 1139 seiungam,
1069 1076 1206 1140 meaque
1240 1057 1339 1134 dicta,
1372 1059 1497 1141 scripio
1537 1059 1628 1122 ritas.
1649 1079 1651 1084 ·
1673 1056 1724 1120 Ne
1757 1059 1848 1120 sinas
1881 1057 2030 1140 extingui
2057 1053 2168 1122 lucem
2193 1057 2361 1134 veritatis,
2393 1057 2430 1122 ld
2449 1069 2514 1138 ut,

518 1149 551 1202 et
571 1135 671 1215 facta,
694 1160 807 1203 earum
829 1141 948 1203 indicio
971 1141 1133 1220 permitto.
1162 1139 1270 1224 Saepe
1293 1142 1494 1224 etiamopta-
1536 1139 1709 1226 Evangelii
1730 1144 1787 1205 tui.
1833 1141 1873 1204 Et
1894 1142 1984 1204 addit
2009 1143 2099 1219 [ibid.
2124 1161 2176 1203 vs.
2199 1140 2282 1216 ‘ilde
2306 1139 2379 1206 Sint
2400 1149 2513 1222 unum,

520 1223 553 1286 vi
586 1220 691 1300 alios,
737 1226 791 1306 qui
826 1222 1026 1287 antecellunt
1070 1225 1251 1289 eruditione
1284 1237 1317 1288 et
1362 1226 1494 1302 iudicio,
1538 1228 1623 1289 sicut
1645 1239 1676 1287 et
1698 1246 1759 1288 nos
1781 1246 1880 1289 unum
1902 1245 2027 1288 sumus.
2073 1224 2215 1288 Primum
2238 1226 2414 1290 nobiscum
2433 1247 2513 1292 con-

518 1311 757 1372 communicato
797 1308 953 1386 consilio,
997 1321 1030 1371 et
1068 1307 1199 1373 collatis
1243 1311 1413 1374 sententiis
1452 1312 1494 1374 de
1538 1313 1635 1374 iuncti
1659 1312 1735 1387 sint,
1758 1311 1876 1373 deinde
1897 1310 1981 1372 inter
2003 1329 2079 1372 sese
2101 1309 2417 1388 sintconcor·des,et
2434 1331 2512 1376 can-

517 1395 618 1458 rebus
641 1394 735 1476 ipsis,
759 1407 789 1456 et
810 1395 851 1456 de
873 1391 988 1457 sorniis
1003 1392 1182 1478 loquendi,
1229 1397 1298 1458 ravi
1319 1396 1494 1459 autoritate
1538 1392 1646 1458 sulani
1668 1397 1742 1478 paci
1764 1397 1901 1469 verae-⁵)
1925 1392 2108 1471 Ecclesiae,
2133 1395 2226 1456 iustis
2251 1390 2377 1458 officiis.
2426 1393 2510 1460 llor-

518 1476 586 1541 tale
607 1475 742 1561 aliquod
765 1499 848 1560 opus
872 1479 1026 1555 condere,
1050 1478 1138 1563 quod
1161 1416 1275 1541 ordline
1296 1479 1493 1625 praecipuas
1538 1493 1590 1543 tor
1620 1493 1652 1542 et
1681 1477 1916 1543 scholasticum
1944 1499 2096 1563 gregem,
2129 1491 2163 1542 ut
2192 1480 2351 1562 cogitent,
2384 1500 2447 1563 qua
2474 1481 2508 1544 in

517 1563 671 1625 materias
712 1563 880 1626 doctrinae
911 1560 1171 1626 Ecclesiasticae
1208 1584 1302 1646 cornp
1318 1576 1492 1627 ecteretur.
1538 1565 1679 1628 statione
1701 1564 1808 1627 aDeo
1831 1560 1985 1627 collocati
2004 1566 2079 1640 sint,
2102 1576 2133 1626 ct
2155 1564 2263 1626 sciant
2284 1583 2320 1627 se
2335 1561 2509 1628 Ecclesiae

516 1645 672 1710 Dicerem
704 1646 791 1710 hanc
821 1668 890 1710 rcm
924 1668 1023 1711 curae
1056 1667 1133 1710 esse
1159 1648 1281 1711 debere
1302 1650 1365 1732 piis
1387 1660 1421 1710 et
1441 1669 1494 1711 sa·
1536 1647 1600 1714 Dei
1632 1649 1809 1712 seminaria
1842 1667 1928 1711 esse.
1973 1648 2057 1710 Nam
2091 1667 2130 1710 ex
2161 1645 2226 1709 hoc
2248 1668 2383 1710 numero
2407 1645 2509 1712 Filius

517 1733 682 1814 pientibus
694 1730 913 1814 Principibus,
936 1733 1128 1815 praesertim
1150 1732 1182 1793 in
1204 1742 1295 1795 tanta
1311 1743 1493 1816 temporum
1536 1731 1599 1796 Dei
1627 1751 1775 1817 regnans
1802 1735 1844 1796 ad
1874 1733 2022 1796 dextram
2051 1733 2176 1795 aeterni
2199 1730 2323 1809 Patris,
2355 1753 2396 1796 ac
2424 1735 2512 1797 dona

518 1813 724 1880 confusione.
769 1816 836 1879 Sed
872 1818 1019 1880 videmus
1041 1814 1226 1880 Ecclesiam
1254 1838 1319 1879 non
1343 1819 1412 1900 regi
1434 1815 1493 1880 hu·
1537 1819 1621 1882 dans
1642 1815 1840 1895 hominibus,
1862 1814 2014 1882 videlicet
2037 1827 2190 1899 pastores
2213 1829 2244 1879 et
2268 1816 2435 1895 doctores,
2458 1838 2512 1882 su·

516 1902 624 1966 manis
646 1899 805 1964 consiliis.
838 1901 908 1964 Oro
930 1903 1028 1985 igitur
1048 1900 1161 1965 Deum:
1177 1913 1350 1966 aeternum
1358 1901 1493 1966 Patrem
1536 1903 1594 1968 mit
1620 1899 1713 1966 Evan
1739 1899 1792 1966 elii
1825 1903 2009 1980 ministros,
2043 1917 2127 1984 qnos
2160 1903 2352 1984 praeparari
2384 1899 2457 1966 vult
2478 1904 2512 1964 in

516 1983 649 2050 Domini
668 1989 772 2049 nostri
795 1986 871 2050 lesu
891 1985 1027 2066 Christi,
1049 1999 1084 2049 ut
1105 1997 1240 2068 propter
1259 1983 1377 2050 Filium
1397 2005 1493 2050 snum
1538 1981 1675 2052 scholis.
1750 2007 1790 2050 os
1824 2006 1899 2049 esse
1933 1987 2089 2050 custodes
2118 1983 2275 2048 librorum
2297 1983 2512 2068 Prophetico·

517 2068 694 2134 Dominum
727 2083 879 2134 nostrum
910 2069 1018 2135 lesuin
1040 2069 1227 2148 Christum,
1260 2091 1363 2156 quem
1389 2067 1491 2134 voluit
1538 2085 1616 2136 rum
1631 2083 1664 2135 ei
1685 2069 1973 2153 Apostolicorum,
2006 2079 2039 2133 et
2061 2083 2213 2133 verorum
2236 2070 2427 2155 dogmatum
2448 2069 2511 2134 Eo

518 2175 594 2218 esse
617 2175 677 2238 pro
699 2158 795 2219 nobis
818 2157 1000 2234 victimam,
1023 2161 1073 2217 xci
1093 2164 1215 2232 μεσίτην
1236 2161 1287 2218 καὶ
1305 2163 1408 2234 ἱκέτην,
1430 2155 1493 2219 Ec·
1538 2155 1662 2220 clasiae
1690 2153 1803 2219 voluit.
1849 2155 1960 2226 Quare
1994 2153 2194 2241 diligentiam
2229 2167 2261 2217 et
2295 2153 2392 2219 iidem
2420 2157 2453 2218 in
2477 2176 2514 2220 re

518 2237 652 2303 clesiam
679 2242 743 2303 sibi
766 2237 914 2325 colligat,
937 2254 1033 2327 regat
1055 2253 1087 2302 et
1109 2252 1234 2317 servet,
1250 2253 1284 2304 et
1304 2239 1492 2304 docentium
1538 2243 1681 2306 omniun
1702 2241 1854 2317 maxima,
1864 2238 1952 2318 Deo,
1962 2238 2147 2316 Ecclesiae,
2169 2251 2201 2302 et
2223 2239 2407 2320 posteritati
2418 2260 2515 2324 prae·

518 2337 550 2387 et
572 2324 766 2389 discentium
790 2341 918 2388 mentes
941 2329 1120 2410 gubernet,
1148 2323 1260 2388 studia
1280 2325 1426 2402 adiuvet,
1460 2335 1493 2386 et
1537 2337 1674 2401 stemus,
1696 2325 2099 2408 veritateminquiramuS,
2121 2343 2279 2400 amenius,
2302 2336 2462 2400 tueamur,
2481 2339 2514 2387 et

517 2409 559 2472 ad
586 2411 758 2474 veritatem
780 2423 813 2473 et
836 2411 1034 2474 concordiae
1054 2429 1201 2474 arborem
1221 2408 1344 2472 mtdtos
1367 2409 1490 2473 flectat.
1536 2410 1578 2473 ad
1611 2421 1765 2491 posteros
1791 2411 1923 2473 incorru
1947 2420 2012 2472 tum
2035 2409 2303 2472 transmittamus.
2349 2407 2515 2472 Witeber·

517 2491 553 2556 ld
575 2515 650 2557 curn
671 2491 824 2558 Christus
847 2496 879 2557 in
901 2513 1009 2579 agone
1031 2515 1098 2558 suo·
1115 2503 1272 2576 precatus
1294 2493 1353 2570 sit,
1375 2505 1494 2556 nostra
1537 2513 1610 2580 gae,
1633 2493 1731 2557 Anne
1752 2485 1797 2556 iii.
1820 2492 1862 2557 D.
1947 2491 1998 2555 llh
2011 2491 2039 2565 θ)

518 2589 593 2640 vota
622 2590 654 2641 et
681 2592 815 2642 nostros
844 2582 985 2663 gemitus
1013 2580 1055 2642 ad
1076 2578 1172 2642 huius
1194 2581 1300 2642 nostri
1321 2576 1490 2641 Pontificis
1597 2605 1599 2610 v

1367 2863 1656 2884 ffl———oq

698 3189 830 3278 Loci
862 3188 1209 3277 THEOLOGICI
1239 3189 1513 3276 COLLECTI
1543 3195 1585 3274 A
1616 3185 1877 3274 PHtLiPPt)
1909 3181 2308 3274 hathamoda

850 3419 1163 3501 PRAEFAT10.⁷)
1536 3425 1651 3507 primis
1681 3426 1824 3503 notitiis,
1857 3440 1941 3508 quae
1974 3433 2133 3487 vocantur
2164 3421 2332 3504 principia·
2381 3417 2441 3482 llic
2474 3423 2509 3484 in

1537 3509 1687 3576 doctrina
1706 3508 1880 3574 Ecclesiae
1900 3521 2027 3573 tanturn
2050 3508 2131 3572 ordo
2220 3506 2338 3582 alitur,
2363 3521 2430 3567 non
2451 3502 2511 3568 illa

603 3595 654 3660 lta
681 3593 804 3660 conditi
830 3607 909 3658 sunt
934 3593 1085 3658 homines
1113 3609 1138 3656 a
1155 3589 1246 3670 ileo,
1275 3605 1310 3654 ut
1338 3611 1493 3656 numeros
1535 3594 1709 3662 methodus
1737 3595 2002 3660 demonstrativa.
2046 3591 2130 3654 Nam
2182 3609 2243 3654 aee
2269 3591 2424 3654 doctrina
2445 3585 2510 3653 Ec·

517 3695 552 3748 et
573 3681 722 3747 aranon
741 3677 927 3766 intelligant
955 3691 987 3744 et
1007 3683 1040 3743 in
1064 3680 1228 3741 discendo·
1245 3674 1382 3740 multum
1403 3689 1493 3742 ntra-
1536 3676 1659 3744 clasiae
1687 3699 1753 3743 non
1781 3699 1821 3742 ex
1844 3673 2182 3742 demonstrationibus
2202 3677 2363 3751 sumitur,
2384 3677 2445 3740 sed
2468 3695 2508 3738 es

518 3787 643 3852 quere,
664 3765 856 3832 mmedeet
872 3767 999 3841 ordine,
1011 3765 1216 3828 adiuventur.
1251 3759 1361 3831 Quare
1372 3764 1406 3824 in
1417 3764 1493 3825 arti·
1536 3765 1650 3842 dictis,
1684 3784 1768 3849 qnae
1789 3763 1882 3826 Deus
1912 3765 2012 3826 certis
2040 3773 2074 3825 et
2099 3758 2289 3824 illustribus·
2311 3762 2506 3824 testimoniis

519 3855 583 3918 baa
611 3851 780 3916 tradendis
806 3847 964 3934 singulari
992 3870 1069 3912 cura
1093 3857 1295 3909 monstratur
1317 3846 1399 3909 ordo
1420 3866 1495 3928 par·
1535 3851 1667 3913 tradidit
1689 3848 1800 3934 generi
1823 3847 1976 3926 humano,
1997 3865 2057 3931 per
2074 3865 2160 3931 quae
2181 3848 2339 3908 inratensa
2361 3847 2507 3908 bonitate

518 3938 598 4002 tium
625 3949 659 4000 et
687 3935 873 4000 indicantur
894 3936 1002 4010 initia,
1033 3932 1288 4014 progressiones
1318 3941 1351 3992 et
1376 3943 1494 3994 metae.
1512 3891 1516 3986 l
1536 3953 1573 3998 se
1596 3945 1628 3997 et
1650 3953 1743 3997 snam
1768 3931 1968 3998 voluntatem
1991 3931 2156 4016 patefecit.

520 4021 615 4086 llanc
636 4017 823 4104 explicandi
843 4015 983 4082 sormam
999 4019 1033 4080 in
1051 4013 1266 4098 Philosophia
1288 4027 1407 4078 vocant
1425 4013 1495 4079 lile·
1621 4018 1672 4082 Ac
1689 4031 1725 4082 ut
1743 4020 1774 4082 in
1786 4015 2000 4102 Philosophia
2017 4027 2217 4101 quaerantur-
2233 4027 2325 4079 certa
2339 4028 2371 4078 et
2384 4017 2506 4077 discer-

519 4105 673 4183 tbodum,
702 4105 764 4168 sed
792 4101 876 4168 haec
898 4105 929 4165 in
952 4104 993 4166 iis
1014 4103 1156 4178 artibus,
1186 4117 1271 4183 quae
1293 4100 1495 4164 demonstra·
1535 4115 1656 4168 nuntur
1677 4106 1718 4167 ab
1740 4106 1886 4180 incertis,
1898 4115 1931 4167 et
1943 4123 2086 4167 caussae
2097 4101 2300 4166 certitudinis
2312 4098 2506 4183 senil-{xpe

519 4193 663 4256 tionibus
686 4201 893 4266 extruuntur,
914 4186 1011 4251 aliter
1033 4206 1129 4271 qaam
1154 4186 1186 4248 in
1208 4185 1358 4247 doctrina
1379 4183 1495 4248 Eccle-
1536 4191 1653 4253 rientia
1672 4186 1880 4262 aniversalis,
1893 4188 2056 4272 Principia
2074 4185 2445 4258 etllentonsttationes3
2462 4186 2508 4247 ita

520 4279 592 4342 alae
612 4277 801 4340 instituitur.
842 4274 926 4338 Nam
949 4271 1203 4338 demonstrativa
1224 4268 1398 4334 methodus
1419 4289 1496 4353 pro·
1535 4278 1567 4338 in
1591 4276 1739 4339 doctrina
1749 4271 1924 4337 Ecclesiae
1947 4271 2148 4336 certitudinis
2172 4287 2294 4334 caussa
2316 4283 2368 4334 est
2381 4267 2508 4333 revela·

520 4363 670 4450 &reditur
696 4363 740 4426 ab
766 4363 823 4438 litt,
858 4379 942 4444 quae
970 4359 1084 4422 semul
1114 4359 1262 4420 sublimn
1291 4367 1384 4430 sunt,
1416 4368 1450 4419 et
1475 4375 1497 4419 a
1536 4362 1581 4425 tio
1592 4357 1666 4438 Dei,
1689 4371 1719 4422 et
1743 4359 2016 4422 considerandam
2029 4369 2092 4433 est,
2126 4374 2189 4420 nae
2206 4357 2417 4420 sententiaea
2432 4353 2508 4416 Deo

1537 4446 1677 4509 traditae
1698 4446 1773 4507 sint.
1817 4441 1863 4506 Ut
1884 4454 1974 4506 certo
1996 4455 2046 4505 est
2070 4377 2203 4505 colibet
2224 4461 2307 4504 sano
2329 4439 2413 4503 haec
2434 4457 2509 4502 sen·

1535 4531 1653 4595 tentia:
1679 4529 1738 4592 Bis
1761 4540 1903 4612 quatuor
1913 4528 1946 4609 ⁸)
1976 4538 2052 4590 sunt
2074 4538 2163 4603 octo,
2175 4529 2206 4606 ⁸)
2236 4539 2287 4589 est
2309 4525 2394 4588 enim
2417 4535 2510 4589 natu·

542 4621 573 4682 5)
592 4623 680 4685 remei
700 4622 744 4672 Ed·
768 4623 788 4671 ¹·
807 4631 866 4668 mre
1536 4612 1615 4679 ralis
1638 4616 1752 4678 notitia
1774 4627 1809 4676 ut
1831 4614 2081 4697 principiorun13
2104 4613 2149 4674 ita
2168 4614 2233 4674 sint
2254 4612 2334 4675 certi
2356 4610 2453 4673 nobis
2476 4621 2509 4671 et

547 4723 576 4782 ai
594 4724 662 4774 iinn
679 4723 814 4782 epistolam
842 4721 876 4772 ni
903 4721 1024 4770 tectorem
1055 4719 1079 4768 ia
1097 4718 1139 4769 int.
1160 4717 1200 4764 25.
1227 4727 1357 4776 nequeat
1375 4715 1399 4764 in
1419 4713 1495 4764 Editt.
1535 4702 1657 4765 immoti
1676 4696 1804 4762 articuli
1824 4698 1910 4773 fidei,
1934 4697 2201 4760 comminationes
2220 4709 2250 4758 et
2270 4695 2510 4778 promissiones

589 4791 620 4840 ¹⁵
634 4817 665 4825 -
682 4791 720 4836 ¹⁷·
737 4789 849 4838 ²⁰4²·
862 4787 904 4836 ²⁴·
916 4788 958 4836 ²⁸·
976 4786 1018 4834 ²9·
1036 4783 1146 4833 31-33·
1165 4782 1497 4844 iulstiffliiiuil'wm
1536 4788 1682 4862 divinae,
1709 4785 1755 4847 ita
1778 4795 1904 4847 certum
1927 4783 1981 4856 sit,
2004 4783 2113 4865 agenti
2135 4781 2367 4864 poenitentiam
2390 4780 2510 4842 remitti

589 4859 690 4911 mn·
725 4857 941 4920 (mmm
974 4857 1004 4906 ‘l
1032 4851 1224 4916 mmm
1257 4851 1392 4912 mmm)
1418 4855 1495 4910 “¹⁰⁰²
1536 4883 1674 4955 peccata
1696 4879 1831 4952 propter
1848 4863 1948 4931 filium
1960 4866 2036 4944 Dei,
2058 4866 2203 4930 exaudiri
2225 4883 2263 4928 se
2285 4879 2317 4929 et
2339 4866 2408 4926 lieri
2431 4862 2512 4927 hae-

589 4923 1023 5056 ffi'ffffimpffiffssmffiffl
1038 4917 1495 5052 fflffisulffflugfflgfffi}
1534 4958 1645 5020 redcat
1658 4958 1686 5026 ⁹)
1720 4955 1806 5016 vitae
1835 4963 2000 5017 aeternae.
2052 4950 2119 5016 Sed
2141 4971 2282 5016 caussae
2304 4949 2513 5013 certitudinis

587 5063 697 5126 denique
716 5061 759 5112 iiia
778 5063 874 5114 Graec.
891 5057 958 5112 dict.
976 5055 1133 5120 andario
1149 5061 1177 5106 et
1193 5055 1344 5116 Perimam
1368 5051 1394 5102 tn
1411 5051 1454 5102 Ed.
1472 5055 1495 5103 a.
1535 5043 1688 5104 diversae
1715 5051 1803 5100 sunt.
1853 5037 2055 5102 Sententiam
2084 5038 2126 5099 de
2153 5037 2297 5100 tremoris
2325 5053 2418 5098 mens
2447 5053 2512 5096 suo

587 5131 723 5194 Qssl⁰¹⁸¹¹¹
753 5129 945 5192 iubs‘bilbili'
965 5125 1023 5180 ἀνθ
1041 5123 1150 5178 Mic&
1166 5127 1194 5174 ²⁸
1211 5123 1343 5176 ΨΜ·
1361 5119 1428 5172 ‘¹⁸0‘-
1446 5131 1495 5170 θὶ-
1535 5125 1655 5188 iudicio
1685 5123 1782 5186 videt.
1827 5123 1871 5186 At
1898 5117 2029 5188 articuli
2058 5120 2132 5184 iidel
2161 5122 2241 5185 certi
2269 5129 2347 5184 sunt
2372 5131 2513 5204 propter

580 5185 1494 5328 ffiffiwffi'ftEffssss‘ffffiffl‘glfflmfffflauffiuzfntffhffix§¹1:ssss
1536 5206 1785 5286 revelationem,
1813 5229 1898 5294 quae
1927 5209 2028 5274 certis
2051 5219 2084 5270 et
2104 5203 2288 5272 illustribus
2310 5205 2511 5269 testimoniis

586 5348 613 5398 p
626 5335 677 5388 595
696 5346 734 5397 sq.
752 5331 929 5397 propositam).
946 5331 1015 5384 iiaec
1031 5331 1079 5382 hoe
1096 5327 1198 5391 quidem
1216 5327 1272 5378 ioco
1291 5323 1439 5402 annitimur.

543 5437 574 5501 ti
591 5438 661 5490 lianc
678 5437 868 5498 inscriptionem
884 5432 1048 5496 praecedenti
1065 5429 1162 5482 addant
1179 5428 1251 5480 Editt
1268 5427 1293 5474 ti.
1311 5425 1337 5474 ti.
1349 5425 1374 5472 i.
1393 5425 1431 5472 ia.
1454 5424 1493 5471 14.
1551 5453 1581 5514 Β)
1600 5455 1732 5516 ‘mmm'
1753 5485 1758 5498 ,
1778 5451 1845 5514 ⁰⁶²⁰l
1865 5417 1939 5500 mim
1960 5446 2033 5496 i-b.
2053 5447 2163 5498 mem:
2180 5448 2197 5494 4
2217 5480 2222 5491 ι
2244 5447 2284 5518 ..9

585 5506 699 5632 'hmo
718 5505 759 5553 ¹23.
779 5503 896 5550 ppos„
916 5501 986 5563 corp,
1006 5501 1093 5550 1-s.:
1112 5501 1137 5550 ia
1155 5497 1248 5548 ceteris
1266 5494 1322 5545 saia
1334 5490 1493 5554 praecedens
1550 5555 1579 5614 ω
1597 5551 1748 5617 mmm]
1769 5552 1842 5604 mm
1860 5549 1901 5596 ᾖ.
1920 5549 1960 5597 24.
1981 5547 2020 5596 2⁸·
2041 5545 2081 5595 ῃ.
2100 5545 2210 5595 31-33.
2235 5545 2420 5596 mmmm

515 4531 717 4552 ὓ*
