5859 6734
440 755 506 822 fflil
931 773 959 804 ‘·
992 753 1300 822 ἶ’··Ρ1111ι.1ἱίΕΙί.
1321 749 1802 822 seems-noetianos.
2367 751 2433 817 tort

443 943 485 1006 da
510 939 576 1005 hoc
607 953 785 1025 praecepto
818 941 1021 1006 sentiendum
1044 951 1133 1006 -est'
1159 941 1249 1006 Satis
1279 953 1412 1007 constat
1453 944 1700 1008 otor-amomnis
1712 941 1862 1028 generis,
1879 941 1972 1004 iuxta·
1986 939 2107 1004 dictum
2118 935 2240 1002 Psalmi
2263 936 2330 1016 [38‚
2344 939 2431 1017 121:

442 1044 628 1176 ffinmposse
648 1024 1078 1175 iiepidinvocpitionem,cpiisi
1098 1025 1412 1175 ag'nitplllpdiatorte
1453 1027 1592 1112 Propter
1612 1021 1810 1110 iniquitatem
1832 1025 1972 1106 corripis
1994 1020 2080 1126 lilios
2101 1021 2277 1090 hominmn.

555 1129 690 1176 osroe
736 1133 756 1176 e
801 1128 997 1176 raaruma
1042 1129 1409 1175 ouesenronumes.

442 1194 522 1260 ltem
542 1198 576 1260 in
597 1129 891 1262 ministeriogcerte
917 1213 1058 1260 necesse
1079 1205 1131 1258 est
1151 1196 1237 1259 tradi
1258 1195 1410 1281 Evange·
1672 1193 1733 1258 DE
1754 1191 1911 1258 TERTIO
1934 1190 2203 1258 praecerat).

442 1277 521 1346 bum
538 1281 580 1344 de
602 1278 669 1343 lilio
681 1278 745 1345 Dei
766 1294 829 1346 etc.
862 1280 915 1343 De
938 1281 947 1298 ⁰
971 1297 1014 1344 ae
1033 1290 1071 1344 ut
1093 1293 1195 1362 supra
1215 1281 1291 1360 diui,
1314 1299 1410 1362 opor·
1514 1357 1518 1364 ¹
1675 1317 1680 1326 -
1782 1301 1784 1306 ·

442 1367 567 1442 ter-effi)
601 1367 737 1449 primum
776 1362 942 1449 apprehen
964 1367 980 1428 i·
1013 1363 1313 1430 reconciliationem
1350 1383 1412 1446 per
1538 1361 1582 1427 Ut
1614 1365 1647 1427 in
1678 1365 1782 1445 primo
1813 1364 1977 1427 docentur·
1995 1381 2097 1444 opera
2119 1363 2272 1426 interiora
2294 1363 2421 1436 mentis,

442 1446 544 1513 iillum
564 1447 628 1512 Dei
649 1449 813 1526 donatam,
830 1462 946 1533 postea
968 1468 1049 1513 vero
1069 1448 1204 1531 placere
1224 1449 1411 1512 inchoatam
1453 1445 1630 1511 voluntatis
1663 1459 1695 1510 et
1728 1449 1838 1510 cordis
1872 1465 1951 1532 erga
1972 1445 2094 1523 Deum,
2123 1448 2156 1510 in
2180 1448 2332 1510 secundo¹
2346 1465 2423 1530 pro·

443 1533 678 1607 obediontiam3
721 1534 811 1599 ldem
839 1535 880 1596 de
909 1534 1028 1597 ceteris
1060 1534 1248 1617 praeceptis
1270 1535 1411 1597 sentien·
1453 1530 1557 1596 fessio
1580 1531 1803 1606 externa31ta
1827 1529 1933 1596 hicin
1957 1529 2422 1614 tertiotraditurpraeceptum

442 1619 519 1682 dum
552 1629 610 1682 est.
655 1616 698 1681 Et
729 1639 830 1703 opera
863 1629 1048 1683 ceterorum
1084 1631 1334 1701 praeceptorum
1365 1619 1412 1681 ita
1453 1617 1495 1679 de
1517 1615 1718 1680 (bremoniis
1740 1617 1893 1680 divinitus
1915 1617 2090 1691 institutis,
2113 1617 2174 1680 serl
2195 1617 2310 1680 harum
2331 1621 2424 1699 prae*

440 1698 574 1786 placent
593 1700 685 1781 Deo,
717 1713 750 1766 et
781 1701 863 1767 liunt
883 1700 993 1768 cultus
1013 1700 1098 1780 Dei,
1115 1723 1191 1768 eum
1234 1702 1411 1765 raecedunt
1454 1701 1569 1784 cipuus
1592 1699 1667 1763 finis
1689 1697 1921 1785 intelligendus
1945 1710 2007 1764 est.
2046 1697 2264 1764 Ceremoniae
2286 1702 2427 1764 traditae

442 1805 544 1869 opera
563 1788 657 1870 priori
677 1786 861 1870 Praecepti,
895 1789 991 1851 timor
1013 1799 1045 1850 et
1066 1788 1161 1852 tides.
1206 1725 1263 1852 hic
1286 1785 1411 1870 reliqua
1452 1797 1529 1849 sunt
1560 1796 1694 1869 propter
1722 1786 1931 1849 ministerium
1954 1785 2109 1861 docendi,
2140 1797 2171 1848 et
2194 1797 2270 1849 sant
2292 1785 2429 1848 admini-

442 1867 524 1935 fiunt
555 1869 718 1936 sacrificia
749 1867 856 1936 laudis
888 1883 921 1936 et
947 1869 1032 1976 D⁰.⁰.'
1055 1870 1200 1974 placent,
1233 1872 1410 1974 praecipue
1453 1867 1533 1932 cula·
1548 1869 1646 1973 huius
1668 1865 1855 1934 functionis.
1899 1868 1993 1972 Ergo
2011 1882 2222 1972 praeceptum
2244 1869 2428 1971 deSabba·

1451 1955 2429 2188 tertuumturritum

465 2145 550 2189 ceo
595 2144 660 2189 osr
767 2147 790 2192 u
841 2144 1060 2205 ,ernomen
1282 2143 1409 2190 oceo.
1555 2145 1610 2187 re.
1646 2142 1697 2187 eo
1725 2145 1746 2188 o
1786 2145 1806 2186 n
1845 2143 1948 2200 m,se
1978 2143 2168 2187 nomrnarm
2203 2144 2221 2186 e
2259 2143 2347 2186 aner
2415 2159 2430 2173 ·

1451 2199 1552 2272 tione.
1597 2205 1677 2271 Vult
1698 2223 1739 2271 eo
1762 2208 1814 2271 die
1836 2219 1951 2270 sancta
1974 2227 2076 2291 opere
2098 2208 2180 2284 fieri,
2206 2209 2238 2271 id
2262 2221 2324 2285 est,
2349 2227 2429 2290 pro-

484 2297 692 2382 P⁰⁰⁰³i³
723 2313 892 2383 ⁰⁰¹¹i¹⁸
922 2299 1191 2398 “iunium
1228 2290 1390 2409 Prie*
1450 2288 2429 2442 sinisteritatis,dtttt÷t⁰¹³¹¹listi⁰ts

815 2465 1019 2564 ceptum,
1275 2449 1280 2502 Ῐ
1384 2475 1392 2502 ³
1452 2459 1570 2545 aliquis
1603 2461 1673 2525 dies
1706 2463 1749 2525 sit
1782 2463 1975 2526 destinatus.
2021 2459 2111 2524 llaec
2137 2459 2325 2544 principalis
2349 2479 2429 2526 sen-

568 2627 571 2632 ·
1006 2563 1009 2568 ·
1235 2557 1238 2562 ·
1451 2547 1554 2610 tentia
1571 2549 1712 2629 pertinet
1733 2548 1775 2610 ad
1798 2566 1912 2610 omnes
1934 2545 2425 2636 hominesctomnietenrpora,

525 2633 709 2698 Antithesis
748 2635 864 2698 eadem
902 2646 973 2710 est,
1014 2652 1099 2716 quae
1133 2643 1185 2696 est
1212 2635 1409 2716 superioris
1451 2632 1527 2714 qula
1560 2641 1612 2694 est
1633 2631 1705 2696 hex
1736 2643 1883 2695 naturae.
1928 2629 2102 2696 Caeterum
2125 2632 2166 2694 de
2189 2633 2427 2695 observatione

441 2720 619 2802 praecepti,
637 2739 710 2782 cum
730 2719 808 2782 vitia
820 2718 941 2795 cordis,
956 2725 1048 2802 'quae
1058 2734 1159 2800 supra
1169 2718 1409 2793 recensuimus,
1451 2716 1578 2796 septimi
1599 2717 1662 2779 diei
1695 2725 1835 2792 constat,
1858 2716 2026 2800 abrogatis
2049 2717 2243 2780 ceremoniis
2255 2716 2426 2794 Leviticis,

440 2800 660 2887 proferuntur.
703 2802 858 2888 Pugnant
883 2821 964 2888 ergo
985 2813 1061 2866 ¹cum
1081 2799 1148 2864 hoc
1164 2803 1318 2866 mandato
1340 2819 1409 2863 ser-
1451 2801 1545 2862 etiam
1565 2798 1653 2864 hanc
1674 2801 1891 2864 ceremoniam
1913 2819 1990 2862 esse
2010 2810 2184 2877 mutatam,
2206 2811 2242 2864 ut
2264 2798 2355 2864 clare
2378 2802 2427 2867 di-·

441 2907 555 2952 mones
577 2885 605 2950 E
628 2889 747 2966 lcurei,
780 2888 906 2951 externi
928 2884 1034 2950 cultus
1057 2887 1154 2968 impii,
1176 2887 1296 2968 impiae
1316 2887 1409 2949 invo·
1452 2885 1536 2946 citur
1558 2879 1631 2946 cot.
1645 2887 1685 2947 9.
1709 2891 1772 2962 [vs.
1791 2883 1855 2962 164
1877 2883 1982 2950 Recte
2004 2885 2102 2968 igitur
2124 2885 2253 2963 dicitur,
2271 2887 2303 2948 in
2326 2887 2426 2950 tertio

440 2973 586 3036 (udones
638 2990 820 3048 aemonam,
841 2968 1005 3035 idolorum
1027 2981 1059 3034 et
1080 2981 1299 3048 mortuorum,
1321 2967 1409 3032 falsa
1450 2979 1632 3052 praecepto
1664 2971 1748 3034 duas
1781 2987 1857 3032 esse
1903 2979 2003 3045 ortes,
2037 2990 2136 3033 unam
2157 2969 2339 3034 naturalem
2362 2991 2424 3036 seo

440 3056 601 3134 domrina,
622 3057 774 3139 periuria,
807 3057 1035 3122 execrationes
1063 3056 1214 3132 Iniustas,
1237 3073 1408 3118 sermones
1451 3047 1608 3116 moralem
1630 3073 1690 3118 seu
1712 3073 1828 3139 genus,
1852 2987 1954 3117 chara
1975 3073 2054 3136 pars
2077 3066 2128 3118 est
2151 3057 2334 3119 ceremonia
2345 3077 2424 3138 pro·

439 3161 515 3207 arro
582 3142 658 3205 tiam
680 3151 735 3205 aut
756 3141 987 3224 impatientiam
1009 3135 1235 3218 declarantes,
1263 3151 1300 3204 ut
1321 3141 1409 3202 dixe-
1450 3140 1522 3221 pria
1542 3136 1664 3221 populo
1687 3137 1801 3215 lsrael,
1825 3153 1885 3202 seu
1906 3142 2034 3223 species
2058 3139 2099 3202 de
2121 3140 2174 3203 die
2191 3142 2337 3222 septimo.
2367 3139 2422 3204 De

440 3238 491 3292 rat
543 3226 609 3303 iax,
632 3245 671 3290 se
702 3227 799 3290 etiarn
830 3227 904 3288 sine
925 3223 998 3288 Deo
1019 3225 1154 3288 vincere
1171 3243 1285 3307 posse.
1329 3224 1408 3286 Item
1450 3224 1563 3306 priore
1585 3223 1720 3301 dicitur,
1749 3220 1898 3287 naturale
1921 3243 1981 3288 seu
2004 3243 2110 3307 genus
2133 3243 2208 3288 esse
2227 3234 2419 3308 perpetuum

439 3311 685 3376 usitatissimum
704 3307 837 3388 malum,
858 3319 1052 3393 praeterere
1077 3325 1197 3373 nomen
1219 3307 1283 3372 Dei
1290 3355 1300 3388 ,
1333 3307 1408 3372 reli·
1452 3319 1484 3371 et
1505 3326 1571 3370 non
1593 3325 1704 3392 posse·
1717 3310 1880 3392 abrogari,
1904 3307 2059 3373 videlicet
2078 3311 2265 3374 mandatum
2287 3309 2328 3372 de
2341 3329 2420 3372 con·

438 3395 562 3484 gloriis,
582 3392 772 3478 Evangelii,
794 3395 925 3468 hriustis
946 3394 1196 3478 cupiditatibus,
1230 3394 1407 3470 ambitioni,
1451 3394 1616 3456 servando
1638 3391 1989 3476 ministerio-publico,
2012 3394 2078 3470 sic,
2100 3405 2137 3458 ut
2157 3392 2267 3477 aliquo
2290 3395 2342 3458 die
2363 3415 2422 3478 po-

438 3481 615 3557 avarltiae,
644 3477 853 3557 libidinibus,¹
870 3478 963 3542 odiis
1006 3477 1098 3560 Papa
1121 3476 1216 3543 titulo
1239 3477 1408 3541 ministerii
1449 3474 1547 3560 palus
1571 3479 1729 3542 doceatur·
1751 3489 1783 3542 et
1797 3481 2003 3543 cerernonlae
2015 3479 2169 3543 diviuitas
2180 3480 2350 3542 institutae
2365 3499 2421 3542 ex-

438 3565 600 3652 quaesivit
627 3563 821 3648 potentiam,
853 3563 955 3628 movit
982 3563 1102 3626 iniusta
1135 3559 1239 3641 bella,
1271 3561 1408 3626 instituit
1450 3571 1638 3638 erceantur3
1660 3564 1796 3646 Species
1820 3581 1911 3640 vero,
1933 3579 2020 3647 quae
2030 3565 2217 3628 nominatim
2230 3565 2272 3627 de
2283 3565 2420 3648 septimo

437 3651 576 3734 aucupia
606 3648 803 3732 infinitaeffi)
836 3649 1006 3732 pecuniae,
1035 3645 1123 3712 idola
1156 3659 1189 3712 et
1221 3645 1295 3711 alia.
1339 3645 1407 3710 lam
1450 3646 1503 3709 die
1523 3643 1678 3730 loquitur,
1700 3651 1860 3732 abrogata
1881 3657 1942 3710 est.

439 3736 524 3800 haec
556 3744 649 3806 aetas
682 3733 778 3798 etiam
810 3731 916 3798 titulo·
932 3729 1119 3818 ¹Evangelii}
1139 3749 1241 3814 saepe
1260 3733 1406 3814 privatas
1536 3731 1712 3795 Disccmus
1741 3751 1823 3816 ergo
1853 3751 1931 3796 vere
1952 3731 2006 3797 hic
2027 3736 2173 3818 praecipi
2197 3736 2420 3798 conservatio

439 3821 633 3906 cupiditates
654 3819 745 3904 tegit.
769 3817 944 3883 Pertinent·
961 3817 1027 3882 huc
1050 3827 1083 3880 et
1106 3815 1265 3880 scandala
1287 3817 1406 3892 omnia,
1449 3835 1525 3878 nem
1546 3814 1669 3897 publici
1691 3817 1858 3879 ministerii
1880 3829 1912 3881 et
1934 3819 2201 3895 ceremoniarum,
2225 3839 2307 3903 quas
2327 3819 2419 3883 Deus

439 3925 536 3989 quae.
556 3901 610 3968 vel
643 3903 794 3968 sauciant
821 3901 965 3967 infirmas
997 3913 1134 3980 mentes,
1166 3911 1199 3965 et
1219 3899 1317 3980 fidem
1338 3897 1407 3964 lan-
1448 3902 1602 3976 instituit,
1624 3903 1713 3984 quod
1734 3899 1827 3965 Deus
1849 3900 1920 3965 vult.
1943 3921 2154 3980 conservare,
2178 3915 2214 3966 ut
2234 3916 2366 3967 maneat
2388 3917 2420 3968 et

484 3985 644 4066 esaciunt,
677 3985 733 4056 vel
764 3985 909 4052 alienant
938 3985 1128 4051 voluntates
1155 3983 1336 4070 aliquorum
1364 3985 1406 4048 ab
1448 3996 1652 4131 eropagetur
1672 3985 1842 4070 Ecclesia,
1876 3995 1911 4050 ut
1931 3986 2015 4070 Eph.
2045 3989 2075 4050 4.
2107 3995 2171 4066 [rs.
2197 3988 2262 4068 11.]
2285 3991 2419 4054 dicitur:

467 4093 532 4138 van
557 4070 632 4137 elio.
1117 4153 1120 4158 Ι
1172 4103 1176 4110 ·
1331 4103 1334 4108 -
1484 4070 1550 4132 edit
1585 4067 1669 4132 alios
1701 4073 1831 4156 quidem
1864 4070 2066 4156 Apostolos,
2105 4070 2188 4136 alios
2222 4071 2418 4158 Prophetas,

574 4156 800 4222 mminationes
832 4155 1039 4220 tristissimae
1070 4157 1198 4239 utrique
1230 4174 1329 4237 praec
1372 4165 1406 4217 to
1450 4151 1535 4217 alios
1558 4153 1731 4232 Pastores,
1753 4155 1838 4220 alios
1861 4159 2045 4236 Doctores,
2077 4169 2112 4221 ut
2134 4158 2326 4223 aedificetur
2348 4179 2419 4222 cor·-

440 4242 569 4308 addltae
590 4253 686 4320 sunt,
707 4261 792 4326 quae
813 4261 887 4308 cum
909 4241 950 4304 de
971 4239 1198 4324 corporalibus
1220 4241 1336 4320 poenis
1371 4258 1407 4300 c·
1450 4257 1513 4321 pus
1536 4237 1669 4318 Christi,
1690 4251 1814 4305 utnon
1837 4241 2044 4320 fluctuemus,
2066 4263 2128 4307 nec
2152 4242 2419 4309 circumferamur

440 4337 593 4414 quantur,
614 4325 710 4390 ettam
732 4336 898 4390 aeternam
917 4326 1001 4390 iram
1022 4324 1219 4410 significant,
1241 4326 1316 4408 quia
1337 4323 1407 4386 Lex
1450 4325 1538 4386 omni
1559 4337 1657 4389 vento
1680 4327 1856 4404 doctrinae,
1879 4328 1911 4390 id
1934 4331 2054 4396 est2³⁶t
2076 4327 2176 4392 Dedit.
2199 4341 2324 4393 certum
2346 4347 2420 4392 ver·

440 4431 507 4478 uon
517 4411 686 4476 annuntiat
701 4412 927 4474 remissionem
937 4421 1167 4492 peccatorum,
1185 4407 1406 4473 sedinEvan·
1452 4410 1527 4472 bum
1559 4427 1619 4492 per·
1639 4409 1823 4494 Prophetas
1846 4423 1877 4474 et
1899 4410 2080 4495 Apostolos
2102 4412 2233 4496 publice
2254 4433 2419 4498 sparsam,

440 4493 639 4581 gelra-ctare
655 4493 839 4559 declaratur
855 4501 989 4558 aeterna
1005 4495 1057 4558 ira
1073 4495 1234 4559 adversus
1251 4513 1326 4570 eos,
1352 4495 1407 4576 qui
1450 4493 1569 4557 additis
1592 4496 1691 4559 certis
1713 4497 1925 4575 testimoniis,
1947 4506 1978 4560 et
2000 4498 2139 4562 instituit
2160 4501 2339 4563 ministeria
2359 4519 2418 4580 pa·

440 4599 542 4644 nona
588 4591 625 4644 nt
640 4581 870 4664 poenitentiam
889 4577 1017 4656 [hlotth.
1037 4578 1176 4736 ihm&
1196 4576 1369 4642 Discedite
1385 4600 1406 4643 a
1450 4577 1555 4656 blica,
1587 4579 1620 4641 in
1649 4581 1768 4663 quibus
1783 4593 1886 4644 *sonet
1907 4579 1972 4643 hoe
1993 4584 2146 4661 verbum,
2179 4595 2215 4647 ut
2236 4583 2417 4648 habeamus

440 4684 491 4728 me
507 4601 670 4728 mahuedicti
687 4665 843 4749 inignem
865 4673 1107 4728 aeternumetc.
1165 4662 1231 4728 uod
1255 4665 1339 4727 enim
1352 4661 1405 4726 hic
1449 4675 1572 4727 certam
1605 4665 1646 4727 rle
1672 4664 1747 4728 Deo
1776 4667 1975 4741 doctrinam,
2008 4686 2070 4733 nec
2103 4670 2327 4753 excogitemus
2356 4670 2418 4750 ipsi

441 4750 557 4812 (licitur
585 4749 625 4812 de
652 4750 769 4830 poenis
795 4751 828 4812 in
850 4750 977 4812 tertiam
999 4760 1031 4811 et
1052 4761 1201 4833 quartam
1247 4750 1403 4812 eneratio·
1448 4768 1552 4811 novas
1575 4744 1749 4832 religiones
1767 4749 2002 4831 sicutEthnici,
2024 4765 2080 4816 aut
2102 4772 2207 4816 novos
2232 4753 2339 4818 cultus
2353 4765 2416 4817 etc

440 4851 516 4896 nem
537 4833 774 4910 saevientibus,
807 4829 997 4918 intelligitur
1020 4835 1060 4895 rle
1082 4767 1319 4916 corporahbus.
1363 4831 1405 4896 Et
1447 4831 1521 4896 Hoc
1552 4843 1676 4896 tanturn
1708 4833 1772 4897 Dei
1806 4835 1927 4901 donum
1959 4857 2087 4915 aurare,
2120 4827 2268 4902 venerari
2298 4851 2331 4903 et
2353 4859 2416 4902 suo

440 4928 477 4982 ut
506 4915 558 4978 his
589 4917 752 4998 prioribus
783 4918 969 5000 praeceptis
1001 4917 1131 4982 additae
1156 4930 1239 4982 sunt
1264 4935 1402 5001 poenae,
1470 4919 1586 5000 uisque
1613 4914 1689 4981 loco
1714 4921 1870 4985 adiuvere
1897 4923 2004 4986 debet.
2048 4922 2140 4986 Sicut
2163 4925 2239 4987 dicit
2262 4921 2416 4986 Christus

441 5004 485 5064 ita
506 4999 648 5063 sciamus
676 5012 708 5063 et
730 5003 941 5086 sequentibus
970 5002 1063 5077 addi,
1097 5012 1132 5067 ut
1152 4999 1250 5066 Deut.
1272 5001 1325 5064 27.
1348 5001 1403 5064 ed·
1447 5007 1458 5078 Ι
1490 4999 1724 5081 uc.·10,lii.]:
1758 5003 1821 5078 Qui
1854 5025 1916 5072 voa
1938 5007 2047 5084 audit,
2064 5025 2116 5070 me
2137 5009 2242 5086 eadit,
2275 5007 2329 5094 qul
2352 5028 2415 5071 vos

441 5086 559 5149 ciruitur
580 5079 825 5149 maledictiones
847 5087 996 5151 omnibus
1018 5088 1211 5170 praeceptis.
1255 5085 1327 5150 Nec
1345 5085 1402 5148 ‹lu-
1444 5087 1584 5167 spernit,
1605 5105 1695 5152 mes
1778 5093 1813 5156 rt.
1845 5091 1899 5156 Ac
1918 5085 1991 5156 Pro
2012 5101 2104 5166 ¹etate·
2125 5089 2336 5176 deplorantes
2360 5111 2415 5156 so·

442 5169 608 5234 bitandum
630 5179 696 5244 est,
729 5168 930 5262 calenitates
952 5173 1061 5236 mundi
1079 5190 1203 5255 poenes
1226 5165 1402 5244 essedeli·
1443 5168 1621 5320 litudinerrpl
1630 5107 1822 5324 inslihhhto
1844 5185 1971 5262 quereri
2008 5169 2205 5254 'rabolltam
2222 5196 2299 5243 esse
2322 5178 2415 5242 mini·

487 5275 528 5288 ··
778 5279 781 5284 ·
1444 5255 1823 5324 maameocauw
1888 5273 1890 5278 ·

1356 5345 1359 5352 '
1521 5335 2215 5430 ·Strrrt³¹lgltar¹'tipere²·llnhta¹·paeectpti,²
2245 5348 2299 5430 pie
2318 5343 2413 5430 fungi

441 5440 487 5498 st)
504 5437 783 5569 tpporsterp)]mpicllirpltt⁰
784 5442 855 5571 plor}
857 5442 899 5559 ῑ17.
918 5442 959 5492 ll·
977 5445 1016 5494 2³.
1035 5445 1089 5504 ¹25·;
1108 5447 1208 5494 ceterae
1226 5442 1309 5504 lldltt,
1327 5443 1401 5504 corp.
1442 5477 1649 5492 ....-....
1675 5503 1678 5508 ¹
2535 5473 2539 5484 ·

441 5603 623 5670 armaturae}
643 5607 715 5660 rura
735 5609 847 5660 r-aa.
866 5609 932 5660 aa.
953 5601 1105 5662 tannia
1221 5607 1224 5612 ·
1293 5615 1297 5626 ·
1443 5563 1641 5678 sara-eat?
1970 5601 2144 5672 mre-r
2170 5605 2232 5650 mc:

439 5317 637 5334 ‘nd—n·-
