5859 6734
442 630 507 698 493
893 631 918 694 1.
939 629 1043 695 Loci
1063 628 1344 695 THEOLOGlClt
1367 629 1406 694 C.
1428 627 1640 695 SECUNDA
1660 628 1818 696 EORUM
1838 628 1995 694 AETAS.
2373 639 2438 705 494

443 819 518 883 lens
537 819 657 883 mortis
672 827 844 898 peccatum
862 828 925 893 est,
942 817 1089 898 potentia
1105 818 1234 899 peccati
1250 815 1339 889 [ext
1362 816 1422 879 sed
1463 826 1516 879 est
1546 815 1671 879 moneri
1703 816 1777 898 pias
1798 826 1938 894 mentes,
1958 830 1995 882 ιιι
2017 821 2126 883 sciant
2146 820 2314 886 Canomm
2333 822 2436 905 illum,

446 903 552 989 peda
572 900 668 978 Deo,
696 902 752 984 qui
774 902 830 963 dat
852 902 950 964 nobis
972 900 1142 964 historiam
1164 919 1224 981 per
1245 901 1423 964 Dominum
1463 901 1520 982 qui
1545 900 1707 983 praecipit
1733 902 1777 963 de
1806 903 2062 980 enumeratione,
2085 915 2209 969 tantum
2231 908 2436 973 traditionem

444 998 596 1051 nostrum
617 982 923 1049 tasumchnstum.
1463 983 1638 1048 humanam
1659 1004 1749 1048 esse.

456 1100 458 1105 ·
532 1070 702 1135 Hactenus
725 1068 794 1131 dixi
815 1070 857 1132 de
868 1067 1073 1132 Contritione
1095 1078 1129 1130 et
1145 1066 1236 1143 Fide,
1259 1086 1325 1151 que
1343 1084 1422 1131 con·
1548 1066 1704 1131 Cetennn
1730 1068 1869 1151 prodest
1896 1070 2038 1133 retinere
2057 1072 2091 1133 in
2113 1071 2273 1136 Ecclesiis
2296 1072 2435 1139 Confes-

447 1157 613 1240 sequimur
638 1154 865 1217 remissionem
893 1165 1114 1235 peccatorum.
1164 1151 1207 1215 Et
1234 1149 1297 1215 has
1323 1150 1422 1233 posui
1463 1153 1607 1225 sionem3
1630 1151 1775 1217 Primum
1795 1165 1931 1237 propter
1950 1152 2201 1234 absolutionem,
2216 1159 2433 1241 deqnapost-

470 1251 559 1304 artes
578 1238 801 1321 poenitentiae
823 1239 961 1301 docendi
985 1256 1105 1301 caussa
1128 1255 1168 1299 eo
1190 1235 1365 1312 libentius,
1385 1246 1423 1297 ιιι
1463 1256 1505 1299 ea
1543 1237 1708 1321 dicemus3
1750 1237 1882 1303 Deinde
1924 1240 2021 1301 etiam
2053 1252 2189 1321 propter
2214 1239 2432 1326 disciplinam,

492 1344 511 1387 c
538 1324 632 1407 quasi
659 1324 801 1403 epitome
826 1322 1004 1385 indicarem
1026 1322 1110 1385 duas
1131 1322 1330 1402 praecipuas
1351 1318 1422 1383 uni-
1462 1321 1538 1403 quia
1565 1338 1627 1401 per
1654 1338 1728 1385 eam
1744 1322 1967 1398 ¹occassionem
1993 1324 2117 1387 indocti
2147 1325 2251 1390 audiri
2279 1337 2311 1389 et
2343 1345 2433 1391 cont·

446 1426 566 1473 versae
587 1408 773 1490 scripturae
793 1416 918 1489 partes,
940 1425 1025 1489 quae
1045 1402 1128 1467 alias
1145 1406 1254 1489 arguit
1270 1410 1421 1485 peccata,
1460 1404 1590 1469 modius
1611 1404 1739 1469 institui
1761 1404 1805 1471 tle
1823 1414 1897 1471 tota
1915 1406 2068 1471 doctrina
2087 1420 2238 1492 possunt
2281 1408 2325 1471 Et
2343 1410 2433 1474 inde·

445 1488 528 1557 ullas
560 1492 719 1573 prondtdt
752 1487 1011 1553 consolationem
1032 1500 1096 1552 etc.
1110 1490 1157 1573 ⁸²)
1202 1486 1284 1551 Cum
1312 1494 1422 1551 autem
1461 1507 1576 1552 corum
1594 1499 1646 1551 est
1667 1506 1820 1571 prorsus,
1840 1486 2069 1573 inexploratos
2090 1492 2251 1556 accedere
2272 1493 2315 1557 ad
2336 1491 2432 1558 Com-

445 1574 511 1645 hoc
539 1577 638 1641 modo
668 1572 870 1638 reconciliati
893 1592 1024 1642 sumus,
1055 1584 1176 1656 postea
1202 1573 1300 1636 debet
1387 1572 1421 1634 ui
1460 1575 1657 1636 munionem.
1701 1572 1900 1639 Sed'tumen
1922 1576 2010 1639 scire
2031 1586 2181 1657 oportet,
2209 1576 2432 1641 conscientias

444 1660 568 1723 iustitia
588 1660 697 1723 bonae
720 1659 951 1721 conscientiae.
985 1655 1029 1719 Ut
1050 1657 1141 1721 loan.
1162 1658 1267 1740 inquit
1289 1655 1372 1737 [Mat
1412 1709 1416 1718 .
1459 1676 1527 1719 non
1550 1674 1628 1721 esse
1648 1656 1835 1721 onerandas
1857 1661 2101 1722 enumeratione
2122 1658 2334 1738 delictorum,
2355 1679 2431 1742 pos·

445 1743 480 1821 3,
505 1742 569 1821 8.]:
601 1742 715 1807 Facite
746 1739 874 1805 fructus
907 1741 1026 1825 dignos
1047 1742 1333 1824 poenitentiae.⁸⁸)
1376 1738 1419 1803 Et
1459 1751 1537 1804 sunt
1564 1741 1652 1804 enirn
1679 1742 1776 1807 etiam
1803 1744 1877 1807 sine
1897 1740 1962 1805 hac
1983 1754 2017 1807 et
2035 1739 2276 1808 absolutionem
2297 1754 2331 1807 et
2352 1762 2430 1808 con·

445 1825 572 1897 Paulus
594 1826 702 1903 [Rom.
723 1825 756 1903 8,
780 1825 865 1903 1213
896 1824 1076 1888 Debitores
1099 1844 1214 1889 sumus
1236 1843 1304 1888 non
1326 1825 1418 1889 carni
1458 1823 1532 1889 silia
1608 1842 1673 1888 ere.

446 1923 509 1975 etc.
553 1908 596 1975 Et
625 1922 752 1986 tamen,
779 1910 855 1993 quia
886 1929 954 1971 non
979 1906 1200 1974 satisfacimus
1220 1905 1308 1993 legi,
1338 1928 1418 1972 con·
1546 1909 1615 1971 bed
1647 1909 1678 1972 si
1709 1911 1783 1993 quis
1816 1912 1963 1976 obiiciett
1976 1916 2024 1996 Μ)
2056 1912 2158 1980 ludex
2187 1938 2254 1983 non
2275 1918 2429 2003 absolvit,

445 1996 585 2061 scientia
622 1997 751 2059 interim
787 2006 898 2057 teneat
929 2014 1061 2076 semper
1099 1995 1165 2058 hoc
1197 1991 1416 2057 beneficium:
1458 1993 1523 2056 nisi
1539 1994 1632 2075 prius
1651 2006 1851 2078 cognoscam
1872 1993 1927 2062 bic
1948 1995 1985 2061 fit
2000 1997 2433 2087 absolutio;ergonecesee

490 2080 535 2143 od
555 2098 700 2162 persona
721 2079 765 2141 sit
786 2079 884 2157 iusta,
906 2078 939 2141 id
961 2090 1024 2155 est,
1043 2090 1185 2160 accepta
1201 2068 1267 2141 fide
1283 2088 1418 2159 propter
1458 2088 1511 2141 est
1541 2079 1639 2141 etiam
1671 2076 1743 2141 fieri
1779 2080 2000 2164 cognitionem
2026 2095 2126 2167 atque
2154 2090 2430 2155 enumerationem

445 2098 620 2241 Cluristnm,
643 2174 677 2226 et
697 2163 788 2247 quod
809 2164 981 2246 sequentia
1002 2180 1105 2244 opera
1124 2159 1280 2243 placeant
1300 2170 1334 2223 et
1350 2161 1417 2224 sint
1459 2162 1640 2227 crbuinum

444 2249 575 2324 institia,
598 2250 674 2331 qnia
694 2266 841 2331 persona
861 2257 913 2310 est
929 2245 1155 2311 reconciliata.
1199 2244 1291 2309 Haec
1314 2264 1417 2327 supra
1541 2246 1597 2310 Ad
1614 2242 1680 2308 boc
1700 2247 1747 2310 ita
1767 2247 2033 2397 requqdffum
2053 2262 2115 2315 est.
2143 2250 2276 2334 Duplex
2296 2266 2349 2319 est
2369 2276 2428 2338 po·

444 2332 612 2415 copiosius
639 2341 780 2396 tractata
807 2341 891 2395 sunt.
937 2329 1014 2393 ideo
1036 2349 1177 2412 propero
1205 2330 1249 2393 ad
1269 2327 1416 2412 reliquas
1456 2340 1561 2395 testas
1584 2326 1770 2395 Pastorum.
1955 2344 2095 2399 vocatur
2114 2336 2339 2415 ministerium,
2361 2360 2426 2423 quo

442 2424 675 2563 mqss
696 2415 751 2479 hic
772 2424 959 2491 recensent,
976 2414 1021 2476 ad
1037 2411 1288 2479 Confessionem
1306 2424 1339 2477 et
1355 2414 1415 2479 Sa·
1455 2412 2052 2583 bnuqqrqqantenqngossqqnffiet
2066 2416 2300 2567 Sacrqquqrenta,t
2315 2432 2426 2523 eim.

1455 2519 1478 2563 n
1663 2520 1712 2563 me
2014 2520 2086 2567 mn
2200 2524 2286 2567 cce
2342 2525 2426 2570 nva-

1441 2584 1523 2671 tim.
1566 2582 1658 2646 Haec
1678 2593 1827 2667 potestas
1847 2602 1916 2649 non
1937 2595 1991 2649 est
2010 2522 2199 2651 mnndllutum
2219 2526 2427 2673 cognopscen·

760 2700 762 2705 ·
1392 2700 1395 2715 =
1454 2668 1500 2743 di,
1520 2686 1585 2731 nec
1606 2677 1659 2730 est
1680 2668 1851 2745 indicium,
1872 2668 1935 2733 sed
1954 2676 2080 2735 tuntum
2101 2671 2288 2735 mandatum
2309 2674 2425 2754 imper·

727 2748 790 2813 DE
810 2746 1123 2815 CONFESSIONE.
1453 2752 1555 2815 tiendi
1582 2750 1732 2815 beneficii
1754 2760 1855 2835 utque
1879 2749 2115 2831 absolutionis,
2146 2755 2258 2839 itaque
2285 2758 2425 2837 pertinet

529 2870 544 2894 .-
842 2878 844 2885 -
1453 2836 1552 2900 miani
1578 2836 1623 2899 ad
1653 2832 1785 2901 occulta
1816 2847 1972 2919 peccata,
2005 2849 2039 2903 et
2065 2856 2151 2921 quae
2176 2858 2240 2901 nos
2266 2839 2329 2921 ipsi
2357 2859 2424 2903 non

527 2916 703 2982 Confessio
732 2918 852 2981 usitata
881 2929 913 2979 et
935 2910 1126 2981 Satisfactio
1152 2927 1229 2981 snrrt
1254 2927 1348 2981 ortae
1369 2918 1411 2981 ab
1451 2920 1675 2995 meminimus3
1703 2918 1815 2993 Quare
1841 2919 1926 2986 baec
1946 2922 2181 2986 administratio
2203 2942 2270 2986 non
2290 2924 2425 3005 requirit

440 3001 681 3069 Ecclesiastico
699 3002 762 3067 ritu
847 2998 933 3065 licae
950 3002 1178 3084 poenitentiae
1218 2998 1303 3067 Olim
1326 3001 1412 3064 enim
1453 3004 1687 3089 cognitionem,
1708 3024 1776 3069 non
1797 3018 1850 3069 est
1869 3006 1954 3069 enim
1976 3007 2140 3071 indicium.

440 3088 687 3153 rei··criminurn
707 3108 753 3169 pn
789 3087 915 3151 'corum
937 3086 1322 3164 excommunicabantur,
1348 3104 1412 3149 nec
1537 3084 1654 3153 Altera
1673 3099 1825 3168 potestas
1842 3088 2191 3167 vocamrlurisdictin,
2207 3108 2294 3172 quae
2310 3100 2363 3153 ut
2377 3090 2425 3153 iu·

439 3172 682 3255 recipiebantur
708 3172 772 3235 nisi
799 3172 938 3255 primum
966 3168 1130 3247 confessi,
1157 3168 1224 3235 boc
1253 3180 1321 3248 est,
1348 3170 1412 3234 nisi
1452 3174 1574 3237 dicium
1601 3172 1765 3254 quoddam
1787 3183 1958 3237 externrnn
1977 3171 2164 3249 Ecclesiae,
2185 3173 2277 3257 quod
2296 3182 2423 3237 unbem

439 3258 530 3339 prius
568 3266 768 3321 testarentur
800 3256 888 3339 apud
919 3252 1078 3320 Pastores
1111 3272 1150 3318 sc
1180 3255 1413 3319 enrendaturos
1451 3256 1495 3320 ad
1518 3252 1709 3319 'manifesta
1738 3257 1875 3319 crimina
1905 3257 2065 3339 pertinet,
2096 3256 2361 3339 excommnicat
2391 3266 2425 3320 et

439 3349 906 3491 &mittitis
919 3336 1412 3504 iiiiti‘iitoiti
1451 3336 1934 3507 ffiliimffiiriilliiii‘
1953 3335 2424 3499 fffliiffiiiimfii

797 3467 807 3499 ι
987 3467 997 3499 2
1966 3454 1983 3493 n
2133 3478 2136 3483 ·
2221 3492 2224 3497 .
2410 3458 2424 3473 ⁰

439 3498 585 3597 οιιζιιιίο,
606 3506 662 3572 vel
683 3503 824 3590 exempli
845 3524 983 3582 cerusa,
1004 3516 1041 3569 ιιι
1062 3502 1116 3568 alii
1137 3504 1294 3573 admoniti
1315 3523 1411 3569 cave·
1451 3505 2021 3584 mdmmmrmltcclcstamtst
2032 3506 2156 3571 crimen
2290 3508 2351 3581 sit3
2367 3526 2424 3571 ne-

439 3602 528 3670 rent,
556 3610 599 3657 ne
624 3589 830 3665 laberentur,
861 3587 917 3652 vel
943 3599 980 3654 ut
1008 3588 1238 3672 exploraretur
1263 3591 1411 3691 ipsorum
1450 3610 1506 3655 mo
1517 3592 1615 3656 etiarn
1625 3588 1852 3655 absolvendum
1863 3600 1926 3669 est,
1935 3590 2204 3677 nisirecognita,
2238 3588 2424 3669 ocest,nisi

439 3680 585 3753 animm,
611 3676 667 3759 qui
691 3675 843 3737 redibant
864 3673 907 3735 ad
927 3670 1130 3751 Ecclesiam,
1152 3693 1196 3738 an
1217 3690 1306 3736 seno
1328 3673 1410 3737 resi·
1452 3686 1584 3739 constet
1601 3694 1676 3738 eum
1692 3692 1804 3739 mores
1815 3678 2007 3740 mutassein
2022 3672 2149 3738 melius.
2167 3672 2209 3737 Et
2218 3674 2284 3739 hoc
2294 3693 2362 3738 non
2371 3685 2424 3738 est

439 3761 617 3844 piscem
650 3758 705 3823 Ab
726 3758 779 3822 bis
800 3757 917 3821 ritibus
939 3770 973 3821 et
994 3758 1116 3821 usitata
1137 3754 1314 3822 Confessio
1336 3770 1411 3823 orta
1451 3756 1605 3824 iudicium
1626 3758 1861 3837 conscientiae,
1881 3760 1944 3823 sed
1964 3771 2175 3823 externorum
2194 3780 2332 3822 morum.

439 3854 503 3921 est,
525 3854 558 3907 et
578 3841 741 3927 reliquum
762 3854 813 3905 est
833 3860 922 3906 nunc
945 3838 1188 3907 Setisfactionis
1209 3862 1341 3907 nomen.
1536 3842 1664 3926 Estque
1688 3840 1756 3907 boc
1782 3842 1958 3907 discrimen
1985 3842 2154 3907 ministerii
2175 3856 2208 3908 et
2229 3842 2425 3909 iurisdictio·

523 3926 684 3993 Dicemus
716 3939 825 3991 autern
854 3928 946 4007 prius
979 3926 1021 3988 de
1053 3921 1279 3992 Confessione.
1333 3925 1410 3990 Non
1452 3927 1504 3989 nis
1538 3937 1694 3991 externae
1726 3924 1900 4013 dibgerrter
1931 3928 2183 3993 observandum.
2226 3930 2311 3994 Nam
2331 3932 2422 3997 mini-

439 4022 492 4077 est
512 4012 722 4089 necessaria,
754 4030 818 4075 nec
838 4012 910 4075 iure
931 4011 1041 4075 divino
1064 4012 1218 4074 mandata
1240 4030 1410 4077 enumera·
1451 4010 1586 4075 sterium
1606 4008 1659 4076 Er
1767 4010 1849 4077 iad
1872 4011 2107 4079 comdenttam
2133 4012 2284 4097 pertinet.
2326 4015 2423 4089 Quod

439 4098 484 4160 tio
540 4107 740 4161 eccatorum.
800 4090 935 4160 Nullum
967 4096 1051 4159 enim
1083 4098 1173 4162 extat
1203 4094 1267 4159 bac
1300 4096 1342 4159 de
1372 4114 1411 4159 re
1451 4104 1560 4159 autem
1576 4093 1629 4158 Ev
1730 4095 1795 4160 ‘um
1815 4092 1948 4181 publice
1968 4106 2003 4161 et
2021 4094 2173 4182 privatim
2195 4102 2345 4166 omnibns
2366 4122 2387 4165 a

439 4200 514 4245 man
557 4193 625 4245 turn
649 4181 683 4243 in
712 4180 892 4263 scripturis.
936 4179 1115 4244 Praeterea
1137 4177 1214 4243 talis
1243 4198 1410 4269 mnumera-
1450 4176 1566 4325 qlicari
1588 4197 1671 4260 poss
1682 4191 1706 4257 t,
1728 4188 1869 4245 testatur
1887 4178 1973 4245 baec
1993 4183 2067 4265 ipsa
2087 4186 2249 4249 sententia
2269 4184 2351 4265 [ioh.
2409 4230 2423 4263 ,

439 4266 485 4331 tio
506 4262 718 4349 impossibilis
742 4273 815 4340 est;
834 4266 924 4331 iuxta
945 4262 1025 4329 illud
1047 4262 1117 4340 [Pe.
1140 4262 1193 4342 18,
1216 4262 1300 4343 13.]=
1343 4262 1411 4327 De·
1450 4262 1533 4342 ‘3.]=
1566 4261 1712 4336 Quorum
1743 4266 1934 4329 misertos
1959 4277 2113 4349 peccata,
2144 4270 2346 4334 remittentur
2362 4270 2422 4335 eis.

440 4346 520 4417 licta
535 4352 614 4453 quis
636 4347 797 4434 intelligit.
831 4348 918 4413 ldern
941 4359 1105 4413 testantur
1126 4358 1159 4413 et
1176 4349 1409 4430 prudentiores
1451 4346 1532 4411 item
1554 4344 1686 4425 [Metti.
1711 4344 1763 4427 18,
1783 4348 1876 4427 2142.
1898 4346 2035 4421 Quoties
2056 4353 2210 4433 peccabit
2230 4354 2264 4415 in
2284 4373 2336 4416 me
2356 4351 2422 4419 fra·

440 4432 654 4512 Cmonutam
674 4434 762 4499 banc
782 4436 1056 4498 enumerationem
1076 4453 1143 4497 non
1165 4452 1242 4497 esse
1262 4434 1342 4497 iuris
1364 4433 1410 4496 di·
1451 4442 1513 4508 ter,
1535 4442 1569 4494 et
1589 4429 1751 4495 remittam
1767 4432 1821 4497 eii
1861 4430 2025 4517 Loquitur
2046 4436 2132 4497 enim
2153 4436 2195 4498 de
2216 4438 2421 4516 remissione,

440 4520 517 4585 vini.
571 4518 744 4584 Postremo
768 4518 899 4583 Graeca
919 4517 1073 4583 Ecclesia
1100 4519 1165 4583 iam
1197 4516 1276 4581 olim
1297 4514 1410 4581 abole-
1451 4534 1551 4598 quam
1571 4513 1664 4579 Deus
1686 4535 1729 4599 ap
1751 4518 1859 4581 robat·
1892 4516 2004 4589 Quare
2019 4518 2148 4601 privata
2168 4515 2332 4583 absolutio
2353 4542 2429 4585 ma·-

440 4605 487 4669 vit
509 4602 600 4669 buno
621 4623 746 4668 morem
767 4614 902 4686 propter
923 4614 1104 4687 stupratam
1125 4623 1147 4668 a
1167 4602 1319 4666 Diacono
1341 4620 1409 4665 mn-
1449 4618 1550 4746 fnum
1571 4534 1830 4665 consobttllmm
1850 4598 1964 4677 affert3
1996 4599 2138 4685 applicat
2166 4604 2251 4665 enim
2271 4600 2422 4689 Evange-

439 4684 626 4764 beentur,
653 4699 690 4753 ut
716 4689 834 4752 recitat
859 4687 999 4753 bistoria
1030 4688 1200 4770 tripartita.
1242 4686 1318 4750 Non
1350 4705 1409 4767 po·
1463 4684 1540 4759 inm,
1563 4694 1597 4746 et
1617 4692 1757 4748 testatur
1778 4686 1822 4749 ad
1840 4704 1905 4749 nos
1926 4684 2090 4769 pertinere
2110 4685 2304 4750 beneficium
2313 4686 2422 4755 Evan-

440 4776 688 4839 tnisset-autem
709 4771 764 4836 hic
785 4792 858 4835 mos
881 4772 1020 4851 aboleri,
1042 4773 1072 4838 si
1094 4784 1184 4837 esset
1200 4773 1279 4835 iuris
1298 4770 1408 4833 divim.
1450 4766 1540 4853 gelii.
1587 4764 1729 4839 Quidam
1759 4764 1998 4833 vociferantur:
2031 4768 2187 4833 Homines
2220 4791 2286 4836 non
2319 4792 2420 4856 posse

441 4856 524 4924 Cum
544 4861 688 4923 autem³⁴
719 4868 861 4934 constet,
882 4870 1006 4941 quanta
1026 4856 1217 4922 carnificina
1237 4855 1409 4921 conscien·
1450 4852 1615 4915 remittere
1631 4864 1779 4936 peccata.
1822 4853 1860 4916 ld
1879 4872 1995 4918 verum
2016 4864 2086 4931 est,
2106 4855 2170 4919 nisi
2193 4854 2236 4918 ita
2280 4868 2420 4922 uatenus

440 4940 682 5009 tiurumfuerit‘
747 4942 870 5006 acerba
886 4943 1015 5020 exactio
1033 4942 1296 5017 enumerationis,
1312 4940 1410 5023 prod·
1450 4936 1525 5001 vice
1552 4935 1617 5000 Dei
1644 4938 1837 5002 annuntiant
1864 4939 2011 5001 verbum.
2053 4936 2116 5002 Est
2141 4949 2250 5005 autern
2298 4961 2421 5026 vange·

1450 5018 1529 5083 bum
1550 5018 1737 5085 mandatum
1756 5021 1939 5084 remittendi
1959 5032 2099 5105 peccata
2115 5044 2189 5087 cum
2205 5018 2336 5105 publice
2351 5036 2418 5089 tum

444 5116 645 5129 ’‘⁸‘-
1449 5106 1611 5187 privatim.
1656 5105 1741 5169 Nam
1768 5116 1802 5168 et
1829 5107 1863 5168 in
1885 5103 2108 5169 Sacramentis
2134 5105 2284 5171 homines
2313 5110 2419 5173 remit-

443 5218 488 5278 ιι)
506 5220 554 5269 etc.
573 5213 803 5293 concustodita
822 5213 846 5261 ι.
866 5214 890 5262 s.
910 5210 1018 5260 11-1a
1037 5215 1064 5263 et
1079 5211 1139 5274 opp.

444 5319 489 5377 ιιι
507 5314 757 5434 qojngltefltitjfflett
775 5312 1052 5446 ffilglffiimffl‘i
1078 5312 1101 5359 ¹·
1127 5311 1152 5359 ⁴·
1179 5308 1204 5359 ⁶·
1222 5310 1263 5373 ⁰⁴
1297 5310 1369 5363 Μ
1387 5310 1411 5361 ²·
1452 5358 1729 5423 estasiasmeno
1748 5358 1772 5405 ι.
1791 5359 1813 5409 s.
1833 5359 1940 5407 11-14.
1958 5361 1985 5409 o
2001 5357 2079 5421 ooo:
2095 5358 2198 5411 oottoo

445 5469 490 5527 at)
508 5465 606 5529 antem]
626 5466 669 5517 lid.
690 5468 709 5516 1.
730 5467 824 5529 motti.
841 5476 942 5519 errore:
960 5462 1020 5515 anti
1453 5461 1500 5521 ιι)
1517 5460 1665 5511 nominatim
1683 5454 1797 5523 addant
1812 5458 1886 5511 editt
1905 5460 1929 5505 s.
1948 5457 2053 5510 11-18.
2070 5464 2097 5511 et
2113 5458 2175 5521 opp.
