5859 6734
551 671 616 747 000
1183 639 1923 746 00000000000000000000
2487 683 2554 751 aaa

529 867 619 932 'sed
647 877 755 930 tamen
783 863 892 930 adbuc
917 865 1019 931 babet
1046 877 1218 948 peccatmn
1245 866 1279 928 in
1306 885 1422 929 came:
1454 865 1530 929 ideo
1574 885 1641 929 non
1661 865 1761 950 igitur
1789 866 1894 930 reiicit
1922 861 2078 930 afflictos.
2121 866 2196 929 Non
2224 877 2276 929 est
2303 868 2549 956 indignandum,

556 959 687 1016 manent
714 945 910 1015 afflictiones
939 962 972 1014 et
997 970 1099 1014 mors.
1143 949 1272 1013 Deinde
1300 950 1343 1012 ad
1369 947 1531 1014 Maiorem
1574 951 1668 1033 quasi
1700 967 1763 1013 nos
1796 951 1997 1028 deseruerit,
2026 951 2086 1014 sed
2119 951 2207 1014 bona
2243 949 2431 1036 colligenda
2461 971 2549 1039 sunt,

555 1035 823 1117 respondendum
851 1047 918 1099 est:
944 1035 1042 1098 lustis
1072 1036 1170 1098 debet
1194 1035 1279 1098 bene
1306 1052 1394 1097 esse.
1438 1033 1531 1098 Haec
1573 1053 1659 1118 quae
1680 1053 1793 1097 secum
1808 1034 1933 1100 habent
1956 1032 2163 1113 afflictiones,
2184 1047 2220 1098 ut
2232 1034 2318 1099 hanc
2331 1040 2549 1109 obedientiam

556 1122 718 1183 sententia
739 1129 791 1182 est
811 1139 878 1183 vox
901 1115 998 1204 legis,
1042 1139 1117 1182 uam
1135 1119 1368 1201 interpretatur
1378 1117 1530 1204 Evange·
1572 1138 1679 1202 aequo
1703 1120 1810 1181 animo
1831 1127 2002 1202 praestare
2023 1123 2199 1200 possimus.
2245 1119 2337 1184 Sicut
2359 1123 2479 1189 Petrus
2501 1129 2547 1208 [1.

490 1229 495 1236 ·
555 1201 647 1283 lium,
668 1204 758 1287 quod
780 1203 878 1267 docet
899 1223 962 1266 nos
985 1204 1017 1265 in
1061 1222 1101 1267 ac
1118 1203 1185 1266 vita
1203 1223 1264 1284 pro
1288 1211 1339 1265 ter
1355 1215 1529 1285 peccatum
1573 1202 1745 1280 0.1,13.]
1768 1203 1887 1286 inquit:
1909 1201 2060 1268 Gaudete
2089 1217 2245 1287 tanquam
2268 1211 2547 1276 communicantes

554 1287 697 1353 haerens
718 1290 752 1350 10
775 1307 926 1369 corpore,
949 1288 1118 1351 subiectos
1136 1305 1212 1349 esse
1230 1223 1474 1365 uillictionibus,
1497 1297 1530 1349 et
1572 1307 1592 1349 a
1631 1287 1808 1351 ictionibus
1836 1284 1958 1350 Christi
1985 1301 2047 1350 010.
2093 1287 2235 1352 Primum
2262 1292 2446 1355 obedientia
2473 1297 2548 1377 ipsa

554 1383 681 1450 tamen,
714 1373 791 1454 quia
812 1367 966 1435 Ecclesia
994 1371 1081 1435 iusta
1103 1381 1169 1447 est,
1201 1367 1392 1435 liberabitur
1413 1373 1455 1436 ab
1476 1369 1529 1433 his
1571 1372 1660 1434 bona
1671 1370 1846 1446 est3Deus
1855 1372 1939 1435 enim
1951 1374 2120 1457 praecipit,
2131 1385 2167 1435 ut
2176 1374 2544 1456 patienterobediamus.

554 1453 801 1534 allllctionibus,
823 1465 856 1518 et
879 1476 940 1518 suo
963 1468 1112 1538 tempore
1133 1455 1268 1538 recipiet
1288 1456 1443 1536 praemia.
1571 1454 1666 1519 iuxta
1686 1453 1768 1520 illud
1788 1453 1881 1520 Pauli
1905 1455 2011 1533 [Rom.
2025 1459 2076 1533 12,
2090 1457 2170 1535 121:
2198 1455 2234 1519 ln
2255 1457 2464 1523 tribulatione
2485 1481 2545 1544 pu·

640 1539 738 1604 Nunc
760 1540 861 1623 igitur
881 1540 1039 1603 addemus
1062 1537 1189 1624 aliquas
1212 1541 1394 1602 sententias
1413 1539 1455 1602 de
1466 1538 1530 1602 Ec·
1571 1541 1700 1604 tientes.
1751 1537 2171 1622 11000]1.Οοο.10,10.]ε
2202 1540 2314 1605 Nolite
2341 1563 2544 1610 murmurare

555 1621 677 1689 clasiae
702 1620 948 1687 afflictionibus.
986 1623 1140 1699 Primum,
1163 1622 1316 1704 exempla
1335 1625 1432 1687 nobis
1454 1643 1530 1707 pro·
1571 1635 1634 1688 etc.
1679 1622 1849 1689 Secundo:
1878 1623 1968 1688 Finis
1995 1627 2103 1689 bonus
2132 1635 2200 1702 est,
2228 1626 2316 1708 quod
2342 1624 2542 1693 afflictiones

551 1725 679 1794 ponere
700 1708 858 1772 debemus
882 1705 1006 1771 Christi
1033 1718 1067 1771 et
1088 1708 1189 1771 totius
1211 1705 1384 1771 Ecclesiae
1406 1711 1447 1773 ab
1471 1709 1529 1770 ini·
1571 1719 1729 1772 exercent
1749 1728 1813 1774 nos
1833 1719 1890 1773 aut
1910 1721 2069 1773 revocant
2084 1710 2127 1773 ad
2142 1710 2383 1791 poenitentiam.
2415 1711 2541 1777 Tertio:

552 1791 599 1856 110
621 1791 748 1870 mundi,
771 1790 873 1871 Abel,
896 1791 1083 1870 Abrabam,
1102 1791 1215 1870 lsaac,
1237 1790 1349 1875 populi
1369 1791 1474 1858 lsrael
1496 1794 1529 1854 in
1571 1793 1632 1856 Est
1653 1803 1688 1856 et
1708 1791 1793 1856 alius
1811 1791 1885 1857 finis
1906 1789 2006 1879 longe
2027 1795 2259 1876 praestantior,
2282 1793 2371 1878 quod
2392 1793 2543 1860 afflictio-

553 1873 720 1962 Aegypto‚
746 1873 987 1959 Prophetarum
1015 1888 1049 1940 et
1074 1872 1312 1959 Apostolorum
1338 1889 1402 1940 etc.
1437 1877 1529 1940 llaec
1570 1896 1631 1941 nes
1653 1875 1735 1940 fiunt
1763 1874 1870 1956 cultus
1899 1888 1933 1942 et
1954 1877 2135 1953 sacrificia3
2167 1874 2249 1940 nibil
2276 1879 2361 1941 enim
2387 1877 2543 1943 bonorifi-

555 1957 705 2044 exempla
727 1979 789 2024 nos
810 1961 1008 2024 admoneant
1030 1971 1063 2024 01
1084 1961 1226 2044 erigant:
1249 1959 1286 2024 Si
1304 1972 1355 2025 est
1364 1957 1528 2037 Ecclesia,
1572 1963 1698 2025 centius
1728 1962 1792 2025 dici
1840 1973 1927 2026 otest
1949 1963 1991 2025 de
2011 1959 2079 2026 ullo
2106 1981 2222 2046 opere,
2254 1981 2352 2046 quam
2385 1965 2472 2045 quod
2501 1965 2545 2028 sit

554 2063 698 2114 necesse
725 2055 776 2108 est
801 2041 939 2108 similem
968 2043 1040 2107 fieri
1063 2045 1214 2126 corporis
1237 2039 1370 2109 Christi.
1415 2043 1528 2117 Quare
1571 2045 1780 2110 sacrificium.
1812 1983 1910 2110 Piunt
1931 2058 2040 2110 autem
2061 2045 2235 2122 0000111010,
2258 2065 2331 2109 eum
2343 2045 2544 2112 voluntatem

553 2151 695 2197 necesse
727 2140 780 2194 001
808 2129 950 2193 existere
981 2129 1250 2212 persecutiones,
1282 2141 1315 2194 et
1342 2127 1528 2194 Ecclesiam
1569 2129 1635 2194 Dei
1662 2132 1840 2209 intuemur,
1868 2128 2035 2208 videlicet,
2062 2149 2135 2196 cum
2162 2131 2236 2194 ideo
2262 2127 2476 2213 perferimus,
2508 2144 2545 2196 ut

551 2213 674 2296 affligit
706 2214 780 2275 ideo
813 2233 881 2277 non
913 2211 1106 2297 frangamur
1132 2213 1266 2292 animis,
1299 2234 1373 2278 cum
1399 2214 1528 2278 versari
1570 2213 1644 2277 Deo
1668 2213 1877 2289 obediamus3
1909 2216 2003 2293 item,
2031 2234 2105 2278 cum
2128 2215 2292 2279 credimus
2320 2233 2377 2278 eas
2406 2227 2542 2300 propter

551 2311 615 2357 nos
642 2296 677 2357 in
702 2296 830 2380 magnis
858 2293 1016 2380 periculis
1045 2308 1077 2360 et
1105 2298 1270 2362 aerumnis
1298 2319 1338 2363 co
1374 2299 1528 2375 rabinos,
1570 2297 1738 2363 Christum
1759 2297 1904 2381 placere.

552 2375 613 2440 sed
649 2379 890 2443 meminerimus
927 2380 1013 2444 hanc
1048 2400 1125 2445 esse
1156 2382 1323 2464 propriam
1384 2379 1528 2446 cclesiae
1653 2381 1696 2445 Et
1723 2380 1887 2467 loquimur
1913 2384 1955 2446 de
1981 2379 2235 2459 afflictionibus,
2268 2401 2335 2444 non
2366 2401 2452 2466 quas
2479 2384 2543 2466 ipsi

551 2459 710 2539 00001000.
738 2459 925 2527 intueamur
935 2465 969 2526 in
981 2462 1148 2530 Christum
1159 2465 1363 2546 crucifixum,
1377 2467 1413 2530 in
1428 2463 1527 2545 Abel,
1569 2477 1688 2549 sponte
1709 2467 1926 2544 0000001000,
1953 2468 2015 2530 001
2043 2485 2128 2550 quae
2151 2466 2304 2529 accidunt
2324 2477 2457 2550 praeter
2484 2487 2542 2531 uo-

550 2541 584 2605 ln
605 2537 804 2623 Prophetas,
825 2547 859 2607 in
881 2546 1063 2630 Apostolos
1084 2547 1277 2614 interfectos
1299 2562 1362 2615 etc.
1568 2561 1670 2614 stram
1692 2547 1888 2615 electionem
1910 2561 1966 2616 aut
1987 2548 2207 2626 voluntatem,
2236 2551 2307 2613 sive
2333 2561 2450 2614 natura
2472 2553 2543 2615 sive

612 2623 728 2700 ¹Dicit
749 2628 849 2712 igitur
871 2628 994 2695 Paulus
1015 2633 1111 2699 Rom.
1133 2634 1165 2698 8.
1188 2640 1254 2714 [vs.
1276 2633 1344 2716 19.]
1441 2645 1528 2699 00101
1566 2634 1734 2699 hominum
1762 2635 1909 2699 saevitia.
1951 2634 2036 2698 Nam
2059 2647 2196 2700 naturae
2216 2634 2424 2699 incommoda
2445 2638 2542 2699 etiam

548 2724 613 2778 nos
640 2705 712 2776 tien
734 2708 858 2776 similes
880 2715 1032 2804 imaginis
1058 2716 1116 2781 tilii
1138 2718 1213 2783 Dei.
1258 2718 1378 2790 Petrus
1405 2725 1417 2796 ]
1441 2762 1450 2779 .
1474 2739 1526 2782 0.
1568 2730 1644 2783 sunt
1695 2737 1801 2783 oenae
1828 2718 1958 2782 additae
1986 2716 2072 2804 legi,
2101 2729 2133 2782 et
2161 2717 2244 2782 11001
2269 2717 2439 2784 voluntate
2465 2717 2541 2782 Dei.

549 2801 583 2886 4,
613 2801 697 2884 ltq:
730 2801 887 2868 101101οῐ0
915 2825 936 2868 0
963 2803 1070 2868 domo·
1088 2800 1154 2866 Dei
1180 2803 1302 2886 incipit.
1347 2802 1443 2866 item:
1475 2740 1527 2866 lle
1568 2802 1645 2866 ldeo
1691 2813 1782 2866 etrus
1800 2803 1921 2866 diserte
1938 2803 2019 2867 dixit
2030 2804 2074 2882 [1.
2088 2822 2138 2885 ep.
2151 2803 2184 2880 t,
2199 2802 2280 2883 lap
2302 2801 2470 2867 Patientes
2488 2823 2542 2865 se·

548 2890 708 2958 miremini
735 2889 769 2953 in
796 2885 976 2954 afflictione
1002 2897 1133 2963 vestra,
1167 2906 1253 2971 quae
1274 2884 1311 2950 fit
1339 2889 1382 2952 ad
1404 2905 1465 2952 vos
1484 2891 1525 2958 ¹⁰)
1569 2887 1711 2951 cundum
1731 2884 1935 2951 voluntatem
1951 2885 2026 2950 Dei.
2071 2883 2130 2950 illa
2151 2906 2232 2951 vero
2255 2887 2386 2951 ethnica
2406 2907 2542 2972 persua-

613 2971 790 3052 lorandos,
822 2973 884 3036 sed
905 2974 1049 3058 gaudete
1069 2983 1225 3056 tanquam
1247 2972 1525 3036 communicantes
1568 2973 1618 3036 sio
1641 2971 1824 3035 abiicienda
1852 2983 1920 3048 est,
1955 2991 2042 3055 quae
2068 2970 2162 3058 lingit
2193 2968 2392 3036 afflictiones
2423 2980 2543 3056 sponte

548 2995 786 3126 :hllctionibus
809 3055 943 3121 Christi.
987 3055 1030 3120 Et
1051 3054 1206 3120 Christus
1227 3055 1331 3139 inquit
1355 3054 1473 3136 [Marc.
1493 3053 1526 3133 8,
1567 3057 1747 3120 accersitas
1770 3055 1932 3120 sacrilicia
1954 3072 2042 3134 esse,
2065 3067 2098 3118 et
2120 3056 2247 3140 quidem
2269 3058 2342 3118 sine
2365 3056 2439 3120 fide.
2471 3056 2543 3120 Sic-

548 3141 633 3224 31.]0
668 3141 733 3214 Qui
760 3139 831 3208 vult
851 3162 904 3205 me
926 3140 1039 3227 sequi,
1071 3138 1168 3208 tollat
1190 3159 1321 3205 crucem
1344 3162 1438 3205 suam
1460 3148 1524 3203 etc.
1566 3152 1604 3205 ut
1641 3139 1836 3204 sacerdotes
1867 3135 1951 3203 Baal
1977 3137 2166 3204 lacerabant
2198 3149 2304 3202 cutem
2337 3159 2430 3202 suam
2470 3137 2542 3223 gla-

549 3233 581 3294 2.
602 3225 685 3291 Tim.
707 3223 738 3290 3.
763 3233 827 3306 [vs.
852 3227 916 3306 11]
951 3227 1093 3304 Omnes,
1118 3226 1175 3311 qui
1201 3227 1254 3307 pie
1275 3222 1392 3290 volunt
1412 3227 1525 3288 vivere
1567 3223 1640 3288 diis.
1653 3235 1718 3288 010.

547 3313 583 3378 10
604 3307 751 3390 Christo,
773 3312 1037 3395 persecutionem
1057 3311 1234 3394 patientur.
1270 3307 1314 3374 Et
1331 3307 1456 3374 Paulus
1478 3310 1525 3372 in·
1652 3307 1735 3373 Cum
1756 3309 1855 3392 igitur
1876 3307 1909 3371 ln
1932 3304 2112 3372 tolerandis
2140 3304 2370 3371 alliictionibus
2394 3326 2462 3369 non
2485 3326 2542 3371 so·

549 3395 620 3482 quit
649 3405 671 3456 1.
689 3403 746 3456 cor.
766 3405 789 3456 1.
802 3403 840 3468 ¹¹)
871 3403 954 3474 [vss.
976 3394 1032 3458 90
1057 3401 1121 3478 q.]:
1151 3390 1334 3478 Apostolos
1360 3393 1476 3459 haberi
1504 3413 1525 3456 a
1565 3390 1634 3457 lum
1656 3392 1843 3456 obedientia
1863 3394 2060 3476 requiratur,
2082 3392 2143 3456 sed
2165 3391 2260 3456 etiam
2277 3391 2324 3454 ita
2341 3392 2540 3474 requiratur,

548 3477 670 3548 000010
691 3500 754 3566 000
776 3479 1004 3558 catbamnatis,
1030 3415 1063 3542 ld
1085 3489 1155 3556 001,
1182 3477 1331 3563 piaculis.
1375 3478 1448 3542 Hoc
1470 3498 1525 3542 ex·
1566 3497 1609 3541 ne
1630 3477 1814 3543 irascamur
1835 3487 1868 3540 et
1888 3477 2104 3561 indignemur,
2126 3477 2187 3541 sed
2208 3474 2359 3540 volentes
2381 3485 2413 3539 01
2429 3495 2541 3558 aequo

549 3575 693 3628 tremum
715 3576 748 3629 et
769 3563 1012 3629 atrocissimum
1030 3574 1082 3627 est
1097 3560 1348 3628 maledictorum
1367 3562 1524 3639 omnium,
1566 3563 1673 3625 animo
1696 3561 1888 3625 obediamus
1916 3560 2010 3636 1)0ος
2037 3562 2200 3625 adversus
2229 3558 2317 3623 hanc
2345 3560 2542 3644 indignatio-

549 3667 635 3733 qnac
661 3649 799 3734 eogitari
826 3657 976 3734 possunt
1021 3645 1143 3712 Psalm.
1172 3647 1245 3710 125.
1278 3654 1341 3725 [vs.
1370 3646 1415 3724 5.]
1459 3645 1524 3718 Qui
1565 3666 1640 3709 nem
1661 3655 1693 3708 01
1715 3646 1946 3728 impatientiam
1976 3664 2143 3728 opponere
2173 3646 2330 3709 debemus
2351 3663 2472 3728 praece
2495 3655 2542 3722 ta,

548 3735 712 3814 sentinant
736 3735 771 3800 in
797 3732 994 3820 lachrymis,
1019 3732 1053 3794 10
1081 3727 1281 3796 exultatione
1307 3741 1431 3795 metent
1460 3742 1523 3800 etc.
1565 3749 1651 3814 quae
1673 3730 1836 3806 recensui,
1858 3739 1890 3792 et
1912 3731 2110 3807 sententias,
2132 3749 2218 3813 quae
2239 3740 2404 3792 testantur
2424 3665 2541 3792 001100-

547 3823 632 3888 ltem
652 3819 775 3885 Psalm.
798 3818 871 3882 117.
895 3825 959 3896 [vs.
983 3815 1048 3893 18]
1071 3814 1251 3901 Castigans
1273 3815 1449 3899 castigavit
1470 3835 1523 3877 me
1567 3824 1667 3878 tatem
1694 3811 1759 3876 Dei
1781 3831 1877 3892 esse,
1899 3823 1935 3876 01
1963 3816 2140 3895 praecipue
2162 3810 2317 3877 Ecclesia
2347 3825 2541 3877 exerceatur

548 3905 728 3982 Dominus,
756 3915 790 3968 01
815 3903 913 3967 morti
941 3921 1007 3965 non
1034 3899 1166 3963 tradidit
1185 3918 1249 3962 ma
1292 3897 1355 3962 llic
1376 3899 1418 3961 de
1440 3893 1524 3962 allii·
1566 3908 1629 3961 etc.
1673 3896 1758 3961 Sunt
1780 3907 1813 3961 et
1834 3897 2032 3980 opponenda
2054 3899 2225 3964 commoda
2246 3894 2473 3973 afflictionum,
2496 3898 2540 3960 de

550 3979 659 4054 ctione
697 4000 730 4052 et
774 3990 816 4052 de
859 3984 1054 4050 liberatione
1095 3983 1320 4049 concionatur.
1374 3981 1418 4046 Et
1450 3980 1523 4044 115.
1565 3982 1684 4065 quibus
1706 3980 1782 4044 dixi.
2262 3987 2264 3992 '

550 4079 615 4154 [vs.
636 4072 689 4148 6.;
710 4070 753 4135 01.
777 4071 852 4150 114,
875 4070 940 4147 15]
963 4068 1115 4131 Pretiosa
1136 4067 1374 4151 100000000ίο
1389 4065 1524 4130 Domini
1652 4063 1721 4129 Sed
1742 4065 1934 4152 'addendum
1962 4077 2014 4129 est
2042 4077 2191 4149 quartum
2220 4077 2316 4149 caput
2338 4062 2541 4126 consolatio-

548 4173 640 4224 mors
662 4166 852 4220 sanctorum
873 4156 956 4220 eius.
1565 4149 1629 4226 nis,
1653 4150 1741 4232 quod
1762 4152 1901 4214 maxime
1921 4151 2058 4233 prodest
2080 4170 2182 4213 nosse
2201 4171 2241 4214 ac
2256 4150 2429 4233 praecipue
2445 4144 2540 4212 levat

543 4309 548 4318 ,
636 4239 705 4306 Sed
737 4239 937 4303 suavissima
970 4234 1155 4301 consolatio
1188 4235 1221 4299 in
1253 4232 1319 4299 illis
1351 4233 1523 4299 sententiis
1566 4231 1655 4296 illam
1675 4234 1940 4319 indignationem.
1984 4234 2059 4298 Non
2082 4233 2190 4299 solum
2211 4231 2268 4299 illa
2288 4234 2462 4318 superiora
2484 4252 2539 4295 00-

548 4326 763 4410 proponitur,
803 4343 888 4407 quae
925 4331 1089 4386 testantur
1127 4317 1327 4385 afflictiones
1359 4316 1524 4383 sacrificia
1564 4318 1633 4402 pita
1654 4319 1795 4382 tenenda
1816 4323 1908 4392 sunt3
1941 4319 2029 4402 quod
2061 4316 2258 4383 afflictiones
2285 4338 2354 4382 non
2386 4317 2540 4381 accidant

549 4429 636 4488 0000.
681 4409 766 4474 Nam
782 4405 949 4472 sacrificia
965 4406 994 4469 si
1042 4403 1154 4471 ificant
1175 4404 1331 4489 quiddam
1351 4402 1426 4468 Deo
1447 4421 1523 4485 pro·
1565 4421 1661 4478 casu3
1688 4402 1776 4487 quod
1803 4421 1867 4466 non
1897 4402 1962 4464 sint
1989 4404 2085 4486 signa
2111 4405 2199 4478 irae3
2234 4404 2322 4487 quod
2356 4402 2537 4486 indignatio

571 4496 667 4580 rie¹⁹)
684 4495 838 4569 dicatum,
858 4502 896 4556 ut
910 4510 970 4574 per
986 4426 1166 4554 tlnhonore
1187 4487 1360 4568 afficiatur,
1383 4499 1417 4551 01
1433 4488 1524 4571 quod
1565 4487 1608 4550 sit
1629 4495 1817 4571 peceatum3
1840 4486 1928 4571 quod
1949 4485 2042 4549 Deus
2065 4491 2208 4572 requirat
2230 4488 2448 4551 obedientiam
2471 4497 2536 4547 etc..

584 4599 623 4642 eo
679 4577 833 4659 raecipue
865 4587 995 4660 gratum
1027 4586 1085 4640 001,
1138 4572 1261 4638 Ρο0100.
1283 4571 1337 4636 50.
1367 4580 1431 4651 [νο.
1456 4570 1520 4648 19.]
1565 4571 1742 4634 sedetiam
1762 4572 1840 4634 addi
1862 4579 1992 4654 oportet
2013 4570 2111 4634 fidem
2133 4585 2166 4636 et
2187 4573 2436 4635 invocationem.
2476 4567 2538 4631 Te-

550 4663 645 4728 Sucri
670 4663 756 4726 cium
777 4660 850 4725 Deo
879 4661 1013 4744 spiritus
1040 4658 1232 4737 tribulatus,
1259 4678 1319 4721 cor
1347 4656 1522 4721 contritum
1564 4655 1672 4720 nenda
1701 4665 1753 4719 001
1773 4656 1872 4740 igitur
1903 4651 2006 4733 fides,
2028 4657 2118 4739 quod
2138 4654 2233 4721 Deus
2255 4658 2353 4719 nobis
2375 4654 2537 4718 affuturus

550 4757 585 4810 et
593 4742 808 4822 humiliatum,
824 4742 930 4822 Deus,
947 4763 1014 4807 non
1026 4744 1202 4830 despicies.
1223 4742 1319 4806 Rom.
1333 4742 1384 4805 12.
1397 4747 1462 4818 [vs.
1477 4741 1519 4817 1.]
1563 4739 1618 4818 011,
1640 4751 1673 4803 01
1695 4760 1790 4823 opem
1811 4736 1950 4815 laturus,
1973 4752 2005 4803 et
2024 4761 2087 4822 pro
2106 4761 2167 4804 sua
2184 4741 2344 4823 sapientia
2360 4737 2537 4823 aliquando

549 4827 713 4894 Praebete
750 4847 893 4912 corpora
929 4839 1043 4892 vestra
1079 4828 1230 4892 victimas
1261 4839 1295 4891 et
1326 4823 1520 4890 rationalem
1562 4821 1778 4898 liberaturum
1797 4821 1862 4885 bae
1873 4822 1938 4886 fide
1950 4825 2153 4889 invocandus
2166 4834 2227 4888 001.
2262 4825 2324 4888 Est
2334 4825 2418 4886 enim
2432 4835 2465 4885 et
2480 4822 2536 4886 hie

551 4907 676 4978 cultum
697 4923 760 4977 010.
1562 4906 1637 4971 finis
1659 4904 1880 4986 afflictionum,
1903 4906 2065 4987 videlicet,
2087 4921 2123 4974 ut
2134 4908 2315 4972 habeamus
2327 4908 2538 4969 occasionem

636 4994 728 5082 Ergo
755 5007 788 5059 01
815 4996 949 5078 requirit
978 4992 1072 5059 Deus
1100 4995 1187 5059 hanc
1220 4993 1455 5072 obedientiam,
1489 5005 1521 5057 et
1563 4993 1769 5057 exercendae
1798 4990 1872 5055 fidel
1900 5004 1934 5057 et
1960 4994 2196 5070 invocationis,
2232 5003 2264 5056 et
2292 4990 2445 5055 liberatio
2474 5010 2535 5053 seu

551 5077 649 5145 valde
669 5082 832 5164 approbat
853 5091 1007 5163 tanquam
1024 5099 1138 5144 verum
1155 5090 1188 5143 et
1204 5099 1364 5144 summum
1383 5074 1519 5153 cultum;
1563 5074 1768 5140 confirmatio
1790 5088 1930 5141 testetur
1949 5076 2057 5142 Deum
2079 5079 2218 5154 adesse,
2240 5088 2274 5139 01
2294 5095 2357 5138 000
2379 5075 2455 5137 1)00
2480 5093 2536 5137 cu·

653 5185 656 5190 ·
1561 5180 1622 5224 rae
1644 5180 1722 5224 esse
1745 5173 1809 5224 etc.

591 5265 594 5270 ’
1646 5244 1693 5307 110
1715 5247 1828 5309 notitia
1838 5244 1902 5309 Dei
1922 5265 1981 5327 per
1994 5241 2080 5308 hanc
2092 5246 2302 5310 occasionem
2321 5242 2358 5306 fit
2374 5241 2535 5306 illustrior

551 5313 598 5380 ¹⁰)
619 5315 678 5379 ω’]
695 5315 739 5369 ⁸¹¹·
758 5315 798 5368 ¹¹·
814 5317 841 5367 ‘l
857 5315 919 5378 ⁰¹¹⁹·
938 5317 988 5378 ω·
1004 5326 1107 5368 ‘⁸⁰¹⁰'
1122 5327 1170 5370 ¹¹⁰⁸
1561 5341 1593 5394 01
1611 5330 1732 5394 crescit
1748 5333 1781 5394 in
1799 5331 1895 5392 nobis
1913 5330 1998 5392 sicut
2015 5329 2113 5392 docet
2124 5323 2253 5415 insigne
2268 5325 2453 5411 exemplum
2465 5325 2535 5389 Ma-

551 5415 598 5480 11)
624 5418 644 5470 ¹·
663 5417 718 5469 001·
735 5417 758 5468 ⁴·
782 5413 896 5467 addant
911 5415 985 5468 11111
1002 5416 1028 5465 ⁷·
1047 5417 1071 5466 ⁸·
1091 5417 1198 5467 11-14.
1217 5421 1244 5470 et
1260 5417 1319 5480 011·
1561 5431 1661 5476 nasse
1683 5413 1713 5475 2.
1726 5410 1869 5495 Paralip.
1881 5411 1933 5476 33.
1957 5411 2206 5496 Quipostquam
2217 5409 2360 5476 afflictus
2373 5421 2437 5488 est,
2461 5431 2536 5474 ora·

552 5518 597 5574 tat
621 5517 969 5580 promissarumque
1560 5498 1607 5560 vit
1628 5496 1817 5574 Dominum,
1839 5506 1871 5559 et
1887 5493 1982 5560 Deus
2004 5498 2169 5560 exaudivit
2191 5498 2373 5561 orationem
2396 5497 2481 5572 eius,
2503 5504 2537 5558 et
