5859 6734
517 696 582 762 439
1146 694 1255 760 Plllh.
1273 692 1375 758 MEL.
1394 691 1578 757 sonim
1593 688 1868 756 DOGMA'l'lCA.
2438 691 2505 756 440

518 879 588 946 ulla
608 879 876 962 interpretatione
904 880 1044 942 retinere
1073 889 1222 942 conetur.
1265 877 1413 940 Necesse
1433 886 1484 940 est
1529 895 1600 938 mur
1622 874 1686 937 iide
1708 885 1739 936 et
1761 873 1927 955 operibus,
1949 873 1982 935 id
2004 881 2066 948 est,
2089 881 2227 953 utraque
2247 872 2372 935 iustitia
2396 876 2502 956 requi·

517 963 749 1050 igituraddere
767 964 1079 1044 interpretationem,
1100 959 1267 1024 videlicet:
1290 961 1484 1024 Obedientia
1529 960 1619 1023 ritur.
1665 957 1731 1020 Sed
1761 958 1789 1018 si
1813 957 1885 1039 quis
1907 953 2051 1038 affingit,
2080 955 2168 1038 quod
2190 953 2290 1032 iides,
2319 956 2360 1018 de
2381 977 2447 1041 qua
2468 959 2503 1022 in

518 1067 599 1132 erga
620 1043 653 1110 le
678 1065 728 1109 ern
750 1057 801 1109 est
829 1046 1036 1120 necessaria,
1058 1046 1118 1108 sed
1140 1043 1207 1129 legi
1227 1045 1413 1108 addendum
1434 1054 1485 1107 est
1529 1039 1633 1107 Paulo
1652 1053 1708 1105 aut
1731 1041 1853 1103 Genesi
1875 1040 1942 1118 [15,
1958 1040 2004 1119 6.]
2029 1040 2149 1102 mentio
2173 1039 2220 1116 iit,
2241 1058 2309 1101 non
2331 1043 2436 1121 prosit
2459 1042 2503 1106 ad

517 1067 735 1216 Euangelium
758 1131 799 1194 de
818 1128 963 1193 Christo.
1006 1127 1101 1193 Prius
1124 1139 1253 1212 oportet
1274 1147 1336 1191 nos
1395 1130 1485 1190 rmi·
1529 1126 1756 1192 remissionem
1786 1135 2013 1207 peccatorum,
2046 1125 2108 1185 nisi
2141 1133 2276 1204 propter
2308 1124 2502 1206 dignitatem

517 1215 730 1278 sericordiam
751 1225 886 1298 propter
897 1211 1062 1276 Christum
1080 1212 1149 1276 fieri
1161 1210 1246 1276 iilios
1257 1211 1331 1276 Dei.
1389 1223 1486 1276 ostea
1529 1231 1675 1294 operum,
1699 1220 1854 1293 quantum
1876 1219 2033 1291 sequatur
2055 1207 2260 1285 incommodi,
2283 1208 2378 1271 etiam
2401 1220 2502 1292 atque

516 1299 610 1382 sequi
637 1298 736 1361 dehet
763 1298 947 1361 ohedientia
976 1307 1108 1373 nostra,
1140 1315 1226 1381 quae
1254 1297 1408 1380 qnoniam
1434 1307 1486 1359 est
1530 1297 1627 1358 etiam
1650 1293 1923 1358 considerandum
1946 1303 2007 1355 est.
2052 1292 2159 1354 Fieret
2183 1292 2268 1354 enirn
2293 1293 2420 1355 incerta
2449 1314 2501 1356 re·

517 1379 723 1464 imperfecta,
744 1402 889 1463 persona
912 1383 1140 1464 pronuntiatur
1162 1382 1264 1456 iusta,
1286 1380 1321 1444 id
1342 1390 1408 1457 est,
1431 1401 1486 1444 ac·
1530 1379 1643 1443 missio
1675 1389 1900 1462 peccatorum3
1933 1374 2054 1439 nullam
2086 1374 2246 1438 haberent
2277 1377 2501 1440 conscientiae

517 1477 630 1546 cepta,
663 1477 798 1547 propter
825 1461 930 1541 aliud,
961 1463 1113 1528 uidelicet
1140 1475 1276 1548 propter
1308 1461 1485 1527 Christum.
1530 1463 1655 1526 iirnrarn
1689 1460 1968 1534 consolationem
2005 1471 2209 1524 everteretur
2241 1459 2370 1522 omnino
2403 1458 2499 1538 fides,

516 1547 600 1611 Nara
622 1551 651 1612 si
673 1549 878 1612 sentiendum
900 1547 1174 1626 esset,nos1)eo
1196 1546 1329 1631 plaeere
1351 1558 1487 1630 propter
1516 1617 1521 1628 Ι
1554 1566 1625 1623 une,
1648 1567 1722 1609 cum
1743 1547 1854 1608 nititur
1876 1559 1990 1608 nostra
2012 1545 2180 1627 dignitate,
2201 1541 2384 1606 iitincerta.
2416 1543 2500 1608 Eru-

516 1629 604 1694 hanc
624 1630 844 1777 impletionem
873 1629 976 1733 legis,
1004 1633 1206 1696 conscicntia
1227 1632 1419 1695 redderetur
1439 1634 1486 1695 in·
1531 1569 1605 1694 litis
1639 1651 1679 1692 ex
1701 1628 1814 1713 phrasi
1842 1626 1940 1692 iacile
1963 1641 2013 1693 est
2041 1629 2204 1702 iudicare,
2233 1628 2310 1709 quid
2337 1627 2501 1710 significet

518 1724 619 1779 certa.
677 1717 740 1780 deo
764 1718 854 1799 prius
876 1715 966 1778 ahud
987 1717 1125 1797 proponi
1148 1736 1287 1780 necesse
1315 1726 1384 1791 est,
1410 1735 1486 1797 pro·
1530 1717 1668 1778 verbum
1687 1710 1866 1778 iustificari.
1909 1713 1992 1776 Nam
2014 1711 2067 1776 hic
2091 1712 2176 1795 apud
2193 1710 2348 1774 iacobum
2369 1732 2436 1776 uon
2458 1715 2501 1775 si-

515 1809 588 1943 ptar
616 1801 704 1902 quod
732 1811 916 1863 statuamus
946 1802 1040 1862 nohis
1062 1799 1169 1863 Deum
1197 1801 1370 1882 propitium
1398 1818 1486 1862 csse.
1531 1797 1663 1883 gnificat
1690 1798 1850 1880 consequi
1878 1798 2102 1859 remissionem
2130 1807 2341 1880 peccatorum
2368 1815 2429 1859 seu
2451 1817 2502 1860 re·

545 1893 656 1965 tqura
677 1895 813 1965 propter
834 1882 1000 1947 Christum
1021 1903 1163 1965 persona
1186 1886 1249 1947 inm
1273 1881 1393 1965 placet,
1414 1881 1486 1966 pla·
1532 1880 1809 1954 conciliationem3
1841 1881 1902 1944 sed
1934 1879 2164 1958 iustificamnr,
2190 1878 2224 1942 id
2247 1890 2317 1956 est,
2339 1877 2501 1944 habentes

483 2031 486 2036 ,
518 1976 569 2029 cet
591 1968 689 2030 etiam
710 1965 795 2030 hacc
817 1966 971 2030 inchoata
995 1967 1191 2030 obedientia.
1531 1967 1627 2030 iidem
1650 1977 1683 2030 et
1705 1985 1808 2047 opera
1832 1963 1991 2028 habemus
2019 1965 2172 2027 iustitiam
2200 1975 2389 2047 utramque,
2415 1984 2501 2047 quae

600 2049 744 2116 lacobus
774 2053 819 2114 ait
848 2053 893 2131 [4,
911 2051 995 2131 iii:
1024 2050 1151 2113 Videtis
1178 2051 1294 2134 igitur,
1328 2050 1415 2133 quod
1444 2068 1486 2113 ex
1530 2052 1713 2134 requiritur.
1746 2047 1869 2113 Paulus
1892 2060 1999 2112 autem
2020 2059 2132 2128 aperte
2155 2047 2196 2111 de
2218 2048 2411 2110 remissione
2421 2067 2499 2130 pec·

517 2133 671 2220 operibus
693 2133 889 2198 iustihcatur
915 2134 1032 2212 homo,
1061 2144 1094 2196 et
1121 2154 1187 2198 non
1210 2155 1253 2197 ex
1281 2133 1345 2196 fide
1367 2132 1484 2198 solum.
1530 2147 1678 2199 catorum
1699 2131 1854 2217 loquitur,
1878 2145 1910 2196 et
1931 2132 2193 2196 iustificationem
2215 2126 2366 2215 intelligit
2388 2134 2499 2196 remis·

516 2218 569 2282 Ac
600 2217 729 2282 videtur
765 2217 907 2281 lacobus
940 2218 1063 2281 diserte
1095 2216 1182 2281 hanc
1213 2219 1410 2280 sententiam
1443 2237 1484 2282 eo
1529 2220 1657 2283 sionem
1687 2229 1900 2300 pcccatorum
1933 2227 1965 2279 et.
1998 2212 2311 2292 reconciliationem,
2345 2234 2406 2280 seu
2426 2236 2500 2279 eam

516 2297 654 2366 consilio
681 2303 854 2383 posuisse,
892 2313 928 2364 ut
955 2302 1093 2365 adderet
1121 2300 1214 2365 Pauli
1246 2303 1341 2365 dictis
1376 2321 1486 2366 corra-
1529 2304 1805 2386 acceptationem,
1837 2322 1902 2385 qua
1934 2318 2078 2383 persona
2113 2318 2224 2363 coram
2256 2297 2330 2362 Deo
2363 2310 2501 2382 accepta

516 2385 673 2462 monem,
707 2397 739 2448 et
770 2386 957 2449 emendaret
989 2384 1215 2463 Exclusivam,
1254 2386 1295 2449 de
1332 2406 1397 2469 qua
1430 2405 1485 2450 su·
1531 2399 1600 2460 cst3
1637 2385 1721 2449 haec
1755 2399 1863 2448 autem
1903 2385 2094 2469 contingunt
2133 2403 2192 2466 per
2231 2383 2499 2449 misericordiam.

515 2487 576 2552 pra
607 2470 729 2533 dictum
760 2479 822 2531 eat.
876 2468 1034 2552 Equidem
1067 2489 1134 2533 non
1166 2490 1239 2533 sum
1265 2489 1418 2556 pugnax,
1453 2480 1486 2532 et
1529 2471 1635 2552 Spero
1658 2471 1755 2533 bonis
1776 2470 1855 2532 viris
1879 2469 2007 2533 abunda
2029 2465 2234 2531 satisfactum
2256 2486 2333 2529 esse
2360 2465 2500 2532 deloco

517 2548 610 2616 soleo
625 2548 779 2615 facillime
790 2553 975 2635 transigere
992 2574 1065 2616 cum
1081 2553 1293 2630 adversariis,
1314 2574 1379 2617 non
1391 2571 1485 2635 pror·
1528 2555 1650 2631 iacobi,
1671 2554 1865 2635 praesertim
1878 2573 1950 2616 cum
1972 2573 2034 2637 ego
2057 2551 2185 2654 riparia
2205 2553 2339 2634 proprie
2359 2564 2499 2616 teneam.

516 2654 575 2698 sus
595 2637 726 2718 iniquis.
758 2635 913 2699 Libenter
934 2638 1032 2720 igitur
1052 2639 1220 2701 assentior
1230 2637 1364 2714 lacobo,
1386 2637 1485 2700 modo
1529 2634 1594 2711 lili,
1629 2639 1684 2720 qui
1705 2635 1885 2720 affingunt,
1919 2638 2006 2719 quod
2036 2638 2260 2699 remissionem
2287 2647 2499 2718 peccatorum

396 2728 400 2734 '
516 2737 558 2783 ne
577 2715 781 2803 affingantnr
802 2719 831 2781 ei
859 2730 916 2781 aut
937 2721 1103 2784 absurdae
1130 2723 1299 2805 opiniones
1327 2732 1385 2784 aut
1406 2718 1485 2784 alie·
1529 2740 1772 2803 consequamur
1793 2732 1929 2804 propter
1958 2721 2147 2805 dignitatem
2169 2739 2323 2800 operum,
2347 2731 2378 2782 et
2401 2721 2498 2784 iidem

516 2821 580 2866 nae
601 2805 794 2866 sententiae.
837 2801 909 2865 Nec
931 2824 1014 2885 opus
1036 2817 1086 2868 est
1107 2804 1226 2888 procul
1248 2825 1408 2889 quaerere
1438 2805 1484 2866 in·
1529 2825 1593 2868 non
1631 2806 1810 2886 prodesse,
1850 2805 1912 2866 nisi
1949 2816 2083 2886 propter
2122 2805 2311 2889 dignitatem
2351 2824 2499 2886 operum,

516 2888 799 2968 terpretationem,
826 2887 900 2968 ipsa
930 2889 1033 2950 verba
1062 2891 1275 2971 aspiciamus.
1326 2889 1362 2953 Si
1392 2888 1484 2952 laco·
1528 2900 1666 2952 assuunt
1699 2890 1877 2952 sententias
1910 2885 2034 2951 alienas
2074 2888 2210 2965 lacoho,
2256 2890 2320 2952 irno
2354 2910 2498 2952 corrum-

517 2971 578 3032 bus
599 2966 750 3054 intelligit
771 2968 885 3045 iidem,
914 2972 1059 3035 notitiam
1082 2973 1252 3049 historiae,
1297 2972 1484 3035 uemadmo·
1527 2983 1607 3056 punt
1630 2972 1705 3035 iidei
1727 2970 1987 3055 appellationem.
2037 2974 2121 3036 Nam
2144 2971 2244 3050 iides,
2271 2985 2308 3036 ut
2329 2975 2372 3037 sit
2395 2985 2497 3053 certa,

516 3052 591 3116 dum
611 3052 659 3115 ait
680 3053 726 3134 [2
747 3053 827 3132 19.]:
850 3053 1041 3118 Daemones
1064 3058 1218 3135 credunt,
1240 2995 1329 3120 nullia
1353 3067 1484 3118 contro·
1527 3058 1626 3120 dehet
1653 3068 1776 3119 lantrun
1803 3057 2028 3120 misericordia
2051 3059 2119 3119 niti.
2163 3055 2277 3129 Qualis
2309 3057 2498 3122 carnificina

515 3135 624 3202 versia
646 3148 707 3201 est.
751 3137 793 3201 Et
820 3149 890 3202 tota
918 3137 973 3202 illa
996 3139 1107 3204 lacobi
1134 3142 1250 3205 concio
1278 3139 1421 3223 loquitur
1443 3141 1484 3203 de
1528 3143 1588 3204 erit
1611 3140 1847 3218 conscientiae,
1875 3141 1904 3203 si
1926 3142 1975 3203 sic
1997 3141 2202 3204 sentiendum
2225 3143 2303 3206 erit:
2333 3155 2410 3206 tunc
2437 3142 2496 3205 ha-

514 3226 636 3290 iustitia
658 3244 802 3308 operum,
826 3243 891 3286 non
910 3224 951 3287 de
967 3225 1161 3289 remissione
1172 3234 1394 3307 peccatorum,
1417 3243 1484 3288 non
1528 3227 1606 3288 bere
1628 3244 1690 3288 nos
1713 3226 1939 3288 remissionem
1960 3238 2183 3306 peccatorum,
2207 3246 2281 3290 cum
2293 3247 2391 3310 opera
2402 3235 2495 3289 tanto

516 3313 556 3374 de
576 3308 633 3374 illo
654 3330 675 3373 a
722 3328 763 3372 ne
786 3308 1024 3385 conscientiae,
1053 3309 1182 3391 dequo
1210 3308 1388 3371 aitDavid
1411 3307 1482 3388 [Ps.
1526 3310 1625 3391 digna
1646 3309 1808 3372 beneiicio
1830 3307 2012 3372 habemus?
2055 3309 2146 3372 llaec
2163 3309 2351 3394 imaginatio
2368 3321 2400 3374 et
2417 3329 2495 3372 con·

517 3393 662 3472 lta,a.]=
716 3413 758 3454 on
782 3390 1014 3454 iustificabitur
1035 3394 1067 3454 in
1090 3402 1272 3474 conspectu
1298 3402 1355 3454 tuo
1377 3393 1483 3456 omnis
1525 3394 1681 3456 scientias
1704 3393 1747 3456 ad
1768 3393 2028 3475 desperationem
2048 3393 2165 3476 adigit,
2188 3404 2219 3456 et
2242 3391 2379 3478 gloriam
2401 3391 2495 3458 Chri-

515 3478 640 3540 vivens.
683 3474 768 3538 Nam
790 3471 913 3537 Paulus
942 3474 1093 3562 intelligit
1122 3476 1220 3541 iidem
1246 3475 1399 3540 fiduciam
1425 3477 1483 3538 mi·
1526 3479 1568 3541 sti
1590 3477 1709 3553 obruit,
1732 3487 1765 3540 et
1781 3476 1877 3540 iidem
1894 3474 2016 3555 abolet,
2039 3496 2140 3560 quare
2158 3489 2289 3542 nonest
2307 3473 2496 3565 effingenda

515 3559 724 3634 sericordiae,
745 3579 811 3641 qua
827 3559 1016 3639 accipienda
1034 3571 1085 3622 est
1102 3560 1253 3622 remissio
1271 3571 1483 3642 peccatorum
1525 3560 1664 3634 lacob03
1687 3562 1748 3624 sed
1770 3572 1938 3623 teneamus
1966 3561 1999 3621 τὸ
2026 3560 2111 3644 ῥητὸν
2132 3558 2338 3643 simpliciter,
2366 3573 2402 3628 ut
2419 3563 2497 3640 dixi,

515 3653 548 3706 et
568 3639 739 3706 liberanda
761 3643 962 3706 conscientia
984 3663 1005 3705 a
1022 3645 1203 3707 terroribus
1219 3643 1358 3724 peccati.
1389 3643 1483 3707 llaec
1525 3646 1597 3707 sine
1619 3644 1670 3707 his
1693 3646 1845 3707 absurdis
1869 3645 2086 3726 opinionibus.

514 3725 633 3792 fidncia
658 3746 723 3789 non
749 3737 861 3807 potest
887 3727 984 3790 tribui
1011 3725 1155 3790 diabolo.
1205 3725 1241 3789 Si
1270 3727 1369 3811 igitur
1390 3727 1505 3796 laco-1
1611 3725 1773 3809 Pleraque
1794 3727 1859 3790 alia
1876 3729 1963 3790 dicta
1977 3725 2055 3791 alibi
2071 3730 2151 3791 satis
2170 3731 2401 3812 interpretatus
2412 3751 2496 3796 surn.

514 3812 576 3873 bus
597 3806 684 3872 aliud
706 3807 858 3894 intelligit
880 3809 995 3885 iidem,
1018 3831 1116 3892 quarn
1145 3808 1288 3885 Paulus,
1317 3806 1396 3872 nihil
1418 3811 1481 3874 dis·
1526 3811 1571 3891 [l.
1584 3811 1662 3874 Cor.
1677 3811 1727 3886 13,
1739 3812 1785 3887 2]
1806 3810 1841 3872 St
1854 3831 1982 3873 ornnem
2000 3811 2095 3875 iidem
2113 3810 2264 3892 habeam,
2287 3811 2497 3880 dilectionem

514 3894 631 3956 sident.
662 3891 709 3953 Ut
731 3895 815 3955 enim
837 3892 978 3956 lacobus
1000 3914 1075 3956 cnm
1096 3893 1208 3957 notitia
1230 3891 1400 3970 historiae,
1421 3913 1483 3958 seu
1524 3906 1632 3957 autem
1660 3915 1726 3957 non
1747 3891 1904 3970 habeam,
1932 3892 2010 3958 nihil
2031 3917 2114 3960 sum.
2158 3895 2218 3960 Hic
2243 3897 2366 3962 Paulus
2396 3901 2496 3961 docet

513 3971 732 4058 professione,
754 3976 888 4058 requirit
908 3977 996 4039 bona
1019 3995 1137 4058 opera;
1159 3978 1209 4039 sic
1220 3987 1253 4039 et
1264 3973 1386 4039 Paulus
1398 3977 1483 4040 inter
1524 3979 1744 4041 necessariam
1767 3997 1843 4041 esse
1866 3977 2089 4056 dilectionem,
2111 4001 2170 4044 seu
2191 3981 2404 4044 obedientiam
2432 4003 2492 4043 no·

515 4069 626 4129 cetera
652 4059 737 4126 hona
769 4078 870 4143 opera
901 4061 1036 4142 requirit
1067 4071 1101 4122 et
1132 4061 1281 4124 notitiam
1312 4059 1480 4138 historiae,
1523 4073 1636 4124 stram.
1682 4061 1716 4123 ld
1744 4082 1807 4146 ego
1833 4082 1964 4146 quoqne
1987 4064 2049 4127 iarn
2076 4066 2171 4127 toties
2193 4065 2266 4128 dlxi.
2308 4063 2379 4126 Nec
2406 4082 2491 4128 vero

514 4171 575 4216 seu
601 4145 841 4232 professionem
869 4142 1081 4207 articulorum
1115 4143 1201 4206 fidei.
1256 4143 1386 4207 interim
1412 4141 1480 4206 alia
1524 4146 1602 4208 dicit
1622 4142 1745 4210 Paulus
1772 4148 1891 4209 remitti
1920 4159 2057 4229 peccata
2077 4159 2211 4231 propter
2236 4157 2380 4211 nostram
2409 4145 2490 4212 dile·

514 4234 689 4316 disputatio
711 4243 779 4295 cst:
802 4229 966 4312 quomodo
989 4247 1232 4311 consequamur
1253 4231 1480 4291 remissionem
1524 4229 1675 4294 ctionem.

515 4327 737 4400 peccatorum,
759 4334 803 4376 an
823 4325 958 4396 propter
979 4312 1169 4395 dignitatem
1193 4331 1328 4396 operum
1349 4323 1479 4374 nostro·
1609 4312 1700 4390 {an
1712 4313 1744 4389 6,
1756 4313 1808 4376 37.
1817 4319 1840 4391 2]
1862 4312 2071 4377 Remittiteet
2089 4317 2268 4380 remittetur
2284 4317 2391 4394 vobis,
2414 4337 2493 4381 con·

514 4422 596 4476 rum,
617 4419 661 4461 an
683 4417 762 4461 vero
784 4417 844 4478 par
865 4395 1144 4461 misericordiam?
1175 4394 1480 4478 Haecestsimplex
1523 4397 1573 4459 cio
1596 4407 1647 4459 cst
1664 4397 1705 4460 de
1723 4399 1930 4479 poenitentia.
1968 4397 2063 4460 Prior
2073 4419 2151 4482 pars
2170 4401 2329 4482 praecipit
2350 4403 2391 4464 de
2412 4420 2492 4483 poe·

514 4495 547 4547 et
569 4503 646 4546 sera
669 4483 852 4562 responsio.
896 4482 963 4545 Sed
984 4482 1125 4544 morosis
1139 4479 1259 4542 addam
1278 4492 1310 4543 et
1328 4477 1478 4542 alteram.
1522 4481 1673 4557 nitentia,
1711 4482 1856 4544 secunda
1889 4480 1982 4544 offert
2016 4484 2238 4547 remissionem
2269 4495 2492 4568 peccatorum.

513 4566 649 4630 Etianrsi
670 4566 712 4628 de
733 4564 798 4627 fide
819 4584 911 4628 more
934 4562 1026 4627 Pauli
1049 4562 1253 4647 loqueretur,
1280 4574 1389 4626 tamen
1402 4583 1478 4625 con·
1522 4565 1592 4627 Nec
1615 4565 1706 4627 assui
1728 4565 1843 4641 debet,
1871 4565 1958 4648 quod
1985 4567 2152 4651 contingat
2178 4570 2327 4633 remissio
2355 4581 2494 4716 lmffi

515 4649 614 4724 cedo,
647 4661 684 4711 ut
710 4649 774 4710 iarn
803 4667 905 4730 saepe
932 4650 1012 4725 diui,
1035 4660 1206 4730 utramque
1234 4648 1388 4710 iustitiam
1422 4667 1480 4710 ne·
1522 4649 1709 4730 dignitatem
1731 4661 1865 4711 nostrae
1887 4649 2153 4724 condonationis3
2180 4651 2230 4715 Ne
2254 4671 2295 4715 ue
2318 4673 2403 4716 euun

514 4731 694 4797 cessariam
726 4749 820 4807 osse,
856 4733 1009 4795 iustitiam
1038 4730 1112 4792 fidei
1145 4740 1177 4793 et
1211 4733 1367 4794 iustitiam
1400 4751 1478 4814 ope·
1521 4730 1673 4795 Christus
1696 4733 1784 4808 dicit,
1806 4734 1894 4795 utin
1916 4736 2078 4797 sententia
2100 4673 2316 4814 [les.l,l6.t=
2338 4735 2492 4801 Desinite

513 4837 595 4879 ruru-
627 4815 695 4878 Sed
716 4811 800 4876 haec
820 4817 993 4895 posterior,
1014 4813 1166 4878 uidelicet
1180 4815 1303 4878 institia
1320 4816 1478 4877 bonorum
1521 4813 1604 4878 mala
1626 4813 1754 4888 iacere3
1776 4825 1808 4877 et
1828 4818 1974 4898 sequitur
1995 4830 2111 4900 postea
2123 4819 2212 4899 [ibid.
2226 4820 2256 4896 l,
2271 4819 2349 4898 181:
2372 4819 2407 4882 Si
2419 4817 2491 4884 iue-

513 4917 665 4980 operum,
687 4909 825 4960 nonest
847 4900 985 4974 institia,
1014 4917 1099 4982 quae
1121 4898 1225 4981 possit
1255 4900 1375 4980 opponi
1397 4898 1477 4961 iudi·
1519 4901 1741 4980 rintpeccata
1763 4908 1874 4961 vestra
1895 4911 1930 4963 ut
1951 4904 2119 4966 coccinum
2143 4913 2205 4965 etc.
2229 4905 2345 4968 iterum
2377 4901 2489 4968 eluen-

513 4983 565 5044 cio
599 4978 681 5056 Dei,
713 5000 774 5043 nec
800 4979 910 5062 placet
939 4983 1000 5045 nisi
1033 4984 1064 5044 in
1098 4979 1328 5054 reconciliatis.
1381 4980 1477 5044 Prius
1520 4994 1581 5044 tur.
1625 4979 1686 5044 llic
1709 4983 1793 5044 etin
1823 4981 1981 5048 similibus
2003 4987 2097 5051 dictis
2125 5006 2192 5049 non
2221 4997 2272 5050 est
2301 4987 2409 5050 statim
2432 5008 2488 5052 as·

513 5065 611 5148 igitur
638 5065 868 5146 consequimur
890 5067 1114 5128 remissionem
1134 5076 1364 5145 peccatorum,
1387 5077 1419 5128 et
1440 5063 1478 5126 fit
1520 5065 1687 5142 suendum,
1709 5066 1797 5148 quod
1818 5079 1952 5150 propter
1973 5081 2117 5134 nostram
2139 5071 2366 5136 contritionem
2380 5073 2489 5135 remit·

512 5166 655 5228 persona
683 5147 786 5222 iusta,
813 5147 846 5210 id
875 5157 943 5222 ast,
970 5161 1108 5230 accepta
1134 5167 1193 5228 per
1220 5149 1477 5212 misericordiam
1519 5159 1628 5213 tantur
1658 5159 1813 5232 peccata3
1852 5153 1913 5215 sed
1950 5153 2119 5217 sciendum
2151 5165 2203 5218 est
2234 5153 2489 5236 promissionem

513 5242 648 5313 propter
669 5228 850 5305 Christum,
872 5228 947 5304 fide,
969 5248 1034 5292 non
1056 5244 1192 5312 propter
1213 5232 1403 5316 dignitatem
1425 5251 1478 5294 se·
1520 5241 1672 5314 oportere
1693 5231 1758 5294 iide
1778 5235 1892 5314 accipi.
1921 5233 2056 5300 Gratum
2079 5247 2131 5300 est
2152 5248 2261 5302 autern
2281 5239 2314 5301 in
2335 5235 2388 5300 his
2410 5256 2487 5300 sen·

512 5312 866 5395 quentisobedientiae.
895 5310 1018 5374 Postea
1033 5333 1113 5375 vero
1135 5333 1152 5374 s
1195 5334 1277 5378 uens
1291 5315 1478 5378 obedientia
1519 5316 1640 5391 tentiis,
1662 5317 1750 5399 quad
1771 5319 1862 5398 operi
1883 5329 1997 5382 nostro
2013 5319 2123 5384 addita
2139 5331 2191 5384 est
2207 5321 2395 5404 promissio,
2417 5339 2487 5386 non

512 5410 562 5459 est
579 5397 711 5471 iustitia,
732 5393 796 5457 hoc
807 5407 869 5470 est,
886 5392 994 5477 placet
1004 5395 1087 5458 Deo.
1110 5395 1185 5460 Nihi
1210 5409 1261 5461 est
1271 5399 1477 5474 incommodi,
1520 5400 1608 5481 quod
1629 5417 1671 5461 ex
1694 5400 1851 5484 dignitate
1873 5403 1975 5466 nostri
1996 5403 2106 5482 operis
2189 5403 2276 5482 dent,
2298 5403 2359 5468 aed
2379 5415 2486 5470 utno-

512 5480 540 5541 si
566 5477 630 5542 hoc
657 5480 753 5543 modo
780 5479 959 5559 accipiatur
986 5480 1106 5545 dictum
1128 5479 1237 5560 [Rom.
1248 5481 1295 5559 4.]
1318 5479 1476 5545 iustifica·
1518 5492 1620 5546 strum
1642 5501 1725 5565 opus
1747 5483 1789 5546 sit
1804 5485 1945 5568 signum,
1966 5495 1999 5548 at
2014 5481 2106 5550 velut
2394 5487 2485 5572 qaod
